22492 28960
21495.0 184.0 28.0 80.0 ;
21531.0 200.0 44.0 60.0 *
21611.0 180.0 92.0 48.0 "

13168.0 588.0 28.0 64.0 j

4752.0 760.0 2000.0 788.0 THE
7616.0 780.0 3472.0 792.0 OMAHA
11935.0 776.0 3600.0 792.0 SUNDAY

1140.0 2080.0 1712.0 204.0 SIXTEENTH
2992.0 2088.0 856.0 196.0 YEAE.
7088.0 2108.0 1120.0 212.0 OMAHA.
8444.0 2116.0 1192.0 196.0 SUNDAY
9912.0 2112.0 1316.0 196.0 MORNING
11244.0 2236.0 48.0 84.0 ,
11540.0 2108.0 1036.0 204.0 MARCH
12792.0 2116.0 116.0 180.0 0
12928.0 2240.0 40.0 68.0 ,
13175.0 2116.0 2016.0 196.0 1SS7.--TWELYE
15316.0 2124.0 984.0 196.0 PAGES.
20148.0 2132.0 1240.0 196.0 NUMBER
21596.0 2140.0 384.0 180.0 260

1160.0 2608.0 768.0 328.0 WHAT
2024.0 2600.0 632.0 332.0 DOES
2768.0 2596.0 248.0 328.0 IT
3144.0 2596.0 712.0 320.0 MEAN
3872.0 2596.0 112.0 320.0 ?

1168.0 3348.0 736.0 176.0 Speculation
1992.0 3352.0 264.0 132.0 Eifo
2352.0 3368.0 124.0 112.0 nt
2576.0 3340.0 324.0 140.0 Parii
2956.0 3384.0 124.0 88.0 ns
3132.0 3356.0 116.0 112.0 to
3300.0 3328.0 680.0 168.0 DcLessops"

2020.0 3560.0 468.0 132.0 Mission
2544.0 3576.0 116.0 112.0 to
2708.0 3552.0 420.0 132.0 Berlin.

1180.0 3988.0 144.0 112.0 IS
1568.0 3988.0 152.0 112.0 IT
1952.0 3992.0 96.0 104.0 A
2280.0 3972.0 1048.0 116.0 DIPLOMATIC
3568.0 3972.0 344.0 112.0 ONE
3928.0 3972.0 68.0 112.0 ?

1172.0 4424.0 264.0 128.0 War
1484.0 4416.0 544.0 132.0 Believed
2084.0 4432.0 116.0 116.0 to
2252.0 4420.0 160.0 128.0 Be
2468.0 4416.0 464.0 136.0 Certain
2984.0 4416.0 540.0 132.0 Between
3580.0 4412.0 424.0 136.0 Eussia

2176.0 4631.0 228.0 132.0 and
2464.0 4631.0 476.0 132.0 Austria
2952.0 4716.0 24.0 44.0 ,

1176.0 5056.0 336.0 116.0 THE
1596.0 5060.0 640.0 108.0 LATEST
2348.0 5052.0 668.0 116.0 FRENCH
3112.0 5048.0 884.0 116.0 FASHIONS.

1184.0 5500.0 360.0 128.0 Three
1640.0 5496.0 712.0 164.0 Interesting
2452.0 5488.0 556.0 136.0 Criminal
3104.0 5492.0 596.0 128.0 Incidents
3796.0 5492.0 168.0 124.0 Re-

1520.0 5708.0 400.0 164.0 ported
1968.0 5711.0 332.0 124.0 From
2360.0 5711.0 188.0 124.0 the
2628.0 5708.0 276.0 164.0 Oity
2980.0 5708.0 128.0 124.0 of
3164.0 5700.0 500.0 132.0 London.

1184.0 6136.0 100.0 108.0 A
1472.0 6132.0 776.0 112.0 TERRIFIC
2472.0 6128.0 420.0 112.0 MINE
3120.0 6128.0 876.0 112.0 DISASTER.

1184.0 6559.0 288.0 96.0 Ono
1528.0 6556.0 656.0 100.0 Hundred
2248.0 6568.0 268.0 92.0 and
2620.0 6559.0 364.0 116.0 Fifty
3080.0 6559.0 504.0 96.0 Minors
3680.0 6556.0 332.0 96.0 hose

1424.0 6732.0 412.0 100.0 Their
1952.0 6732.0 284.0 96.0 Ijlfc
2348.0 6732.0 136.0 96.0 in
2616.0 6732.0 608.0 108.0 Mclututn
3344.0 6728.0 184.0 116.0 By
3600.0 6752.0 176.0 72.0 nil

1660.0 6900.0 704.0 120.0 Explosion
2416.0 6908.0 152.0 88.0 of
2628.0 6900.0 308.0 96.0 Flro
2988.0 6900.0 432.0 116.0 Damp

1840.0 7076.0 428.0 96.0 Other
2316.0 7068.0 580.0 116.0 Foreign
2952.0 7064.0 404.0 104.0 NCWH.

1852.0 7487.0 464.0 96.0 Points
2432.0 7487.0 396.0 100.0 From
2928.0 7480.0 416.0 100.0 Paris.

1984.0 7635.0 16.0 80.0 :
2044.0 7632.0 40.0 84.0 ;
2092.0 7632.0 164.0 84.0 MJ7
2296.0 7628.0 32.0 84.0 l
2328.0 7652.0 24.0 60.0 >
2364.0 7648.0 56.0 80.0 u
2456.0 7628.0 336.0 88.0 James
2840.0 7624.0 180.0 88.0 Gin
3044.0 7624.0 204.0 84.0 don
3296.0 7620.0 448.0 88.0 Ucnnctt.
3756.0 7616.0 36.0 108.0 }

1844.0 7756.0 380.0 100.0 Maich
2332.0 7760.0 88.0 96.0 5.
2568.0 7752.0 32.0 124.0 [
2616.0 7748.0 284.0 108.0 New
3060.0 7744.0 320.0 104.0 York
3572.0 7740.0 440.0 108.0 Herald

1188.0 7900.0 340.0 100.0 Cable
1656.0 7896.0 440.0 124.0 Special
2168.0 7896.0 112.0 100.0 to
2404.0 7892.0 188.0 104.0 the
2704.0 7892.0 264.0 104.0 BKE
2992.0 7892.0 20.0 120.0 |
3160.0 7888.0 664.0 108.0 DeLesseps
3920.0 7888.0 100.0 100.0 is

1184.0 8040.0 336.0 124.0 again
1568.0 8044.0 112.0 96.0 to
1728.0 8040.0 188.0 100.0 the
1968.0 8040.0 272.0 100.0 fore.
2368.0 8032.0 248.0 108.0 The
2672.0 8032.0 432.0 108.0 French
3156.0 8027.0 372.0 128.0 object
3628.0 8032.0 116.0 104.0 to
3840.0 8027.0 180.0 104.0 his

1184.0 8183.0 340.0 120.0 being
1572.0 8183.0 260.0 100.0 sent
1880.0 8183.0 116.0 100.0 to
2036.0 8175.0 380.0 108.0 Berlin
2476.0 8175.0 416.0 124.0 merely
2948.0 8183.0 112.0 96.0 to
3104.0 8200.0 436.0 100.0 convey
3612.0 8179.0 116.0 96.0 to
3844.0 8172.0 180.0 108.0 his

1188.0 8324.0 380.0 104.0 friend
1624.0 8324.0 144.0 104.0 M.
1836.0 8320.0 532.0 108.0 Hoibetle
2376.0 8400.0 24.0 48.0 ,
2456.0 8320.0 188.0 108.0 the
2680.0 8320.0 368.0 124.0 grand
3092.0 8316.0 420.0 112.0 cordon
3608.0 8320.0 124.0 100.0 of
3832.0 8320.0 192.0 100.0 the

1188.0 8468.0 436.0 128.0 Legion
1676.0 8472.0 124.0 100.0 of
1844.0 8464.0 436.0 108.0 Honor.
2408.0 8464.0 172.0 104.0 To
2628.0 8464.0 284.0 108.0 send
2984.0 8464.0 228.0 104.0 this
3284.0 8464.0 428.0 124.0 "giand
3836.0 8460.0 188.0 108.0 old

1188.0 8608.0 344.0 112.0 man"
1588.0 8616.0 124.0 96.0 of
1756.0 8612.0 432.0 104.0 Franco
2236.0 8636.0 148.0 80.0 on
2436.0 8616.0 272.0 104.0 such
2752.0 8636.0 144.0 76.0 an
2948.0 8636.0 100.0 76.0 PI
3076.0 8608.0 284.0 104.0 rand
3452.0 8604.0 88.0 108.0 1'
3552.0 8684.0 28.0 48.0 ,
3688.0 8632.0 124.0 80.0 as
3932.0 8608.0 88.0 100.0 it

68.0 8688.0 312.0 332.0 rf
1188.0 8784.0 304.0 80.0 were
1496.0 8832.0 24.0 44.0 ,
1644.0 8752.0 496.0 116.0 sending
2244.0 8780.0 144.0 76.0 an
2464.0 8752.0 540.0 128.0 elephant
3108.0 8764.0 116.0 92.0 to
3332.0 8748.0 208.0 108.0 kill
3660.0 8780.0 68.0 76.0 a
3832.0 8748.0 184.0 124.0 fly.

68.0 8884.0 80.0 208.0 I
488.0 8940.0 88.0 144.0 v
1192.0 8896.0 808.0 112.0 Nevertheless
2012.0 8972.0 20.0 52.0 ,
2092.0 8896.0 148.0 108.0 M.
2296.0 8896.0 556.0 108.0 Flourens
2944.0 8892.0 188.0 108.0 the
3240.0 8892.0 528.0 108.0 minister
3852.0 8896.0 180.0 100.0 for

1196.0 9052.0 448.0 116.0 foreign
1736.0 9044.0 384.0 100.0 affairs
2128.0 9116.0 28.0 48.0 ,
2252.0 9068.0 124.0 80.0 as
2480.0 9040.0 252.0 108.0 well
2828.0 9064.0 124.0 80.0 as
3056.0 9036.0 148.0 108.0 all
3296.0 9036.0 188.0 108.0 the
3592.0 9036.0 436.0 108.0 French

1196.0 9192.0 432.0 100.0 officers
1636.0 9263.0 24.0 44.0 ,
1708.0 9183.0 272.0 108.0 with
2036.0 9208.0 64.0 80.0 a
2144.0 9179.0 608.0 124.0 solemnity
2800.0 9183.0 644.0 124.0 sngcestlvo
3488.0 9183.0 124.0 100.0 of
3656.0 9179.0 376.0 116.0 Edgar

1200.0 9328.0 332.0 108.0 Poe's
1588.0 9331.0 464.0 104.0 "Haven
2068.0 9400.0 24.0 52.0 ,
2108.0 9324.0 72.0 60.0 "
2232.0 9328.0 444.0 104.0 declare
2724.0 9328.0 244.0 104.0 that
3016.0 9324.0 88.0 108.0 It
3140.0 9324.0 92.0 108.0 Is
3348.0 9324.0 348.0 124.0 "only
3804.0 9324.0 228.0 104.0 this

1204.0 9472.0 228.0 108.0 and
1484.0 9472.0 492.0 124.0 nothing
2040.0 9495.0 340.0 80.0 more.
2396.0 9468.0 68.0 60.0 "
2596.0 9464.0 52.0 112.0 1
2764.0 9480.0 228.0 92.0 met
3108.0 9468.0 148.0 104.0 M.
3376.0 9468.0 656.0 124.0 DeLesseps

1208.0 9620.0 188.0 104.0 tlio
1448.0 9612.0 320.0 108.0 other
1812.0 9612.0 492.0 120.0 evening
2392.0 9616.0 120.0 104.0 at
2596.0 9636.0 68.0 84.0 a
2736.0 9612.0 360.0 104.0 soiree
3180.0 9612.0 336.0 124.0 given
3604.0 9612.0 148.0 120.0 by
3840.0 9608.0 192.0 104.0 the

1208.0 9760.0 564.0 108.0 Countess
1880.0 9756.0 460.0 108.0 Kessler
2344.0 9832.0 24.0 44.0 ,
2488.0 9756.0 372.0 108.0 where
2988.0 9752.0 140.0 108.0 ho
3292.0 9760.0 452.0 96.0 seemed
3912.0 9752.0 120.0 100.0 to

1204.0 9904.0 420.0 116.0 keenly
1792.0 9900.0 340.0 108.0 relish
2244.0 9904.0 188.0 100.0 the
2536.0 9896.0 444.0 108.0 charms
3084.0 9900.0 124.0 100.0 of
3356.0 9896.0 256.0 104.0 four
3760.0 9892.0 228.0 108.0 dell

1204.0 10044.0 432.0 124.0 clously
1760.0 10048.0 372.0 124.0 pretty
2300.0 10072.0 440.0 76.0 women
2916.0 10044.0 116.0 100.0 in
3224.0 10040.0 352.0 104.0 Louis
3712.0 10040.0 316.0 104.0 Fiel/

1204.0 10196.0 500.0 100.0 costume
1752.0 10216.0 124.0 76.0 as
1924.0 10191.0 264.0 120.0 they
2240.0 10183.0 436.0 108.0 danced
2768.0 10187.0 188.0 100.0 the
3052.0 10187.0 444.0 100.0 famous
3588.0 10208.0 444.0 88.0 pavane

1208.0 10331.0 276.0 108.0 with
1536.0 10331.0 144.0 104.0 all
1740.0 10331.0 140.0 100.0 It-s
1948.0 10331.0 500.0 120.0 graceful
2556.0 10328.0 232.0 108.0 and
2876.0 10328.0 416.0 124.0 stately
3400.0 10328.0 624.0 120.0 iryiations.

1204.0 10476.0 584.0 116.0 Although
1836.0 10476.0 232.0 100.0 still
2124.0 10476.0 668.0 120.0 "evergreen
2812.0 10544.0 24.0 48.0 ,
2848.0 10468.0 68.0 56.0 "
3060.0 10472.0 152.0 104.0 M.
3376.0 10472.0 656.0 116.0 DeLesseps

1208.0 10616.0 204.0 104.0 has
1460.0 10620.0 280.0 120.0 aged
1796.0 10616.0 688.0 128.0 perceptibly
2572.0 10616.0 316.0 104.0 since
2980.0 10612.0 172.0 104.0 his
3260.0 10616.0 384.0 100.0 return
3740.0 10620.0 288.0 96.0 from

1212.0 10760.0 568.0 104.0 America.
1908.0 10760.0 220.0 100.0 His
2172.0 10784.0 268.0 100.0 eyes
2488.0 10760.0 284.0 104.0 have
2880.0 10760.0 220.0 100.0 lost
3208.0 10772.0 248.0 108.0 pait
3536.0 10760.0 124.0 96.0 of
3744.0 10756.0 292.0 104.0 their

1212.0 10904.0 488.0 124.0 pristine
1752.0 10904.0 192.0 100.0 lire
1952.0 10980.0 24.0 44.0 ,
2024.0 10904.0 176.0 100.0 his
2284.0 10900.0 240.0 124.0 legs
2628.0 10900.0 432.0 104.0 towaid
3172.0 10896.0 580.0 124.0 midnight
3836.0 10896.0 136.0 104.0 be-

1212.0 11072.0 320.0 80.0 come
1572.0 11076.0 68.0 72.0 a
1684.0 11048.0 296.0 100.0 trifle
2024.0 11044.0 360.0 124.0 shaky
2392.0 11115.0 24.0 52.0 ,
2472.0 11044.0 196.0 108.0 but
2760.0 11048.0 132.0 96.0 he
2940.0 11048.0 308.0 120.0 steps
3296.0 11048.0 340.0 96.0 about
3748.0 11039.0 272.0 104.0 with

1212.0 11187.0 980.0 120.0 hisunparalleled
2232.0 11187.0 488.0 120.0 vivacity
2764.0 11195.0 232.0 96.0 and
3048.0 11183.0 92.0 104.0 Is
3188.0 11216.0 120.0 72.0 as
3344.0 11183.0 364.0 108.0 active
3760.0 11187.0 32.0 120.0 [
3804.0 11183.0 228.0 104.0 and

1216.0 11328.0 564.0 128.0 energetic
1820.0 11360.0 128.0 76.0 as
1988.0 11360.0 288.0 76.0 ever.
2416.0 11332.0 360.0 120.0 Every
2828.0 11332.0 600.0 100.0 afternoon
3524.0 11328.0 500.0 104.0 hoildes

252.0 11528.0 28.0 96.0 \
1216.0 11476.0 484.0 120.0 through
1752.0 11476.0 184.0 104.0 the
1984.0 11472.0 356.0 104.0 bridle
2388.0 11472.0 328.0 128.0 paths
2760.0 11476.0 116.0 96.0 ot
2928.0 11472.0 188.0 104.0 the
3164.0 11472.0 240.0 100.0 bols
3504.0 11472.0 140.0 104.0 do
3752.0 11472.0 240.0 100.0 Bou

1224.0 11624.0 332.0 116.0 logne
1604.0 11643.0 144.0 76.0 on
1804.0 11620.0 172.0 104.0 his
2024.0 11616.0 284.0 104.0 dark
2388.0 11616.0 384.0 104.0 blown
2860.0 11616.0 416.0 104.0 hunter
3360.0 11616.0 116.0 104.0 nt
3564.0 11643.0 68.0 76.0 a
3716.0 11616.0 312.0 100.0 brisk

1216.0 11768.0 224.0 100.0 trot
1448.0 11836.0 24.0 48.0 ,
1528.0 11760.0 536.0 120.0 preceded
2116.0 11760.0 140.0 124.0 by
2312.0 11760.0 176.0 104.0 his
2536.0 11756.0 308.0 128.0 eight
2892.0 11756.0 288.0 104.0 little
3224.0 11760.0 508.0 100.0 children
3792.0 11760.0 172.0 100.0 iral

1220.0 11904.0 392.0 116.0 loplnc
1656.0 11904.0 340.0 120.0 along
2040.0 11904.0 220.0 128.0 pell
2312.0 11900.0 256.0 108.0 mell
2616.0 11928.0 148.0 76.0 on
2820.0 11900.0 288.0 104.0 their
3204.0 11900.0 400.0 128.0 ponies
3696.0 11900.0 232.0 104.0 like
3972.0 11928.0 68.0 76.0 a

1220.0 12076.0 408.0 80.0 swnrin
1676.0 12052.0 120.0 96.0 of
1844.0 12048.0 580.0 104.0 Cossacks.

1332.0 12187.0 52.0 108.0 I
1436.0 12191.0 348.0 104.0 asked
1832.0 12191.0 148.0 100.0 M.
2036.0 12191.0 656.0 128.0 DeLesscps
2724.0 12187.0 500.0 108.0 whether
3276.0 12191.0 44.0 120.0 |
3328.0 12187.0 188.0 104.0 the
3608.0 12187.0 432.0 124.0 reports

1224.0 12360.0 292.0 76.0 were
1592.0 12335.0 240.0 100.0 Into
1880.0 12339.0 340.0 100.0 about
2268.0 12335.0 176.0 104.0 his
2488.0 12332.0 340.0 128.0 being
2940.0 12332.0 708.0 128.0 interrupted
3748.0 12332.0 272.0 104.0 with

1224.0 12503.0 148.0 76.0 an
1432.0 12480.0 620.0 124.0 important

1572.0 12643.0 788.0 84.0 Dll'I.OVIATIO
2416.0 12647.0 492.0 84.0 MISSION
2956.0 12647.0 156.0 80.0 TO
3160.0 12643.0 504.0 84.0 I1KRMN.

1336.0 12764.0 180.0 100.0 Ho
1556.0 12764.0 244.0 104.0 said
1828.0 12788.0 28.0 80.0 :
1956.0 12772.0 24.0 48.0 '
1996.0 12768.0 208.0 104.0 'No
2228.0 12792.0 32.0 100.0 ;
2316.0 12768.0 52.0 100.0 I
2420.0 12768.0 368.0 104.0 would
2844.0 12768.0 128.0 100.0 bo
3024.0 12792.0 268.0 96.0 very
3336.0 12768.0 260.0 120.0 glad
3656.0 12768.0 88.0 100.0 It
3796.0 12792.0 224.0 96.0 you

1220.0 12912.0 372.0 108.0 would
1660.0 12908.0 800.0 124.0 emphatically
2544.0 12912.0 304.0 108.0 denv
2940.0 12912.0 248.0 104.0 that
3276.0 12908.0 56.0 104.0 I
3432.0 12912.0 288.0 100.0 have
3812.0 12932.0 228.0 100.0 any

1212.0 13060.0 324.0 96.0 other
1576.0 13052.0 368.0 124.0 object
1988.0 13052.0 116.0 104.0 in
2156.0 13052.0 348.0 124.0 going
2552.0 13060.0 112.0 96.0 to
2716.0 13052.0 392.0 104.0 Bnilln
3184.0 13052.0 272.0 104.0 than
3556.0 13056.0 116.0 100.0 to
3760.0 13076.0 212.0 80.0 con-

1212.0 13224.0 212.0 100.0 voy
1468.0 13195.0 188.0 104.0 the
1704.0 13195.0 500.0 116.0 insignia
2248.0 13195.0 124.0 104.0 of
2420.0 13195.0 188.0 108.0 tlio
2668.0 13195.0 364.0 116.0 grand
3096.0 13195.0 420.0 100.0 cordon
3616.0 13195.0 128.0 100.0 of
3836.0 13195.0 192.0 100.0 the

1216.0 13339.0 432.0 124.0 Legion
1696.0 13339.0 124.0 100.0 of
1868.0 13335.0 400.0 108.0 Honor
2316.0 13339.0 112.0 100.0 to
2492.0 13364.0 188.0 92.0 my
2728.0 13335.0 384.0 104.0 filond
3160.0 13335.0 152.0 104.0 M.
3372.0 13335.0 568.0 104.0 Herbetle.
3960.0 13335.0 24.0 56.0 '
4004.0 13335.0 24.0 12.0 "

1332.0 13488.0 152.0 100.0 M.
1576.0 13484.0 660.0 112.0 DuLosseps
2324.0 13480.0 268.0 104.0 then
2680.0 13480.0 460.0 128.0 quickly
3216.0 13480.0 516.0 112.0 changed
3824.0 13480.0 208.0 100.0 the

1216.0 13624.0 784.0 112.0 conveisation
2056.0 13636.0 112.0 92.0 to
2220.0 13624.0 500.0 104.0 Panama
2732.0 13700.0 20.0 44.0 ,
2828.0 13628.0 232.0 100.0 and
3140.0 13624.0 604.0 112.0 expressed
3840.0 13624.0 192.0 104.0 the

1216.0 13776.0 428.0 100.0 utmost
1684.0 13772.0 656.0 104.0 confidence
2408.0 13792.0 120.0 76.0 as
2612.0 13776.0 120.0 96.0 to
2808.0 13768.0 152.0 100.0 Its
3024.0 13764.0 624.0 104.0 successful
3732.0 13792.0 248.0 76.0 com

1220.0 13916.0 464.0 124.0 plotlon.
1812.0 13912.0 248.0 100.0 The
2112.0 13912.0 228.0 100.0 fact
2388.0 13908.0 96.0 104.0 Is
2532.0 13912.0 244.0 104.0 that
2828.0 13908.0 84.0 104.0 It
2964.0 13908.0 96.0 104.0 Is
3108.0 13908.0 112.0 100.0 Hi
3248.0 13908.0 224.0 124.0 inly
3520.0 13908.0 520.0 104.0 believed

1224.0 14056.0 120.0 104.0 in
1400.0 14056.0 428.0 100.0 Franco
1876.0 14051.0 244.0 104.0 that
2164.0 14080.0 236.0 80.0 war
2444.0 14051.0 508.0 108.0 between
3004.0 14047.0 416.0 104.0 Ihissla
3464.0 14047.0 232.0 104.0 and
3744.0 14047.0 248.0 104.0 Aus-

1228.0 14199.0 216.0 104.0 tria
1488.0 14199.0 428.0 104.0 caiin.it
1960.0 14195.0 132.0 104.0 bo
2172.0 14191.0 332.0 108.0 much
2592.0 14191.0 400.0 124.0 longer
3076.0 14191.0 456.0 104.0 averted
3628.0 14191.0 112.0 104.0 in
3816.0 14216.0 228.0 96.0 any

1224.0 14343.0 368.0 100.0 event.
1784.0 14336.0 752.0 104.0 Cool-headed
2740.0 14359.0 260.0 80.0 men
3216.0 14336.0 428.0 100.0 believe
3852.0 14343.0 192.0 92.0 the

1208.0 14480.0 348.0 116.0 spark
1740.0 14480.0 204.0 100.0 has
2176.0 14476.0 460.0 124.0 already
2864.0 14476.0 280.0 100.0 been
3336.0 14476.0 392.0 100.0 struck
3916.0 14472.0 116.0 100.0 In

1208.0 14616.0 572.0 128.0 Bulgaria.
2004.0 14616.0 192.0 104.0 All
2416.0 14620.0 188.0 96.0 the
2784.0 14612.0 664.0 112.0 diplomatic
3632.0 14616.0 392.0 100.0 efforts

1208.0 14764.0 128.0 104.0 of
1512.0 14760.0 268.0 104.0 both
2008.0 14756.0 432.0 108.0 Franco
2648.0 14752.0 232.0 108.0 and
3064.0 14760.0 596.0 120.0 Germany
3844.0 14784.0 188.0 76.0 are

152.0 14883.0 32.0 228.0 i
1208.0 14903.0 492.0 108.0 directed
1748.0 14903.0 432.0 104.0 towaid
2228.0 14899.0 596.0 120.0 localizing
2872.0 14899.0 228.0 104.0 this
3188.0 14899.0 468.0 120.0 coming
3744.0 14912.0 292.0 92.0 Aus-

1208.0 15051.0 436.0 104.0 traaud
1736.0 15047.0 552.0 104.0 Krussian
2380.0 15072.0 260.0 80.0 war.
2772.0 15043.0 120.0 100.0 If
2968.0 15043.0 576.0 120.0 Germany
3632.0 15043.0 404.0 104.0 should

1212.0 15195.0 140.0 104.0 bo
1392.0 15211.0 392.0 84.0 drawn
1836.0 15191.0 248.0 100.0 into
2188.0 15191.0 224.0 100.0 tins
2516.0 15211.0 236.0 88.0 war
2856.0 15183.0 384.0 124.0 public
3344.0 15183.0 476.0 128.0 opinion
3916.0 15187.0 116.0 100.0 In

1216.0 15336.0 432.0 104.0 France
1656.0 15408.0 24.0 48.0 ,
1732.0 15332.0 372.0 108.0 which
2216.0 15336.0 96.0 96.0 Is
2420.0 15351.0 264.0 84.0 now
2792.0 15328.0 604.0 124.0 distinctly
3480.0 15328.0 516.0 124.0 peaceful
4008.0 15400.0 24.0 52.0 ,

1224.0 15480.0 364.0 112.0 would
1636.0 15476.0 452.0 108.0 beconin
2160.0 15472.0 464.0 108.0 warlike-
2668.0 15484.0 232.0 92.0 and
2944.0 15472.0 192.0 100.0 tlio
3236.0 15468.0 444.0 108.0 French
3728.0 15499.0 320.0 96.0 army

1216.0 15624.0 372.0 108.0 would
1636.0 15647.0 416.0 100.0 appear
2136.0 15620.0 116.0 100.0 In
2360.0 15612.0 1020.0 112.0 Alsace-Loiralno
3484.0 15612.0 280.0 108.0 with
3856.0 15616.0 192.0 104.0 the

1216.0 15768.0 580.0 104.0 swiftness
1840.0 15764.0 120.0 100.0 of
2008.0 15760.0 188.0 108.0 the
2244.0 15760.0 204.0 104.0 fall
2556.0 15788.0 68.0 80.0 o
2744.0 15784.0 148.0 76.0 an
2984.0 15756.0 648.0 108.0 avalanche.
3768.0 15760.0 236.0 100.0 Con

1216.0 15907.0 596.0 128.0 spquontly
1864.0 15907.0 92.0 100.0 It
2000.0 15903.0 96.0 104.0 Is
2136.0 15903.0 124.0 104.0 ot
2348.0 15895.0 280.0 124.0 vital
2740.0 15899.0 704.0 124.0 importance
3532.0 15903.0 120.0 100.0 to
3696.0 15928.0 312.0 76.0 ascer-

1220.0 16051.0 244.0 104.0 tain
1520.0 16047.0 364.0 104.0 under
1928.0 16047.0 308.0 104.0 what
2296.0 16043.0 592.0 104.0 condition
3004.0 16043.0 580.0 124.0 Germany
3668.0 16043.0 360.0 104.0 woulil

1224.0 16191.0 140.0 104.0 bo
1412.0 16191.0 244.0 104.0 able
1704.0 16195.0 116.0 96.0 to
1868.0 16187.0 288.0 124.0 keep
2248.0 16184.0 416.0 108.0 herself
2724.0 16187.0 308.0 100.0 aloof
3112.0 16187.0 296.0 100.0 from
3500.0 16187.0 192.0 100.0 the
3768.0 16191.0 248.0 100.0 Aus

1228.0 16332.0 704.0 108.0 tro-lhtsslan
1988.0 16328.0 628.0 128.0 campaign.
2756.0 16328.0 348.0 120.0 Upon
3160.0 16328.0 224.0 104.0 this
3432.0 16332.0 332.0 116.0 point
3816.0 16332.0 84.0 100.0 It
3952.0 16332.0 100.0 104.0 Is

1228.0 16476.0 484.0 116.0 thought
1796.0 16476.0 152.0 104.0 M.
2044.0 16476.0 652.0 124.0 DeLesscps
2704.0 16548.0 28.0 48.0 ,
2852.0 16472.0 544.0 124.0 although
3488.0 16472.0 528.0 108.0 Intrustec

1232.0 16620.0 276.0 108.0 with
1560.0 16644.0 148.0 80.0 no
1756.0 16620.0 420.0 124.0 special
2228.0 16616.0 468.0 108.0 mission
2716.0 16692.0 24.0 52.0 ,
2796.0 16616.0 232.0 104.0 will
3076.0 16616.0 284.0 104.0 have
3408.0 16644.0 68.0 68.0 u
3544.0 16616.0 216.0 104.0 lull
3828.0 16644.0 192.0 76.0 am

1232.0 16764.0 340.0 104.0 frank
1612.0 16760.0 788.0 108.0 conversation
2460.0 16755.0 268.0 104.0 with
2788.0 16760.0 400.0 100.0 Prince
3236.0 16755.0 632.0 108.0 Bismarck.

1356.0 16907.0 108.0 100.0 It
1508.0 16907.0 96.0 100.0 Is
1708.0 16903.0 504.0 108.0 believed
2296.0 16903.0 120.0 100.0 In
2528.0 16903.0 292.0 100.0 Gaul
2924.0 16899.0 396.0 108.0 circles
3428.0 16899.0 268.0 104.0 here
3804.0 16903.0 196.0 100.0 tha

1236.0 17051.0 568.0 120.0 Germany
1852.0 17047.0 236.0 104.0 will
2132.0 17043.0 936.0 140.0 rcmain.nnutral
3160.0 17039.0 116.0 104.0 In
3388.0 17043.0 192.0 104.0 the
3676.0 17047.0 344.0 100.0 event

1236.0 17203.0 208.0 92.0 not
1484.0 17191.0 528.0 116.0 probable
2064.0 17187.0 604.0 124.0 according
2704.0 17191.0 120.0 96.0 to
2872.0 17184.0 504.0 124.0 military
3444.0 17187.0 576.0 120.0 authority

1240.0 17336.0 124.0 100.0 of
1408.0 17332.0 468.0 104.0 Austila
1924.0 17332.0 588.0 116.0 defeating
2596.0 17324.0 412.0 108.0 llussla
3036.0 17351.0 32.0 100.0 ;
3152.0 17328.0 196.0 104.0 but
3456.0 17328.0 88.0 104.0 If
3656.0 17328.0 224.0 104.0 Hus

1236.0 17476.0 444.0 104.0 defeats
1732.0 17472.0 460.0 104.0 Austria
2244.0 17468.0 224.0 108.0 and
2520.0 17468.0 416.0 120.0 pushes
2984.0 17468.0 200.0 104.0 her
3272.0 17468.0 532.0 108.0 victories
3912.0 17499.0 120.0 96.0 nt

1240.0 17624.0 120.0 96.0 to
1404.0 17616.0 192.0 108.0 the
1640.0 17616.0 320.0 108.0 walls
2004.0 17616.0 124.0 100.0 of
2180.0 17612.0 452.0 108.0 Vienna
2644.0 17688.0 24.0 48.0 ,
2768.0 17616.0 244.0 100.0 that
3096.0 17612.0 384.0 120.0 public
3584.0 17616.0 456.0 120.0 opinion

1240.0 17759.0 120.0 104.0 in
1408.0 17759.0 572.0 116.0 Germany
2032.0 17755.0 372.0 104.0 would
2484.0 17755.0 436.0 124.0 compel
3028.0 17755.0 200.0 100.0 her
3292.0 17768.0 120.0 92.0 to
3496.0 17755.0 316.0 104.0 draw
3876.0 17755.0 192.0 108.0 the

1236.0 17903.0 372.0 112.0 sword
1656.0 17899.0 112.0 104.0 In
1816.0 17899.0 476.0 108.0 defense
2336.0 17899.0 124.0 104.0 of
2492.0 17899.0 192.0 108.0 the
2792.0 17899.0 488.0 104.0 Goinun
3376.0 17899.0 668.0 124.0 population

1236.0 18047.0 132.0 104.0 of
1560.0 18043.0 1100.0 128.0 Austria-Hungary.
2956.0 18043.0 152.0 104.0 M.
3404.0 18039.0 656.0 132.0 DeLesscps

1236.0 18187.0 672.0 124.0 thoroughly
1956.0 18184.0 652.0 128.0 personifies
2660.0 18184.0 424.0 104.0 France
3088.0 18260.0 28.0 36.0 ,
3172.0 18184.0 136.0 104.0 he
3360.0 18187.0 96.0 100.0 Is
3556.0 18207.0 452.0 84.0 untram

1240.0 18332.0 408.0 104.0 melled
1700.0 18332.0 136.0 120.0 by
1884.0 18355.0 232.0 92.0 any
2160.0 18328.0 404.0 108.0 otllcial
2636.0 18328.0 492.0 124.0 position
3144.0 18400.0 24.0 44.0 ,
3244.0 18328.0 236.0 104.0 and
3564.0 18351.0 68.0 80.0 a
3716.0 18328.0 348.0 104.0 frank

1236.0 18476.0 788.0 104.0 conversation
2076.0 18476.0 504.0 100.0 between
2636.0 18472.0 192.0 100.0 the
2876.0 18476.0 68.0 48.0 "
2956.0 18472.0 48.0 100.0 (
3008.0 18472.0 340.0 104.0 Siami
3440.0 18472.0 616.0 104.0 Fiancais"

1244.0 18616.0 232.0 100.0 and
1520.0 18616.0 404.0 100.0 Prince
1976.0 18612.0 588.0 104.0 Bismarck
2616.0 18607.0 368.0 108.0 would
3032.0 18620.0 132.0 92.0 bo
3200.0 18612.0 296.0 124.0 good
3544.0 18616.0 184.0 100.0 for
3796.0 18616.0 264.0 100.0 both

1244.0 18755.0 432.0 104.0 Franco
1720.0 18751.0 228.0 104.0 and
1996.0 18755.0 608.0 116.0 Germany.

1820.0 18915.0 388.0 80.0 CHIMK
2280.0 18915.0 132.0 84.0 IN
2484.0 18907.0 264.0 88.0 HAD
2816.0 18907.0 676.0 88.0 WiATHKIl.
2984.0 18919.0 24.0 76.0 :

1372.0 19035.0 324.0 108.0 Paris
1800.0 19035.0 496.0 104.0 weather
2360.0 19032.0 316.0 104.0 since
2772.0 19035.0 192.0 100.0 the
3068.0 19035.0 696.0 124.0 earthquake
3868.0 19035.0 204.0 104.0 has

1252.0 19184.0 284.0 104.0 been
1632.0 19176.0 888.0 120.0 extraordinary.
2712.0 19176.0 372.0 120.0 Evoiy
3240.0 19180.0 536.0 120.0 morning
3892.0 19203.0 180.0 76.0 wo

1252.0 19324.0 288.0 108.0 have
1580.0 19320.0 224.0 104.0 had
1852.0 19347.0 68.0 76.0 a
1960.0 19320.0 312.0 104.0 thick
2360.0 19324.0 192.0 112.0 tog
2596.0 19316.0 172.0 104.0 till
2856.0 19320.0 336.0 100.0 about
3280.0 19316.0 244.0 104.0 half
3616.0 19324.0 256.0 120.0 past
3920.0 19324.0 120.0 96.0 10
4044.0 19396.0 24.0 44.0 ,

1256.0 19472.0 268.0 100.0 then
1576.0 19468.0 188.0 100.0 the
1808.0 19488.0 216.0 84.0 sun
2076.0 19488.0 372.0 76.0 comes
2492.0 19464.0 192.0 100.0 out
2696.0 19535.0 24.0 40.0 ,
2776.0 19459.0 228.0 104.0 and
3056.0 19459.0 188.0 104.0 the
3292.0 19468.0 220.0 116.0 day
3564.0 19464.0 512.0 104.0 becomes

1252.0 19607.0 376.0 112.0 bright
1632.0 19679.0 28.0 52.0 ,
1708.0 19603.0 212.0 124.0 diy
1924.0 19679.0 24.0 44.0 ,
1996.0 19603.0 300.0 104.0 clear
2384.0 19603.0 232.0 108.0 and
2720.0 19603.0 252.0 104.0 cold
3080.0 19603.0 296.0 104.0 until
3516.0 19599.0 244.0 108.0 half
3824.0 19611.0 252.0 112.0 past

1252.0 19755.0 60.0 100.0 7
1360.0 19751.0 116.0 104.0 In
1528.0 19751.0 188.0 104.0 the
1756.0 19751.0 496.0 116.0 evening
2256.0 19819.0 24.0 48.0 ,
2336.0 19747.0 328.0 104.0 when
2752.0 19743.0 340.0 108.0 down
3180.0 19772.0 376.0 80.0 comes
3640.0 19747.0 192.0 104.0 the
3880.0 19751.0 196.0 108.0 fog

1256.0 19895.0 332.0 120.0 again
1604.0 19967.0 24.0 52.0 ,
1684.0 19891.0 640.0 104.0 saturating
2372.0 19887.0 676.0 124.0 everything
3100.0 19887.0 276.0 104.0 with
3424.0 19887.0 640.0 112.0 dampness.

1256.0 20039.0 440.0 112.0 During
1828.0 20039.0 192.0 100.0 the
2176.0 20032.0 248.0 124.0 past
2572.0 20032.0 316.0 112.0 week
3052.0 20059.0 168.0 76.0 wo
3384.0 20032.0 288.0 108.0 have
3852.0 20032.0 220.0 108.0 had

1252.0 20184.0 196.0 100.0 the
1684.0 20176.0 324.0 104.0 usual
2284.0 20176.0 532.0 116.0 pabulum
3092.0 20176.0 124.0 100.0 of
3500.0 20176.0 508.0 108.0 murders
4016.0 20252.0 24.0 48.0 ,

1248.0 20324.0 564.0 108.0 robberies
1852.0 20320.0 228.0 104.0 and
2128.0 20320.0 516.0 124.0 suicides
2700.0 20320.0 384.0 104.0 varied
3176.0 20320.0 276.0 104.0 with
3504.0 20320.0 192.0 104.0 the
3740.0 20324.0 336.0 104.0 teirl-

1252.0 20468.0 176.0 104.0 blo
1468.0 20463.0 588.0 124.0 explosion
2116.0 20463.0 124.0 104.0 of
2284.0 20463.0 572.0 120.0 fire-damp
2900.0 20472.0 116.0 96.0 at
3080.0 20443.0 360.0 120.0 'Saint
3532.0 20463.0 496.0 108.0 Etlonno
4036.0 20539.0 28.0 40.0 ,

1248.0 20607.0 224.0 108.0 nnd
1520.0 20611.0 352.0 100.0 above
1916.0 20607.0 148.0 104.0 all
2116.0 20607.0 188.0 104.0 the
2388.0 20607.0 672.0 108.0 scandalous
3148.0 20603.0 448.0 108.0 divorce
3644.0 20607.0 256.0 104.0 trial
3948.0 20611.0 124.0 100.0 of

1252.0 20763.0 188.0 96.0 the
1484.0 20755.0 392.0 100.0 Comto
1920.0 20751.0 228.0 104.0 ami
2188.0 20751.0 512.0 112.0 Comtess
2748.0 20751.0 128.0 104.0 E.
2912.0 20747.0 540.0 108.0 doMolen
3468.0 20823.0 24.0 40.0 ,
3540.0 20771.0 112.0 80.0 to
3704.0 20751.0 368.0 104.0 which

1256.0 20895.0 44.0 104.0 1
1352.0 20923.0 208.0 76.0 can
1608.0 20899.0 268.0 120.0 only
1928.0 20891.0 372.0 128.0 barely
2352.0 20887.0 376.0 112.0 allude
2736.0 20971.0 28.0 44.0 ,
2816.0 20919.0 128.0 76.0 as
3024.0 20891.0 88.0 108.0 It
3208.0 20919.0 232.0 80.0 was
3528.0 20895.0 524.0 104.0 redolent

1256.0 21039.0 272.0 104.0 with
1580.0 21036.0 408.0 104.0 details
2040.0 21043.0 124.0 96.0 to
2260.0 21039.0 368.0 104.0 which
2720.0 21036.0 188.0 104.0 the
2996.0 21063.0 344.0 96.0 pages
3428.0 21039.0 124.0 100.0 of
3652.0 21039.0 412.0 104.0 "Made

1256.0 21176.0 500.0 104.0 inolsello
1804.0 21176.0 444.0 104.0 Gerand
2260.0 21252.0 28.0 48.0 ,
2384.0 21203.0 176.0 80.0 ma
2648.0 21176.0 488.0 104.0 femmo"
3188.0 21203.0 188.0 76.0 are
3460.0 21180.0 236.0 104.0 llko
3784.0 21180.0 284.0 104.0 milk

1260.0 21320.0 228.0 104.0 and
1540.0 21320.0 372.0 104.0 water.

1376.0 21459.0 152.0 104.0 M.
1576.0 21459.0 312.0 100.0 Mace
1896.0 21535.0 24.0 44.0 ,
1976.0 21459.0 532.0 124.0 formerly
2576.0 21459.0 300.0 108.0 chief
2964.0 21467.0 120.0 96.0 of
3196.0 21463.0 188.0 100.0 thn
3468.0 21463.0 360.0 128.0 police
3896.0 21463.0 140.0 104.0 de-

1264.0 21599.0 464.0 108.0 tectives
1776.0 21603.0 116.0 96.0 ot
1976.0 21599.0 304.0 104.0 Paris
2292.0 21675.0 24.0 36.0 ,
2372.0 21603.0 196.0 100.0 has
2620.0 21603.0 592.0 124.0 published
3260.0 21632.0 64.0 76.0 a
3372.0 21603.0 704.0 108.0 remaikable

1264.0 21743.0 284.0 104.0 book
1604.0 21739.0 364.0 108.0 called
2020.0 21739.0 264.0 104.0 "Un
2336.0 21743.0 228.0 100.0 Jell
2652.0 21743.0 420.0 100.0 Monde
3080.0 21815.0 24.0 48.0 ,
3120.0 21743.0 68.0 56.0 "
3284.0 21747.0 116.0 100.0 In
3492.0 21747.0 368.0 104.0 which
3936.0 21747.0 140.0 104.0 ho

1260.0 21884.0 560.0 108.0 describes
1872.0 21884.0 112.0 104.0 In
2040.0 21911.0 64.0 76.0 a
2148.0 21884.0 288.0 124.0 styhi
2488.0 21887.0 432.0 120.0 worthy
2968.0 21887.0 124.0 96.0 of
3136.0 21884.0 468.0 124.0 Eugene
3652.0 21887.0 224.0 104.0 Sue
3948.0 21915.0 128.0 76.0 or

544.0 21967.0 144.0 176.0 y
1264.0 22028.0 560.0 108.0 Gaborhin
1844.0 22100.0 24.0 48.0 ,
1924.0 22028.0 188.0 100.0 the
2156.0 22028.0 300.0 104.0 vices
2520.0 22024.0 120.0 104.0 of
2744.0 22024.0 468.0 104.0 modern
3308.0 22028.0 480.0 120.0 society.
3920.0 22032.0 152.0 104.0 M.

1260.0 22176.0 320.0 104.0 Mace
1688.0 22168.0 320.0 104.0 takes
2112.0 22192.0 132.0 76.0 us
2352.0 22184.0 116.0 88.0 to
2556.0 22168.0 188.0 104.0 the
2792.0 22168.0 424.0 104.0 Chalen
3276.0 22195.0 348.0 96.0 inngc
3628.0 22244.0 28.0 48.0 ,
3712.0 22176.0 112.0 96.0 to
3872.0 22176.0 192.0 100.0 tlio

1264.0 22315.0 672.0 104.0 Peisunette
1980.0 22315.0 224.0 100.0 and
2256.0 22315.0 116.0 100.0 to
2416.0 22311.0 188.0 104.0 the
2652.0 22311.0 460.0 104.0 Cararot
3220.0 22311.0 116.0 104.0 In
3452.0 22315.0 620.0 100.0 thoiuodo

1264.0 22463.0 324.0 100.0 Cotte
1636.0 22455.0 228.0 104.0 and
1932.0 22455.0 432.0 104.0 reveals
2452.0 22455.0 112.0 100.0 In
2656.0 22455.0 152.0 104.0 nil
2896.0 22451.0 292.0 104.0 their
3256.0 22451.0 376.0 108.0 naked
3696.0 22455.0 392.0 104.0 hoiror

1264.0 22607.0 192.0 100.0 the
1520.0 22623.0 392.0 84.0 scenes
2000.0 22599.0 124.0 100.0 of
2224.0 22595.0 700.0 124.0 debauchery
2968.0 22591.0 228.0 108.0 and
3288.0 22595.0 344.0 104.0 crime
3696.0 22603.0 128.0 96.0 of
3888.0 22599.0 188.0 104.0 the

1264.0 22743.0 732.0 108.0 noclanbules
2128.0 22743.0 672.0 128.0 njctallpies
2804.0 22815.0 28.0 44.0 ,
2964.0 22739.0 124.0 104.0 of
3212.0 22743.0 192.0 104.0 the
3524.0 22743.0 332.0 124.0 dregs
3960.0 22743.0 128.0 100.0 of

1260.0 22891.0 192.0 104.0 the
1492.0 22887.0 524.0 108.0 criminal
2064.0 22887.0 416.0 104.0 classes
2528.0 22884.0 120.0 104.0 of
2756.0 22884.0 364.0 108.0 Paris.
3260.0 22884.0 160.0 104.0 M.
3496.0 22887.0 324.0 104.0 Mace
3880.0 22887.0 140.0 100.0 de-

1260.0 23039.0 316.0 104.0 votes
1616.0 23059.0 68.0 80.0 a
1780.0 23032.0 272.0 104.0 lomr
2160.0 23028.0 464.0 132.0 chapter
2728.0 23032.0 112.0 100.0 to
2948.0 23028.0 764.0 128.0 pickpockets.
3840.0 23032.0 244.0 104.0 The

1260.0 23180.0 360.0 128.0 police
1664.0 23184.0 368.0 120.0 report
2068.0 23203.0 28.0 72.0 i
2144.0 23176.0 316.0 100.0 show
2532.0 23172.0 236.0 108.0 that
2820.0 23172.0 188.0 104.0 the
3052.0 23199.0 476.0 92.0 average
3596.0 23172.0 480.0 104.0 number

1260.0 23324.0 124.0 100.0 of
1428.0 23319.0 392.0 128.0 people
1880.0 23324.0 128.0 100.0 of
2060.0 23319.0 312.0 104.0 Pails
2484.0 23315.0 252.0 108.0 who
2848.0 23315.0 280.0 104.0 have
3232.0 23315.0 300.0 104.0 their
3640.0 23319.0 400.0 116.0 pocketbooks
4048.0 23363.0 36.0 28.0 -

1260.0 23463.0 352.0 100.0 books
1652.0 23492.0 128.0 76.0 or
1824.0 23471.0 492.0 96.0 watches
2360.0 23463.0 364.0 100.0 stolen
2788.0 23459.0 92.0 104.0 Is
2992.0 23484.0 268.0 80.0 over
3364.0 23459.0 180.0 100.0 500
3648.0 23484.0 64.0 80.0 a
3816.0 23459.0 256.0 120.0 day.

1260.0 23599.0 368.0 108.0 There
1672.0 23632.0 184.0 76.0 are
1964.0 23603.0 564.0 128.0 regularly
2592.0 23603.0 688.0 108.0 established
3372.0 23599.0 452.0 108.0 schools
3912.0 23599.0 176.0 104.0 for

1268.0 23743.0 520.0 124.0 learning
2008.0 23747.0 188.0 100.0 the
2424.0 23743.0 316.0 108.0 trade
2964.0 23747.0 124.0 104.0 of
3312.0 23743.0 732.0 132.0 pickpockets
4052.0 23819.0 24.0 48.0 ,

1268.0 23887.0 228.0 104.0 nnd
1660.0 23887.0 576.0 100.0 someot
2404.0 23891.0 148.0 104.0 M.
2744.0 23887.0 420.0 112.0 Mace's
3328.0 23887.0 756.0 128.0 descriptions

1272.0 24028.0 120.0 100.0 of
1440.0 24024.0 516.0 128.0 youthful
2000.0 24028.0 584.0 104.0 criminals
2628.0 24036.0 332.0 108.0 recall
3052.0 24036.0 188.0 104.0 the
3328.0 24036.0 736.0 128.0 experiences

1272.0 24176.0 116.0 100.0 ot
1440.0 24167.0 376.0 104.0 Oliver
1852.0 24163.0 396.0 108.0 Twist.
2380.0 24167.0 268.0 108.0 "Un
2736.0 24172.0 228.0 104.0 Jell
3020.0 24176.0 488.0 108.0 Monde"
3628.0 24180.0 436.0 108.0 reveals

1272.0 24311.0 152.0 108.0 all
1472.0 24311.0 184.0 108.0 the
1700.0 24307.0 348.0 108.0 tricks
2092.0 24307.0 228.0 108.0 nnd
2424.0 24311.0 444.0 112.0 devices
2972.0 24319.0 120.0 96.0 of
3204.0 24319.0 472.0 108.0 Parslan
3780.0 24323.0 252.0 124.0 pick-

1276.0 24455.0 460.0 128.0 pockets
1780.0 24459.0 224.0 100.0 and
2048.0 24451.0 652.0 112.0 confidence
2804.0 24479.0 320.0 96.0 game
3244.0 24488.0 256.0 80.0 men
3520.0 24535.0 24.0 52.0 ,
3644.0 24488.0 148.0 84.0 on
3892.0 24467.0 192.0 108.0 the

1276.0 24595.0 556.0 124.0 principle
1932.0 24599.0 236.0 104.0 that
2300.0 24599.0 712.0 108.0 forewarned
3160.0 24599.0 100.0 104.0 Is
3396.0 24607.0 632.0 104.0 forearmed
4040.0 24687.0 24.0 36.0 ,

1272.0 24739.0 672.0 108.0 Americans
1984.0 24739.0 448.0 124.0 coming
2464.0 24743.0 408.0 104.0 abioad
2924.0 24739.0 220.0 108.0 this
3188.0 24743.0 392.0 128.0 spring
3632.0 24747.0 228.0 108.0 will
3912.0 24759.0 144.0 96.0 do

1512.0 24888.0 16.0 104.0 i
1576.0 24895.0 116.0 96.0 to
1736.0 24884.0 264.0 104.0 road
2044.0 24884.0 152.0 104.0 M.
2268.0 24884.0 412.0 108.0 Mace's
2728.0 24888.0 324.0 104.0 book.

1928.0 25047.0 256.0 84.0 TUB
2240.0 25047.0 476.0 88.0 I.Air.ST
2788.0 25051.0 648.0 88.0 FASHIONS.

1396.0 25171.0 388.0 108.0 March
1832.0 25163.0 556.0 112.0 sunshine
2432.0 25171.0 200.0 112.0 has
2676.0 25176.0 336.0 120.0 given
3064.0 25203.0 68.0 76.0 a
3236.0 25199.0 252.0 84.0 new
3600.0 25176.0 492.0 124.0 Impetus

1276.0 25319.0 120.0 100.0 to
1444.0 25315.0 188.0 104.0 the
1684.0 25307.0 432.0 112.0 fancies
2164.0 25311.0 124.0 104.0 of
2336.0 25311.0 188.0 108.0 the
2632.0 25315.0 508.0 108.0 Parisian
3204.0 25319.0 528.0 108.0 modistes
3744.0 25395.0 24.0 52.0 ,
3864.0 25323.0 228.0 108.0 and
4060.0 25323.0 32.0 104.0 I

1276.0 25488.0 68.0 76.0 a
1384.0 25455.0 456.0 120.0 coming
1892.0 25455.0 620.0 104.0 revolution
2572.0 25455.0 112.0 108.0 In
2796.0 25459.0 388.0 108.0 ladies'
3232.0 25463.0 284.0 104.0 ht-ml
3560.0 25467.0 536.0 108.0 covering

1276.0 25599.0 100.0 108.0 is
1484.0 25595.0 704.0 128.0 Impending.
2316.0 25595.0 244.0 104.0 The
2676.0 25599.0 264.0 120.0 high
3056.0 25603.0 192.0 108.0 hat
3360.0 25607.0 96.0 104.0 Is
3500.0 25607.0 592.0 124.0 decidedly

1276.0 25739.0 476.0 112.0 doomed
1800.0 25739.0 228.0 108.0 and
2084.0 25747.0 392.0 120.0 toques
2540.0 25767.0 180.0 80.0 are
2776.0 25743.0 460.0 128.0 making
3292.0 25751.0 292.0 104.0 their
3624.0 25775.0 472.0 100.0 uppe.u-

1276.0 25911.0 288.0 84.0 anco
1668.0 25891.0 116.0 104.0 in
1900.0 25884.0 148.0 108.0 nil
2160.0 25884.0 344.0 116.0 kinds
2612.0 25888.0 120.0 100.0 of
2848.0 25899.0 360.0 116.0 pretty
3264.0 25895.0 344.0 124.0 fancy
3656.0 25899.0 396.0 100.0 straws
4060.0 25967.0 28.0 52.0 ,

1280.0 26032.0 532.0 116.0 tilmmed
1864.0 26032.0 268.0 104.0 with
2192.0 26032.0 352.0 104.0 velvet
2596.0 26032.0 224.0 104.0 and
2884.0 26032.0 260.0 104.0 with
3260.0 26036.0 316.0 104.0 faille
3652.0 26036.0 396.0 104.0 ribbon
4060.0 26112.0 28.0 44.0 ,

1280.0 26175.0 276.0 108.0 with
1608.0 26203.0 64.0 76.0 a
1728.0 26196.0 304.0 100.0 wing
2084.0 26171.0 384.0 132.0 placed
2556.0 26175.0 108.0 104.0 ot
2716.0 26199.0 216.0 76.0 one
2980.0 26171.0 244.0 104.0 side
3328.0 26203.0 120.0 76.0 or
3552.0 26180.0 232.0 104.0 else
3872.0 26188.0 224.0 96.0 two

1276.0 26315.0 284.0 132.0 quill
1608.0 26319.0 532.0 112.0 feathers.
2268.0 26315.0 244.0 108.0 The
2560.0 26323.0 388.0 124.0 copatc
3040.0 26319.0 416.0 108.0 bonnet
3468.0 26395.0 24.0 48.0 ,
3548.0 26319.0 272.0 108.0 with
3908.0 26323.0 188.0 104.0 the

1276.0 26467.0 248.0 108.0 Eldo
1628.0 26463.0 468.0 112.0 coveted
2216.0 26459.0 268.0 112.0 with
2584.0 26463.0 304.0 120.0 laigo
2996.0 26463.0 380.0 108.0 leaves
3464.0 26463.0 436.0 108.0 Instead
3976.0 26467.0 124.0 100.0 of

1272.0 26607.0 352.0 116.0 birds'
1740.0 26607.0 216.0 112.0 wln
2052.0 26635.0 48.0 80.0 s
2108.0 26683.0 28.0 52.0 ,
2260.0 26607.0 92.0 104.0 is
2404.0 26631.0 216.0 84.0 one
2668.0 26607.0 120.0 104.0 of
2896.0 26607.0 188.0 104.0 the
3132.0 26603.0 328.0 108.0 latest
3508.0 26603.0 584.0 116.0 noveltlcd.

1276.0 26759.0 108.0 112.0 A
1572.0 26759.0 372.0 136.0 pretty
2144.0 26751.0 672.0 112.0 innovation
3012.0 26751.0 92.0 108.0 Is
3292.0 26743.0 192.0 116.0 the
3664.0 26747.0 400.0 116.0 borderIng
4068.0 26808.0 36.0 28.0 -

1276.0 26907.0 200.0 128.0 Ing
1664.0 26911.0 124.0 108.0 of
1956.0 26903.0 192.0 112.0 the
2312.0 26899.0 432.0 128.0 bonnet
2908.0 26884.0 288.0 124.0 biim
3372.0 26899.0 276.0 108.0 with
3776.0 26907.0 328.0 104.0 email

1276.0 27055.0 380.0 120.0 ilowor
1660.0 27083.0 52.0 96.0 ?
1720.0 27131.0 32.0 56.0 ,
1840.0 27047.0 280.0 124.0 such
2204.0 27083.0 128.0 80.0 as
2420.0 27055.0 596.0 128.0 primroses
3024.0 27120.0 28.0 60.0 ,
3152.0 27044.0 396.0 112.0 violets
3632.0 27071.0 476.0 100.0 orery

1284.0 27188.0 324.0 124.0 small
1696.0 27207.0 584.0 112.0 rosebuds.
2416.0 27196.0 520.0 116.0 Tortoise
3024.0 27192.0 288.0 108.0 shell
3428.0 27192.0 260.0 132.0 pins
3772.0 27215.0 180.0 80.0 ate

1284.0 27348.0 288.0 116.0 good
1616.0 27348.0 248.0 108.0 deal
1912.0 27348.0 596.0 132.0 employed
2600.0 27367.0 144.0 84.0 on
2844.0 27340.0 324.0 108.0 black
3264.0 27344.0 232.0 100.0 lace
3588.0 27335.0 512.0 104.0 bniiueu.

1288.0 27487.0 476.0 108.0 Colored
1800.0 27500.0 420.0 100.0 straws
2264.0 27519.0 192.0 84.0 are
2500.0 27487.0 692.0 124.0 exclusively
3240.0 27483.0 400.0 104.0 shown
3704.0 27479.0 160.0 104.0 tot
3928.0 27487.0 108.0 92.0 ih

1284.0 27635.0 460.0 112.0 present
1788.0 27635.0 224.0 104.0 and
2084.0 27660.0 188.0 80.0 are
2364.0 27660.0 260.0 104.0 very
2720.0 27631.0 408.0 124.0 atylish
3220.0 27623.0 524.0 112.0 trimmed
3848.0 27619.0 264.0 108.0 with

1284.0 27767.0 320.0 108.0 falllu
1704.0 27771.0 388.0 108.0 ribbon
2144.0 27779.0 124.0 104.0 ot
2312.0 27783.0 308.0 124.0 paler
2664.0 27775.0 352.0 108.0 shade
3052.0 27771.0 276.0 108.0 than
3412.0 27771.0 188.0 104.0 the
3688.0 27767.0 212.0 100.0 boo
3924.0 27775.0 188.0 120.0 pet

1284.0 27911.0 320.0 112.0 lUeJf
1608.0 27983.0 28.0 56.0 ,
1688.0 27915.0 276.0 108.0 such
2052.0 27943.0 128.0 76.0 as
2264.0 27919.0 448.0 124.0 ophella
2800.0 27915.0 268.0 112.0 lilac
3136.0 27939.0 124.0 84.0 or
3344.0 27911.0 284.0 120.0 dark
3724.0 27907.0 392.0 128.0 purple

1280.0 28059.0 344.0 112.0 Straw
1628.0 28127.0 32.0 60.0 ,
1888.0 28059.0 256.0 128.0 polo
2252.0 28159.0 28.0 36.0 ,
2368.0 28059.0 260.0 116.0 blue
2792.0 28083.0 156.0 88.0 on
3200.0 28055.0 436.0 108.0 marine
3820.0 28047.0 256.0 108.0 blue
4072.0 28123.0 36.0 60.0 ,

4240.0 2588.0 148.0 112.0 nd
4672.0 2604.0 284.0 120.0 pink
5200.0 2636.0 148.0 80.0 on
5480.0 2612.0 304.0 112.0 wine
5968.0 2616.0 440.0 108.0 colored
6596.0 2624.0 376.0 100.0 straw.

4224.0 2760.0 24.0 80.0 \
4436.0 2748.0 224.0 100.0 few
4824.0 2748.0 272.0 116.0 hlzh
5264.0 2760.0 528.0 108.0 crowned
5964.0 2760.0 628.0 128.0 Tyrcolcan
6728.0 2760.0 252.0 112.0 hats

4220.0 2880.0 184.0 112.0 hat
4456.0 2912.0 188.0 80.0 arc
4692.0 2888.0 232.0 112.0 still
4976.0 2896.0 396.0 108.0 shown
5432.0 2904.0 280.0 104.0 have
5760.0 2936.0 64.0 72.0 a
5868.0 2904.0 588.0 128.0 trimming
6508.0 2908.0 112.0 104.0 In
6676.0 2932.0 308.0 80.0 some

4228.0 3052.0 248.0 80.0 ascs
4524.0 3032.0 464.0 132.0 passing
5036.0 3068.0 264.0 80.0 over
5348.0 3044.0 184.0 108.0 the
5576.0 3072.0 376.0 80.0 ciown
6008.0 3048.0 112.0 108.0 In
6180.0 3048.0 192.0 104.0 flat
6416.0 3048.0 236.0 108.0 bias
6688.0 3044.0 296.0 108.0 folds

4164.0 3172.0 128.0 100.0 of
4340.0 3168.0 360.0 116.0 velvet
4708.0 3252.0 28.0 48.0 ,
4792.0 3180.0 272.0 108.0 with
5116.0 3216.0 68.0 72.0 a
5232.0 3184.0 300.0 124.0 large
5584.0 3188.0 380.0 108.0 llower
6008.0 3192.0 700.0 128.0 caughthero
6756.0 3188.0 228.0 112.0 and

4224.0 3308.0 256.0 116.0 here
4528.0 3344.0 412.0 108.0 among
4992.0 3324.0 188.0 108.0 the
5232.0 3328.0 332.0 108.0 folds.
5696.0 3328.0 280.0 112.0 This
6080.0 3336.0 292.0 124.0 stjlo
6460.0 3344.0 120.0 96.0 ot
6684.0 3336.0 300.0 104.0 trim-

4216.0 3452.0 272.0 128.0 ulng
4536.0 3460.0 92.0 108.0 Is
4680.0 3488.0 268.0 108.0 very
4992.0 3468.0 724.0 136.0 picturesque
5724.0 3552.0 24.0 48.0 ,
5808.0 3480.0 188.0 104.0 but
6052.0 3480.0 192.0 104.0 has
6296.0 3484.0 116.0 100.0 to
6460.0 3480.0 132.0 104.0 bo
6696.0 3504.0 292.0 80.0 care-

4236.0 3596.0 228.0 132.0 ully
4516.0 3620.0 552.0 116.0 managed
5164.0 3612.0 112.0 112.0 in
5348.0 3620.0 332.0 108.0 order
5792.0 3636.0 112.0 88.0 to
6016.0 3628.0 476.0 120.0 prevent
6588.0 3652.0 64.0 72.0 n
6732.0 3628.0 260.0 116.0 top-

4216.0 3772.0 316.0 100.0 icavy
4576.0 3776.0 736.0 96.0 appeaiance.
5452.0 3764.0 244.0 104.0 The
5744.0 3780.0 432.0 92.0 newest
6208.0 3764.0 360.0 108.0 colois
6636.0 3768.0 120.0 100.0 of
6800.0 3764.0 192.0 108.0 tlio

4236.0 3916.0 336.0 84.0 enson
4628.0 3920.0 180.0 84.0 are
4856.0 3932.0 68.0 72.0 a
4968.0 3900.0 480.0 112.0 delicate
5496.0 3908.0 348.0 104.0 shade
5964.0 3912.0 124.0 100.0 of
6172.0 3908.0 188.0 104.0 old
6452.0 3904.0 284.0 128.0 pink
6744.0 3980.0 24.0 48.0 ,
6868.0 3932.0 124.0 80.0 or

4224.0 4032.0 76.0 124.0 Ij
4332.0 4028.0 196.0 136.0 Ing
4576.0 4068.0 248.0 80.0 rose
4832.0 4120.0 24.0 48.0 ,
4908.0 4076.0 124.0 76.0 as
5084.0 4044.0 84.0 108.0 It
5220.0 4048.0 96.0 108.0 Is
5436.0 4048.0 600.0 128.0 poetically
6124.0 4048.0 352.0 108.0 called
6492.0 4124.0 20.0 48.0 ,
6608.0 4048.0 228.0 108.0 and
6928.0 4080.0 64.0 76.0 a

4176.0 4176.0 340.0 112.0 silver
4620.0 4184.0 348.0 112.0 shade
5072.0 4196.0 124.0 100.0 of
5300.0 4220.0 344.0 100.0 gieen
5760.0 4192.0 428.0 116.0 known
6304.0 4220.0 128.0 84.0 as
6528.0 4204.0 464.0 120.0 serpent

4176.0 4348.0 380.0 96.0 green.

4296.0 4464.0 280.0 112.0 Two
4616.0 4472.0 456.0 132.0 elegant
5120.0 4480.0 436.0 112.0 dresses
5608.0 4512.0 304.0 80.0 worn
6004.0 4488.0 144.0 128.0 by
6244.0 4484.0 572.0 108.0 hostesses
6880.0 4488.0 116.0 104.0 nt

4240.0 4640.0 164.0 76.0 wo
4456.0 4624.0 372.0 104.0 recent
4884.0 4636.0 636.0 116.0 icccphons
5588.0 4656.0 292.0 80.0 were
5948.0 4628.0 428.0 112.0 madoa
6392.0 4660.0 24.0 44.0 <
6416.0 4660.0 24.0 60.0 <
6492.0 4628.0 440.0 108.0 follows
6960.0 4652.0 32.0 88.0 :

4184.0 4756.0 516.0 112.0 Onuwas
4752.0 4764.0 108.0 104.0 in
4916.0 4772.0 476.0 104.0 crushed
5480.0 4776.0 592.0 124.0 raspberry
6160.0 4776.0 360.0 108.0 velvet
6532.0 4852.0 28.0 48.0 ,
6656.0 4780.0 332.0 100.0 made

4184.0 4896.0 276.0 112.0 with
4508.0 4936.0 64.0 72.0 a
4620.0 4904.0 264.0 128.0 long
4932.0 4912.0 296.0 108.0 train
5336.0 4920.0 232.0 104.0 and
5656.0 4916.0 304.0 132.0 plain
5980.0 4996.0 24.0 48.0 ,
6100.0 4920.0 212.0 104.0 full
6396.0 4920.0 280.0 104.0 sklit
6692.0 4992.0 24.0 48.0 ,
6808.0 4916.0 192.0 108.0 the

4184.0 5040.0 408.0 128.0 beauty
4640.0 5052.0 232.0 108.0 and
4916.0 5056.0 508.0 108.0 richness
5472.0 5064.0 124.0 100.0 ot
5644.0 5064.0 192.0 104.0 the
5880.0 5064.0 508.0 108.0 material
6428.0 5060.0 572.0 132.0 requiting

4232.0 5220.0 104.0 72.0 10
4380.0 5192.0 688.0 112.0 elaboration
5128.0 5208.0 112.0 100.0 in
5288.0 5204.0 476.0 120.0 making
5812.0 5236.0 120.0 76.0 or
5984.0 5204.0 632.0 112.0 tilimning.
6760.0 5200.0 240.0 108.0 The

4220.0 5332.0 428.0 112.0 jointed
4700.0 5372.0 452.0 96.0 corsagu
5248.0 5376.0 232.0 80.0 was
5572.0 5352.0 272.0 108.0 hUh
5924.0 5368.0 112.0 88.0 to
6128.0 5352.0 188.0 104.0 tlio
6412.0 5348.0 288.0 104.0 skirt
6768.0 5348.0 232.0 104.0 and

4188.0 5500.0 232.0 84.0 was
4648.0 5488.0 424.0 108.0 shaded
5300.0 5492.0 144.0 124.0 by
5668.0 5524.0 68.0 72.0 a
5960.0 5492.0 292.0 112.0 lichu
6488.0 5492.0 120.0 104.0 in
6824.0 5520.0 184.0 76.0 c\-

4220.0 5620.0 376.0 124.0 julslto
4780.0 5632.0 192.0 104.0 old
5200.0 5635.0 328.0 124.0 point
5732.0 5635.0 144.0 104.0 do
6064.0 5635.0 444.0 108.0 leucon.
6760.0 5632.0 244.0 108.0 The

4188.0 5764.0 320.0 108.0 other
4672.0 5772.0 324.0 112.0 toilet
5164.0 5804.0 228.0 80.0 was
5560.0 5808.0 312.0 76.0 worn
6048.0 5784.0 144.0 120.0 by
6372.0 5812.0 68.0 72.0 a
6624.0 5804.0 384.0 100.0 young

4232.0 5912.0 436.0 104.0 named
4728.0 5916.0 292.0 128.0 lady.
5092.0 5920.0 744.0 112.0 Thecorsaso
5884.0 5948.0 232.0 80.0 was
6168.0 5924.0 112.0 104.0 In
6336.0 5920.0 664.0 120.0 ollvogrccn

4220.0 6052.0 192.0 104.0 md
4508.0 6052.0 552.0 116.0 brocaded
5152.0 6064.0 268.0 108.0 with
5536.0 6092.0 300.0 80.0 roses
5936.0 6068.0 116.0 104.0 in
6164.0 6064.0 292.0 108.0 their
6560.0 6068.0 448.0 104.0 natural

4216.0 6220.0 252.0 80.0 lines
4476.0 6272.0 28.0 48.0 ,
4608.0 6208.0 224.0 100.0 and
4928.0 6204.0 540.0 112.0 bordered
5548.0 6212.0 272.0 104.0 with
5904.0 6240.0 64.0 72.0 a
6076.0 6208.0 376.0 116.0 fringe
6520.0 6208.0 112.0 108.0 In
6732.0 6208.0 276.0 108.0 dark

4228.0 6364.0 300.0 80.0 'rccn
4576.0 6340.0 196.0 128.0 jet.
4900.0 6348.0 244.0 108.0 The
5188.0 6352.0 288.0 108.0 skirt
5520.0 6380.0 232.0 80.0 was
5800.0 6356.0 600.0 128.0 composed
6452.0 6360.0 116.0 96.0 ot
6620.0 6352.0 340.0 116.0 pekln
6980.0 6424.0 24.0 52.0 ,

4216.0 6488.0 752.0 120.0 inveiywide
5052.0 6492.0 408.0 132.0 stripes
5552.0 6500.0 124.0 100.0 of
5740.0 6496.0 296.0 108.0 olive
6088.0 6496.0 316.0 108.0 faille
6412.0 6572.0 24.0 44.0 ,
6492.0 6496.0 228.0 108.0 and
6820.0 6504.0 196.0 96.0 net

4216.0 6628.0 372.0 124.0 looped
4644.0 6660.0 260.0 80.0 over
4980.0 6635.0 224.0 108.0 ami
5284.0 6639.0 368.0 104.0 under
5736.0 6639.0 292.0 104.0 skirt
6072.0 6644.0 124.0 100.0 of
6260.0 6639.0 296.0 104.0 olive
6644.0 6635.0 356.0 108.0 faille.

4196.0 6776.0 108.0 96.0 A
4352.0 6780.0 496.0 100.0 costume
4936.0 6780.0 148.0 104.0 all
5136.0 6784.0 116.0 100.0 In
5340.0 6780.0 336.0 108.0 silver
5748.0 6808.0 276.0 100.0 piay
6072.0 6784.0 364.0 104.0 velvet
6444.0 6856.0 24.0 36.0 ,
6524.0 6808.0 284.0 80.0 even
6900.0 6784.0 120.0 100.0 to

4200.0 6912.0 188.0 108.0 the
4476.0 6916.0 424.0 108.0 bonnet
4908.0 6996.0 24.0 48.0 ,
4988.0 6928.0 280.0 96.0 muff
5332.0 6928.0 224.0 100.0 and
5624.0 6924.0 380.0 128.0 jacket
6012.0 7000.0 24.0 40.0 ,
6104.0 6952.0 224.0 76.0 was
6400.0 6947.0 304.0 80.0 vvoin
6764.0 6928.0 140.0 116.0 by
6952.0 6952.0 68.0 76.0 a

4196.0 7084.0 384.0 100.0 young
4624.0 7060.0 264.0 124.0 lady
4936.0 7068.0 420.0 104.0 visitor.
5488.0 7068.0 112.0 104.0 It
5688.0 7072.0 300.0 96.0 must
6076.0 7064.0 132.0 108.0 be
6256.0 7064.0 536.0 108.0 admitted
6812.0 7140.0 24.0 48.0 ,
6896.0 7068.0 116.0 100.0 in

4216.0 7200.0 208.0 104.0 fart
4436.0 7276.0 24.0 40.0 ,
4632.0 7204.0 244.0 104.0 that
5036.0 7236.0 304.0 76.0 some
5504.0 7212.0 124.0 100.0 of
5752.0 7208.0 188.0 100.0 the
6076.0 7216.0 292.0 96.0 most
6500.0 7208.0 520.0 104.0 elfectlvo

4216.0 7344.0 104.0 96.0 if
4440.0 7344.0 312.0 104.0 these
4912.0 7352.0 600.0 100.0 afternoon
5684.0 7352.0 444.0 104.0 diesses
6296.0 7356.0 280.0 100.0 have
6736.0 7356.0 276.0 104.0 been

4216.0 7487.0 92.0 96.0 in
4560.0 7487.0 308.0 120.0 plain
5116.0 7487.0 232.0 108.0 and
5596.0 7487.0 236.0 108.0 rich
6080.0 7496.0 368.0 108.0 velvet
6456.0 7567.0 28.0 52.0 ,
6740.0 7524.0 268.0 96.0 very

4192.0 7620.0 416.0 132.0 simply
4772.0 7632.0 328.0 108.0 made
5104.0 7708.0 28.0 44.0 ,
5264.0 7635.0 228.0 104.0 and
5668.0 7639.0 280.0 104.0 with
6116.0 7639.0 496.0 124.0 scaicely
6784.0 7664.0 232.0 104.0 any

4196.0 7764.0 580.0 132.0 tilniming
4780.0 7848.0 28.0 48.0 ,
4860.0 7776.0 188.0 104.0 the
5092.0 7780.0 408.0 124.0 beauty
5548.0 7780.0 124.0 104.0 of
5740.0 7780.0 184.0 108.0 the
5976.0 7784.0 524.0 108.0 material
6552.0 7784.0 228.0 104.0 and
6832.0 7788.0 188.0 100.0 the

4212.0 7912.0 608.0 120.0 lieifcction
4872.0 7920.0 124.0 104.0 of
5040.0 7916.0 188.0 108.0 the
5280.0 7924.0 116.0 104.0 lit
5444.0 7924.0 124.0 104.0 of
5656.0 7924.0 188.0 108.0 the
5916.0 7928.0 316.0 104.0 diess
6284.0 7928.0 500.0 124.0 forming
6832.0 7932.0 188.0 100.0 the

4212.0 8056.0 432.0 120.0 lilgliest
4692.0 8064.0 324.0 124.0 types
5072.0 8068.0 124.0 100.0 of
5260.0 8064.0 576.0 124.0 elegance.
5976.0 8072.0 192.0 100.0 An
6264.0 8072.0 484.0 124.0 original
6796.0 8099.0 188.0 80.0 cos-

4196.0 8200.0 308.0 104.0 tume
4548.0 8204.0 116.0 100.0 to
4708.0 8204.0 132.0 104.0 bo
4896.0 8232.0 304.0 80.0 worn
5252.0 8208.0 144.0 124.0 by
5484.0 8240.0 64.0 76.0 a
5644.0 8212.0 248.0 104.0 well
5988.0 8232.0 424.0 88.0 Known
6532.0 8216.0 492.0 124.0 military

4196.0 8368.0 264.0 80.0 man
4516.0 8344.0 116.0 104.0 In
4684.0 8344.0 324.0 108.0 Paris
5056.0 8368.0 120.0 88.0 at
5220.0 8384.0 64.0 72.0 a
5336.0 8356.0 344.0 112.0 fancy
5772.0 8356.0 312.0 104.0 dress
6172.0 8360.0 216.0 100.0 ball
6484.0 8360.0 92.0 104.0 is
6668.0 8356.0 356.0 112.0 called

4204.0 8480.0 936.0 140.0 Imagod'Eplnal
5152.0 8571.0 28.0 36.0 ,
5312.0 8496.0 108.0 104.0 It
5508.0 8500.0 488.0 108.0 consists
6084.0 8504.0 124.0 100.0 of
6292.0 8500.0 344.0 108.0 white
6720.0 8504.0 300.0 104.0 satin

4212.0 8628.0 512.0 108.0 breeches
4768.0 8636.0 228.0 104.0 and
5084.0 8668.0 64.0 76.0 a
5232.0 8647.0 256.0 96.0 coat
5564.0 8668.0 304.0 100.0 upon
5928.0 8643.0 368.0 108.0 which
6344.0 8672.0 184.0 80.0 are
6576.0 8647.0 452.0 124.0 piinted

4204.0 8772.0 120.0 104.0 In
4416.0 8776.0 360.0 104.0 colors
4848.0 8780.0 228.0 104.0 and
5168.0 8784.0 120.0 104.0 In
5384.0 8788.0 328.0 104.0 small
5804.0 8812.0 404.0 104.0 squaio
6300.0 8788.0 384.0 108.0 blocks
6740.0 8791.0 288.0 120.0 fairy-

4204.0 8912.0 280.0 112.0 tales
4528.0 8920.0 124.0 104.0 of
4696.0 8920.0 144.0 104.0 all
4888.0 8924.0 380.0 108.0 kinds.
5412.0 8928.0 416.0 120.0 Eplnal
5948.0 8932.0 116.0 104.0 In
6160.0 8936.0 188.0 100.0 the
6428.0 8932.0 432.0 120.0 Vosecs
6936.0 8936.0 96.0 100.0 is

4204.0 9060.0 448.0 108.0 famous
4788.0 9068.0 180.0 104.0 for
5100.0 9072.0 144.0 104.0 Its
5352.0 9072.0 612.0 108.0 children's
6076.0 9076.0 428.0 128.0 picture
6608.0 9076.0 404.0 104.0 books.

4204.0 9200.0 404.0 108.0 Sheets
4652.0 9212.0 124.0 100.0 of
4824.0 9212.0 296.0 124.0 fairy
5168.0 9216.0 280.0 104.0 tales
5496.0 9244.0 188.0 80.0 are
5732.0 9216.0 236.0 104.0 sold
6008.0 9224.0 308.0 100.0 tlicio
6360.0 9240.0 116.0 84.0 to
6524.0 9220.0 184.0 100.0 the
6760.0 9216.0 228.0 104.0 mul-

4208.0 9343.0 360.0 108.0 titude
4620.0 9356.0 180.0 100.0 for
4848.0 9356.0 188.0 104.0 tlio
5084.0 9368.0 428.0 96.0 modest
5564.0 9388.0 112.0 96.0 pi
5704.0 9360.0 164.0 108.0 Ice
5912.0 9364.0 124.0 100.0 of
6084.0 9364.0 48.0 100.0 1
6180.0 9372.0 260.0 96.0 cent
6484.0 9360.0 300.0 108.0 each.

4488.0 9560.0 200.0 96.0 llo
4744.0 9563.0 308.0 100.0 Will
5128.0 9567.0 184.0 92.0 no
5396.0 9567.0 568.0 120.0 Hoyally
6028.0 9571.0 664.0 96.0 Ilecrivcd
6716.0 9632.0 28.0 52.0 ,

4432.0 9704.0 36.0 108.0 [
4480.0 9704.0 536.0 108.0 fopi/rfu/it
4916.0 9704.0 32.0 88.0 /
5072.0 9712.0 124.0 84.0 JW
5196.0 9744.0 24.0 52.0 >
5228.0 9708.0 212.0 104.0 7liv
5476.0 9708.0 336.0 92.0 Jai/irji
5860.0 9712.0 404.0 92.0 GoicJim
6308.0 9712.0 500.0 104.0 Jicmieft.l

4332.0 9824.0 488.0 112.0 Biiuix
4484.0 9852.0 24.0 80.0 :
4820.0 9904.0 32.0 48.0 ,
4960.0 9836.0 388.0 108.0 March
5452.0 9848.0 88.0 92.0 5.
5692.0 9840.0 36.0 124.0 [
5744.0 9836.0 280.0 104.0 Now
6140.0 9836.0 316.0 104.0 Yoik
6608.0 9836.0 420.0 108.0 Heiald

4216.0 9972.0 340.0 108.0 Cable
4684.0 9976.0 444.0 124.0 Special
5240.0 9984.0 112.0 100.0 to
5440.0 9980.0 192.0 104.0 tlio
5744.0 9980.0 212.0 104.0 Bin
5972.0 10008.0 24.0 76.0 :
6008.0 10056.0 24.0 28.0 .
6044.0 9980.0 36.0 128.0 ]
6228.0 9980.0 804.0 108.0 Considerable

4208.0 10124.0 720.0 96.0 amuacment
5020.0 10128.0 196.0 96.0 has
5300.0 10124.0 276.0 104.0 been
5628.0 10124.0 408.0 104.0 caused
6108.0 10128.0 260.0 100.0 hero
6416.0 10128.0 144.0 116.0 by
6604.0 10128.0 192.0 100.0 the
6880.0 10128.0 120.0 100.0 ef-

4212.0 10259.0 284.0 104.0 forts
4544.0 10263.0 120.0 96.0 of
4712.0 10259.0 812.0 112.0 International
5588.0 10272.0 448.0 120.0 gossips
6084.0 10267.0 116.0 100.0 to
6264.0 10267.0 256.0 120.0 give
6568.0 10296.0 64.0 76.0 a
6676.0 10267.0 316.0 124.0 diplo-

4212.0 10408.0 340.0 100.0 matic
4632.0 10408.0 540.0 120.0 meaning
5240.0 10415.0 116.0 96.0 to
5404.0 10408.0 160.0 104.0 M.
5652.0 10411.0 688.0 120.0 DeLesscps'
6392.0 10411.0 272.0 104.0 visit
6748.0 10423.0 280.0 92.0 next

4208.0 10544.0 348.0 108.0 week.
4684.0 10548.0 364.0 108.0 There
5096.0 10552.0 92.0 100.0 Is
5196.0 10624.0 24.0 44.0 ,
5276.0 10552.0 516.0 108.0 however
5796.0 10628.0 24.0 44.0 ,
5872.0 10579.0 68.0 72.0 a
6008.0 10556.0 460.0 104.0 marked
6516.0 10552.0 440.0 120.0 disposi-

4208.0 10688.0 236.0 104.0 tion
4500.0 10688.0 112.0 104.0 In
4664.0 10696.0 316.0 100.0 cotut
5024.0 10696.0 224.0 100.0 and
5300.0 10696.0 496.0 124.0 political
5844.0 10696.0 384.0 104.0 circles
6276.0 10700.0 116.0 100.0 to
6444.0 10708.0 328.0 92.0 make
6832.0 10700.0 196.0 96.0 the

4212.0 10832.0 264.0 100.0 visit
4568.0 10860.0 140.0 76.0 an
4820.0 10840.0 512.0 100.0 occasion
5452.0 10840.0 176.0 100.0 for
5708.0 10868.0 68.0 72.0 a
5840.0 10840.0 452.0 104.0 notable
6380.0 10836.0 464.0 128.0 display
6912.0 10840.0 120.0 96.0 of

4208.0 10972.0 636.0 128.0 fileudshlp
4928.0 10980.0 428.0 100.0 towaid
5404.0 10980.0 188.0 104.0 the
5640.0 10976.0 432.0 108.0 Fiench
6124.0 10980.0 416.0 124.0 people
6600.0 11008.0 124.0 76.0 as
6772.0 11008.0 260.0 76.0 now

4204.0 11119.0 584.0 116.0 airanged.
4916.0 11119.0 152.0 104.0 M.
5164.0 11119.0 656.0 128.0 DeLesseps
5872.0 11119.0 232.0 108.0 will
6164.0 11128.0 280.0 100.0 have
6492.0 11152.0 64.0 76.0 a
6604.0 11124.0 424.0 112.0 special

4204.0 11263.0 564.0 120.0 reception
4824.0 11288.0 148.0 76.0 on
5032.0 11263.0 716.0 120.0 Wednesday
5796.0 11267.0 112.0 100.0 at
5996.0 11263.0 192.0 108.0 the
6232.0 11267.0 420.0 124.0 palace.
6784.0 11263.0 248.0 108.0 The

4208.0 11404.0 324.0 104.0 usual
4612.0 11404.0 592.0 128.0 Thursday
5296.0 11411.0 328.0 116.0 night
5672.0 11408.0 384.0 128.0 palace
6156.0 11411.0 576.0 120.0 icceptlon
6828.0 11411.0 204.0 104.0 has

4208.0 11548.0 280.0 100.0 been
4580.0 11552.0 620.0 124.0 postponed
5216.0 11628.0 24.0 44.0 ,
5352.0 11552.0 600.0 120.0 Thursday
6020.0 11556.0 340.0 120.0 being
6476.0 11584.0 64.0 76.0 a
6632.0 11552.0 400.0 128.0 family

4208.0 11692.0 788.0 128.0 annlveisary.
5136.0 11696.0 812.0 116.0 Pieparatlons
6036.0 11723.0 188.0 80.0 are
6332.0 11723.0 256.0 80.0 now
6696.0 11700.0 340.0 120.0 being

4216.0 11836.0 320.0 108.0 made
4580.0 11836.0 180.0 104.0 for
4796.0 11836.0 188.0 104.0 the
5072.0 11840.0 572.0 128.0 reception
5696.0 11844.0 128.0 100.0 of
5888.0 11844.0 148.0 100.0 M.
6100.0 11844.0 168.0 100.0 Do
6328.0 11840.0 484.0 112.0 Lessens
6880.0 11868.0 144.0 76.0 on

4212.0 11976.0 592.0 128.0 Thursday
4892.0 11996.0 120.0 88.0 at
5120.0 11984.0 184.0 104.0 the
5392.0 11984.0 800.0 112.0 Ethnolodcal
6288.0 12012.0 508.0 80.0 museum
6884.0 11988.0 148.0 120.0 by

4216.0 12119.0 444.0 108.0 various
4744.0 12123.0 456.0 108.0 learned
5280.0 12128.0 508.0 104.0 societies
5860.0 12136.0 120.0 96.0 ot
6092.0 12128.0 548.0 108.0 sclentiltc
6736.0 12156.0 288.0 80.0 men.

4216.0 12271.0 176.0 100.0 On
4448.0 12263.0 408.0 128.0 Fiiday
4900.0 12271.0 232.0 100.0 and
5216.0 12271.0 556.0 120.0 Saturday
5864.0 12271.0 764.0 104.0 thciowillbe
6720.0 12275.0 272.0 120.0 piob

4216.0 12411.0 256.0 120.0 ably
4576.0 12415.0 288.0 100.0 state
4968.0 12415.0 472.0 104.0 dinners
5552.0 12415.0 116.0 104.0 In
5824.0 12415.0 176.0 100.0 his
6128.0 12415.0 364.0 104.0 honor
6624.0 12419.0 116.0 104.0 at
6852.0 12419.0 184.0 100.0 the

4216.0 12556.0 528.0 128.0 Imperial
4832.0 12560.0 380.0 124.0 palace
5316.0 12579.0 236.0 84.0 and
5640.0 12560.0 192.0 104.0 the
5944.0 12560.0 440.0 104.0 Fiencli
6472.0 12564.0 552.0 116.0 embassy.

4212.0 12700.0 736.0 124.0 Thiougliout
4996.0 12704.0 224.0 100.0 this
5264.0 12712.0 252.0 116.0 stay
5604.0 12704.0 148.0 100.0 M.
5832.0 12704.0 164.0 100.0 De
6052.0 12704.0 212.0 104.0 Les
6332.0 12731.0 196.0 88.0 eps
6584.0 12704.0 224.0 104.0 will
6900.0 12708.0 132.0 100.0 bo

4216.0 12844.0 420.0 104.0 treated
4688.0 12844.0 408.0 104.0 almost
5128.0 12872.0 124.0 76.0 as
5348.0 12875.0 68.0 72.0 a
5500.0 12844.0 312.0 124.0 royal
5868.0 12844.0 396.0 104.0 visitor
6268.0 12924.0 24.0 44.0 ,
6352.0 12875.0 120.0 76.0 so
6520.0 12875.0 332.0 96.0 eager
6936.0 12852.0 100.0 100.0 is

4216.0 12988.0 384.0 104.0 Berlin
4656.0 12992.0 112.0 96.0 to
4812.0 12988.0 312.0 104.0 show
5172.0 12988.0 140.0 104.0 Its
5356.0 12992.0 292.0 116.0 good
5728.0 12976.0 236.0 116.0 will
6020.0 12992.0 480.0 104.0 towards
6560.0 12992.0 464.0 104.0 Franco.

4216.0 13132.0 108.0 100.0 It
4448.0 13132.0 92.0 100.0 Is
4660.0 13140.0 520.0 96.0 rumored
5344.0 13136.0 248.0 100.0 tclat
5756.0 13132.0 228.0 100.0 this
6148.0 13136.0 492.0 100.0 German
6812.0 13136.0 220.0 128.0 tiip

4212.0 13300.0 232.0 80.0 was
4484.0 13288.0 548.0 100.0 nirangod
5112.0 13279.0 112.0 96.0 In
5280.0 13275.0 328.0 104.0 order
5656.0 13279.0 108.0 100.0 to
5812.0 13279.0 364.0 100.0 create
6224.0 13308.0 64.0 72.0 a
6340.0 13263.0 356.0 120.0 better
6748.0 13279.0 220.0 104.0 feelIng
6976.0 13332.0 36.0 24.0 -

4216.0 13419.0 196.0 124.0 Ing
4456.0 13419.0 500.0 104.0 between
5012.0 13419.0 560.0 120.0 Germany
5624.0 13415.0 224.0 108.0 and
5900.0 13419.0 452.0 108.0 France.
6484.0 13423.0 544.0 116.0 Through

4212.0 13564.0 648.0 104.0 thocoidlal
4944.0 13587.0 472.0 80.0 manner
5504.0 13564.0 112.0 100.0 In
5732.0 13564.0 368.0 108.0 which
6156.0 13564.0 144.0 104.0 M.
6384.0 13567.0 648.0 124.0 DoLesseps

4212.0 13700.0 236.0 112.0 will
4496.0 13704.0 132.0 104.0 bo
4708.0 13708.0 508.0 104.0 received
5264.0 13708.0 136.0 100.0 lie
5448.0 13708.0 232.0 104.0 will
5732.0 13708.0 256.0 104.0 thus
6036.0 13708.0 476.0 124.0 peihaps
6564.0 13712.0 176.0 104.0 act
6792.0 13739.0 128.0 76.0 as
6968.0 13739.0 68.0 76.0 a

4212.0 13848.0 732.0 124.0 peacemaker
4948.0 13924.0 24.0 44.0 ,
5024.0 13852.0 200.0 100.0 but
5264.0 13848.0 244.0 104.0 that
5556.0 13852.0 136.0 100.0 ho
5740.0 13848.0 96.0 104.0 Is
5944.0 13852.0 484.0 112.0 chaigcd
6480.0 13852.0 272.0 104.0 with
6804.0 13879.0 232.0 96.0 any

4216.0 13988.0 416.0 128.0 special
4680.0 13992.0 468.0 104.0 mission
5208.0 13992.0 600.0 124.0 regarding
5852.0 13992.0 376.0 128.0 Egypt
6328.0 13996.0 96.0 96.0 is
6476.0 13996.0 544.0 112.0 regaided

4220.0 14156.0 124.0 80.0 as
4392.0 14131.0 636.0 104.0 ridiculous.
5160.0 14131.0 108.0 104.0 It
5316.0 14136.0 92.0 100.0 is
5476.0 14140.0 680.0 100.0 announced
6248.0 14136.0 244.0 104.0 that
6548.0 14140.0 188.0 100.0 the
6816.0 14164.0 176.0 76.0 em-

4220.0 14300.0 328.0 96.0 peror
4648.0 14275.0 228.0 104.0 will
4964.0 14279.0 400.0 100.0 confer
5460.0 14300.0 312.0 80.0 some
5856.0 14279.0 652.0 104.0 decoration
6600.0 14308.0 148.0 72.0 on
6844.0 14279.0 192.0 104.0 the

4224.0 14419.0 428.0 108.0 "grand
4688.0 14415.0 568.0 104.0 Francais'
5272.0 14419.0 28.0 52.0 '
5340.0 14415.0 424.0 116.0 during
5812.0 14415.0 176.0 104.0 his
6032.0 14423.0 284.0 116.0 stay.

4812.0 14684.0 880.0 96.0 I'ucuLiiAii
5744.0 14684.0 696.0 100.0 CUIMIH.

4220.0 14883.0 424.0 104.0 Three
4700.0 14887.0 608.0 96.0 Unusual
5364.0 14887.0 708.0 96.0 Incidents
6136.0 14891.0 420.0 96.0 Noted
6628.0 14895.0 400.0 96.0 From

5336.0 15031.0 588.0 100.0 Ijoniton.

4332.0 15180.0 36.0 108.0 [
4380.0 15172.0 536.0 108.0 Coputlolit
5008.0 15172.0 212.0 88.0 JSS7
5316.0 15172.0 124.0 104.0 LV
5516.0 15172.0 284.0 88.0 Jnm'
5916.0 15172.0 416.0 96.0 Gitilm
6412.0 15176.0 504.0 108.0 Rennett.l

4340.0 15296.0 528.0 108.0 LONDON
4876.0 15367.0 24.0 44.0 ,
5012.0 15296.0 388.0 104.0 March
5504.0 15300.0 88.0 100.0 5.
5744.0 15300.0 28.0 124.0 [
5788.0 15296.0 288.0 108.0 Now
6184.0 15300.0 300.0 104.0 Vork
6612.0 15308.0 428.0 100.0 Herald

4224.0 15439.0 336.0 108.0 Cable
4688.0 15439.0 436.0 124.0 Special
5172.0 15452.0 116.0 92.0 to
5348.0 15439.0 188.0 104.0 the
5592.0 15439.0 344.0 124.0 Bii.J
5736.0 15464.0 28.0 84.0 :
5824.0 15468.0 28.0 76.0 :
6084.0 15439.0 360.0 108.0 Tlueo
6532.0 15443.0 472.0 108.0 Interest-

4224.0 15587.0 196.0 120.0 Ing
4464.0 15583.0 520.0 104.0 criminal
5032.0 15583.0 572.0 104.0 Incidents
5652.0 15583.0 540.0 104.0 occurred
6276.0 15587.0 264.0 104.0 hoio
6628.0 15591.0 404.0 120.0 to-day.

4224.0 15727.0 140.0 104.0 In
4412.0 15727.0 188.0 104.0 the
4648.0 15739.0 320.0 92.0 court
5012.0 15727.0 520.0 104.0 reserved
5644.0 15727.0 180.0 100.0 for
5908.0 15756.0 380.0 76.0 ciown
6340.0 15756.0 312.0 80.0 cases
6656.0 15807.0 24.0 44.0 ,
6732.0 15760.0 248.0 76.0 com-

4224.0 15872.0 344.0 124.0 posed
4616.0 15872.0 124.0 100.0 of
4784.0 15872.0 148.0 100.0 all
4980.0 15872.0 192.0 100.0 tlio
5212.0 15868.0 404.0 128.0 judges
5620.0 15944.0 28.0 44.0 ,
5732.0 15899.0 64.0 72.0 a
5860.0 15868.0 500.0 108.0 decision
6420.0 15895.0 236.0 80.0 was
6704.0 15883.0 332.0 112.0 given

4228.0 16020.0 116.0 96.0 in
4396.0 16043.0 68.0 72.0 a
4508.0 16012.0 500.0 128.0 peculiar
5048.0 16039.0 252.0 76.0 case
5344.0 16016.0 120.0 96.0 of
5552.0 16016.0 492.0 120.0 larceny.
6220.0 16016.0 240.0 104.0 The
6536.0 16020.0 512.0 108.0 prisoner

4228.0 16156.0 220.0 108.0 had
4556.0 16160.0 328.0 100.0 made
4988.0 16184.0 520.0 80.0 common
5624.0 16160.0 340.0 100.0 metal
6072.0 16152.0 300.0 112.0 discs
6464.0 16164.0 360.0 100.0 which
6904.0 16164.0 144.0 104.0 ho

4228.0 16300.0 500.0 124.0 dropped
4780.0 16300.0 244.0 104.0 Into
5108.0 16324.0 144.0 80.0 an
5364.0 16300.0 612.0 104.0 automatic
6076.0 16300.0 536.0 116.0 clgaiotto
6720.0 16304.0 332.0 124.0 pillar

4232.0 16447.0 116.0 104.0 at
4512.0 16472.0 64.0 76.0 a
4740.0 16443.0 464.0 120.0 railway
5368.0 16443.0 420.0 100.0 station
5948.0 16443.0 440.0 104.0 Instead
6552.0 16447.0 124.0 100.0 of
6856.0 16447.0 192.0 104.0 the

4236.0 16608.0 596.0 104.0 nccessaiy
4940.0 16612.0 392.0 100.0 penny
5332.0 16659.0 24.0 48.0 ,
5508.0 16583.0 232.0 104.0 nnd
5892.0 16583.0 460.0 124.0 thereby
6512.0 16587.0 536.0 108.0 obtained

4240.0 16731.0 176.0 104.0 his
4460.0 16727.0 536.0 124.0 smoking
5040.0 16727.0 504.0 124.0 cheaply.
5680.0 16727.0 280.0 104.0 This
5972.0 16803.0 20.0 52.0 ,
6048.0 16731.0 120.0 104.0 at
6232.0 16731.0 188.0 104.0 the
6468.0 16731.0 252.0 104.0 tiial
6732.0 16807.0 24.0 44.0 ,
6820.0 16760.0 164.0 76.0 wa

4236.0 16872.0 256.0 108.0 held
4544.0 16883.0 116.0 92.0 to
4704.0 16876.0 136.0 100.0 bo
4904.0 16876.0 460.0 120.0 larceny
5368.0 16944.0 28.0 48.0 ,
5448.0 16872.0 228.0 104.0 and
5728.0 16872.0 188.0 104.0 the
6000.0 16872.0 500.0 104.0 decision
6572.0 16899.0 232.0 80.0 was
6852.0 16903.0 152.0 84.0 up-

4240.0 17016.0 256.0 104.0 held
4544.0 17016.0 144.0 104.0 bv
4736.0 17020.0 188.0 100.0 the
4984.0 17016.0 208.0 100.0 full
5244.0 17020.0 344.0 100.0 court.
5716.0 17016.0 248.0 100.0 The
6008.0 17016.0 472.0 104.0 defense
6520.0 17043.0 236.0 76.0 was
6804.0 17020.0 244.0 108.0 that

4240.0 17160.0 312.0 104.0 there
4640.0 17184.0 232.0 80.0 was
4956.0 17184.0 152.0 76.0 no
5196.0 17160.0 572.0 100.0 felonious
5820.0 17156.0 636.0 108.0 intentions
6464.0 17236.0 20.0 36.0 ,
6548.0 17160.0 188.0 100.0 but
6808.0 17164.0 244.0 104.0 that

4240.0 17304.0 188.0 104.0 the
4472.0 17312.0 180.0 92.0 act
4696.0 17328.0 228.0 76.0 was
4968.0 17300.0 656.0 104.0 committed
5676.0 17328.0 120.0 72.0 as
5864.0 17328.0 64.0 76.0 a
6016.0 17300.0 296.0 124.0 joke.
6448.0 17304.0 244.0 100.0 Tito
6740.0 17304.0 312.0 104.0 chief

4236.0 17443.0 408.0 124.0 justice
4688.0 17447.0 244.0 100.0 said
4972.0 17443.0 188.0 104.0 the
5204.0 17443.0 288.0 104.0 Ictrnl
5540.0 17447.0 332.0 96.0 ellcct
5920.0 17472.0 228.0 76.0 was
6200.0 17443.0 184.0 104.0 the
6432.0 17472.0 304.0 76.0 same
6784.0 17476.0 128.0 76.0 as
6960.0 17447.0 92.0 100.0 If

4240.0 17616.0 64.0 76.0 a
4352.0 17587.0 288.0 104.0 false
4684.0 17587.0 220.0 116.0 key
4952.0 17583.0 216.0 104.0 had
5216.0 17587.0 276.0 100.0 been
5548.0 17583.0 268.0 104.0 used
5912.0 17591.0 224.0 96.0 and
6220.0 17587.0 188.0 104.0 the
6452.0 17616.0 540.0 76.0 conserva-

4240.0 17731.0 244.0 104.0 tion
4536.0 17731.0 124.0 100.0 of
4700.0 17727.0 188.0 108.0 the
4940.0 17735.0 520.0 116.0 property
5500.0 17727.0 684.0 108.0 established
6248.0 17759.0 64.0 72.0 n
6364.0 17735.0 208.0 100.0 bad
6628.0 17735.0 408.0 104.0 intent.

4708.0 17895.0 644.0 84.0 I'UCULIAU
5404.0 17895.0 504.0 80.0 IIIOAMV
5960.0 17891.0 604.0 88.0 DECISION.

4356.0 18024.0 188.0 100.0 An
4600.0 18020.0 284.0 100.0 hour
4928.0 18016.0 280.0 104.0 later
5256.0 18012.0 112.0 104.0 In
5420.0 18020.0 188.0 100.0 the
5652.0 18016.0 428.0 104.0 conhal
6128.0 18016.0 520.0 108.0 ciiminal
6684.0 18024.0 316.0 100.0 court
7004.0 18096.0 28.0 40.0 ,

4236.0 18191.0 68.0 76.0 a
4348.0 18187.0 260.0 76.0 man
4668.0 18187.0 224.0 76.0 was
4936.0 18160.0 596.0 104.0 convicted
5568.0 18160.0 128.0 100.0 of
5740.0 18160.0 448.0 124.0 bigamy
6276.0 18164.0 544.0 124.0 although
6908.0 18176.0 136.0 92.0 ho

4236.0 18304.0 504.0 108.0 believed
4784.0 18304.0 180.0 104.0 his
5012.0 18304.0 236.0 104.0 lirst
5296.0 18304.0 268.0 104.0 wife
5608.0 18304.0 284.0 104.0 dead
5948.0 18308.0 324.0 100.0 when
6332.0 18316.0 132.0 92.0 ho
6564.0 18308.0 456.0 100.0 marrlcr

4236.0 18447.0 180.0 108.0 his
4460.0 18447.0 416.0 104.0 second
4924.0 18443.0 300.0 108.0 wlfo.
5352.0 18443.0 244.0 104.0 The
5648.0 18472.0 312.0 76.0 news
6008.0 18447.0 124.0 96.0 of
6180.0 18443.0 176.0 104.0 his
6420.0 18447.0 232.0 104.0 lirst
6684.0 18447.0 368.0 104.0 wile's

4240.0 18591.0 332.0 104.0 death
4620.0 18616.0 228.0 76.0 was
4856.0 18659.0 28.0 44.0 ,
4936.0 18587.0 524.0 104.0 however
5464.0 18659.0 24.0 48.0 ,
5548.0 18591.0 664.0 112.0 piomature.
6288.0 18587.0 228.0 100.0 She
6560.0 18591.0 220.0 100.0 had
6828.0 18591.0 212.0 104.0 ial-

4244.0 18731.0 224.0 104.0 lied
4584.0 18731.0 296.0 100.0 from
4984.0 18755.0 68.0 76.0 a
5152.0 18724.0 472.0 108.0 decided
5740.0 18727.0 340.0 100.0 death
6164.0 18727.0 500.0 116.0 stuigglo
6756.0 18731.0 272.0 112.0 long

4240.0 18876.0 452.0 116.0 enough
4740.0 18872.0 116.0 100.0 to
4900.0 18868.0 432.0 104.0 remain
5380.0 18868.0 296.0 104.0 allvo
5724.0 18868.0 300.0 104.0 until
6072.0 18868.0 224.0 104.0 two
6344.0 18868.0 340.0 108.0 hours
6728.0 18872.0 296.0 104.0 after

4244.0 19016.0 192.0 104.0 the
4540.0 19012.0 580.0 120.0 bigamous
5224.0 19035.0 632.0 92.0 ceremony.
6072.0 19004.0 244.0 108.0 The
6436.0 19012.0 624.0 124.0 prisoner's

4248.0 19151.0 444.0 112.0 mailtal
4740.0 19151.0 320.0 104.0 haste
5108.0 19156.0 240.0 100.0 cost
5396.0 19147.0 232.0 104.0 him
5680.0 19147.0 252.0 104.0 four
5976.0 19156.0 460.0 100.0 months
6468.0 19156.0 276.0 100.0 with
6780.0 19160.0 276.0 104.0 liaid

4256.0 19299.0 332.0 104.0 labor.

4720.0 19455.0 492.0 88.0 DAUINO
5288.0 19455.0 628.0 84.0 HIGHWAY
5968.0 19459.0 612.0 88.0 llOIllinUV.

4364.0 19579.0 384.0 104.0 About
4792.0 19579.0 192.0 104.0 the
5028.0 19603.0 308.0 80.0 name
5380.0 19579.0 276.0 104.0 time
5700.0 19579.0 244.0 104.0 that
6008.0 19579.0 312.0 108.0 these
6368.0 19611.0 312.0 76.0 cases
6772.0 19611.0 292.0 80.0 were

4248.0 19724.0 340.0 120.0 being
4632.0 19720.0 304.0 108.0 dealt
4976.0 19724.0 272.0 104.0 with
5296.0 19731.0 116.0 96.0 at
5456.0 19720.0 188.0 104.0 the
5704.0 19724.0 260.0 100.0 Kast
6068.0 19720.0 248.0 108.0 End
6332.0 19800.0 28.0 40.0 ,
6488.0 19755.0 64.0 76.0 a
6660.0 19727.0 408.0 124.0 dailng

4252.0 19864.0 528.0 128.0 highway
4820.0 19868.0 468.0 124.0 robbery
5332.0 19891.0 232.0 80.0 wan
5600.0 19868.0 592.0 124.0 occtinIng
6280.0 19868.0 120.0 104.0 in
6452.0 19876.0 188.0 100.0 the
6764.0 19872.0 272.0 108.0 Wesi

4248.0 20012.0 292.0 104.0 End.
4668.0 20012.0 244.0 100.0 The
4984.0 20012.0 512.0 104.0 incident
5540.0 19995.0 604.0 116.0 resembles
6224.0 20016.0 248.0 100.0 tnat
6560.0 20016.0 504.0 104.0 between

4248.0 20151.0 264.0 112.0 Mrs.
4572.0 20151.0 452.0 124.0 Dubaiy
5068.0 20151.0 228.0 104.0 and
5344.0 20151.0 188.0 104.0 tlio
5580.0 20155.0 504.0 120.0 recently
6152.0 20155.0 576.0 116.0 pardoned
6836.0 20155.0 196.0 104.0 rob-

4248.0 20299.0 192.0 104.0 ber
4484.0 20299.0 124.0 100.0 of
4648.0 20295.0 288.0 104.0 Now
4984.0 20295.0 348.0 104.0 York.
5456.0 20295.0 248.0 104.0 The
5792.0 20316.0 336.0 84.0 scone
6216.0 20295.0 96.0 104.0 is
6388.0 20295.0 676.0 112.0 Westbourn

4244.0 20443.0 476.0 104.0 Terrace
4724.0 20515.0 24.0 48.0 ,
4804.0 20468.0 124.0 76.0 ns
4980.0 20439.0 712.0 104.0 fashionable
5756.0 20435.0 224.0 104.0 nnd
6020.0 20468.0 124.0 72.0 as
6228.0 20439.0 604.0 128.0 populated
6948.0 20476.0 60.0 72.0 a

4260.0 20587.0 188.0 104.0 the
4664.0 20611.0 356.0 100.0 upper
5260.0 20587.0 252.0 116.0 part
5716.0 20587.0 120.0 96.0 ot
6084.0 20579.0 308.0 108.0 Fifth
6600.0 20611.0 436.0 80.0 avenue
7040.0 20663.0 8.0 28.0 ,

4244.0 20731.0 320.0 100.0 Time
4572.0 20804.0 24.0 48.0 ,
4652.0 20751.0 340.0 80.0 noon.
5124.0 20728.0 244.0 104.0 The
5416.0 20728.0 804.0 120.0 thnroiighf.no
6304.0 20728.0 92.0 104.0 is
6504.0 20731.0 512.0 104.0 crowded

4240.0 20876.0 244.0 100.0 The
4572.0 20876.0 628.0 100.0 characters
5320.0 20895.0 184.0 76.0 are
5592.0 20872.0 268.0 104.0 Mrs.
5996.0 20872.0 444.0 104.0 Hussell
6560.0 20872.0 468.0 108.0 Roberts
7040.0 20952.0 8.0 32.0 ,

4252.0 21020.0 264.0 104.0 wlfo
4684.0 21016.0 124.0 100.0 of
4996.0 21016.0 184.0 100.0 the
5344.0 21012.0 516.0 108.0 eminent
6064.0 21016.0 532.0 104.0 barrister
6600.0 21092.0 24.0 44.0 ,
6844.0 21020.0 204.0 104.0 anil

4248.0 21164.0 224.0 104.0 two
4508.0 21155.0 560.0 104.0 members
5116.0 21159.0 120.0 96.0 of
5288.0 21151.0 180.0 108.0 the
5556.0 21155.0 312.0 104.0 swell
5952.0 21159.0 284.0 104.0 mob.
6372.0 21159.0 220.0 104.0 She
6672.0 21159.0 92.0 104.0 is
6852.0 21191.0 184.0 72.0 car-

4248.0 21303.0 336.0 124.0 rying
4632.0 21328.0 60.0 76.0 a
4748.0 21295.0 264.0 120.0 gold
5056.0 21295.0 256.0 104.0 card
5360.0 21324.0 252.0 76.0 case
5680.0 21295.0 112.0 104.0 In
5908.0 21320.0 216.0 84.0 one
6236.0 21303.0 304.0 104.0 hand
6648.0 21303.0 232.0 104.0 and
7008.0 21336.0 64.0 76.0 a

4276.0 21443.0 320.0 104.0 small
4696.0 21439.0 208.0 116.0 bag
4980.0 21439.0 672.0 120.0 containing
5716.0 21439.0 160.0 108.0 S.V
5876.0 21443.0 36.0 88.0 )
5960.0 21439.0 112.0 104.0 In
6128.0 21439.0 188.0 104.0 the
6360.0 21443.0 324.0 104.0 other
6728.0 21447.0 300.0 104.0 hand

4252.0 21579.0 588.0 128.0 Suddenly
4884.0 21607.0 216.0 76.0 one
5144.0 21583.0 112.0 96.0 ot
5300.0 21579.0 184.0 104.0 thu
5536.0 21603.0 252.0 76.0 men
5844.0 21579.0 356.0 104.0 scl/es
6296.0 21583.0 196.0 108.0 her
6540.0 21587.0 220.0 104.0 and
6820.0 21587.0 188.0 120.0 pin

4252.0 21728.0 196.0 104.0 her
4484.0 21724.0 452.0 120.0 against
4976.0 21755.0 68.0 72.0 a
5080.0 21728.0 420.0 116.0 garden
5556.0 21720.0 416.0 124.0 tailing
5976.0 21796.0 20.0 44.0 ,
6056.0 21724.0 336.0 104.0 while
6476.0 21731.0 184.0 96.0 the
6748.0 21728.0 324.0 104.0 other

4256.0 21895.0 256.0 80.0 man
4556.0 21868.0 328.0 120.0 grabs
4932.0 21868.0 200.0 100.0 her
5236.0 21872.0 552.0 120.0 property.
5920.0 21864.0 232.0 104.0 She
6236.0 21868.0 500.0 104.0 clutches
6824.0 21876.0 116.0 100.0 at
6992.0 21872.0 88.0 104.0 it

4252.0 22016.0 228.0 100.0 and
4552.0 22032.0 520.0 80.0 screams.
5204.0 22007.0 244.0 100.0 Tlio
5496.0 22032.0 444.0 100.0 passers
6044.0 22007.0 148.0 116.0 by
6296.0 22032.0 304.0 84.0 seem
6704.0 22012.0 356.0 104.0 dlsln-

4252.0 22151.0 368.0 108.0 ellncd
4676.0 22151.0 116.0 100.0 to
4840.0 22147.0 276.0 104.0 Intel
5148.0 22159.0 228.0 92.0 fere
5380.0 22223.0 24.0 44.0 ,
5464.0 22147.0 224.0 104.0 and
5748.0 22151.0 572.0 124.0 presently
6368.0 22155.0 200.0 100.0 she
6628.0 22151.0 452.0 104.0 loosens

4260.0 22295.0 184.0 100.0 tlio
4488.0 22311.0 332.0 104.0 grasp
4864.0 22291.0 124.0 100.0 of
5036.0 22287.0 480.0 108.0 hercatd
5568.0 22311.0 252.0 80.0 case
5828.0 22363.0 24.0 48.0 ,
5912.0 22291.0 540.0 124.0 thinking
6500.0 22299.0 116.0 96.0 to
6664.0 22295.0 412.0 120.0 satisfy

4256.0 22435.0 192.0 104.0 the
4720.0 22431.0 480.0 104.0 robbers.
5452.0 22431.0 324.0 124.0 They
6056.0 22435.0 264.0 104.0 tike
6564.0 22435.0 88.0 104.0 It
6832.0 22439.0 232.0 104.0 and

4256.0 22599.0 392.0 104.0 escape
4652.0 22652.0 28.0 44.0 ,
4812.0 22576.0 200.0 104.0 she
5136.0 22572.0 568.0 120.0 retaining
5828.0 22576.0 188.0 100.0 the
6180.0 22576.0 508.0 108.0 valuable
6820.0 22583.0 248.0 100.0 box.

4256.0 22720.0 224.0 104.0 She
4528.0 22743.0 464.0 84.0 pursues
5040.0 22720.0 308.0 100.0 thorn
5404.0 22724.0 224.0 96.0 two
5676.0 22716.0 384.0 104.0 blocks
6072.0 22792.0 24.0 48.0 ,
6192.0 22720.0 428.0 124.0 lalslng
6708.0 22747.0 64.0 76.0 a
6852.0 22724.0 216.0 104.0 hue

4260.0 22860.0 228.0 112.0 and
4532.0 22887.0 192.0 96.0 cry
4728.0 22935.0 28.0 44.0 ,
4808.0 22860.0 540.0 124.0 although
5400.0 22855.0 260.0 108.0 hurt
5704.0 22860.0 228.0 100.0 and
6016.0 22860.0 540.0 120.0 fatigued.
6692.0 22860.0 232.0 108.0 Not
7016.0 22895.0 64.0 72.0 a

4256.0 23003.0 628.0 120.0 policeman
4984.0 23028.0 236.0 80.0 was
5324.0 23003.0 112.0 100.0 to
5540.0 22999.0 132.0 104.0 bo
5760.0 23028.0 300.0 80.0 seen.
6196.0 23003.0 188.0 104.0 All
6492.0 23003.0 124.0 104.0 of
6708.0 23003.0 368.0 108.0 which

4260.0 23143.0 316.0 124.0 gives
4624.0 23147.0 324.0 112.0 point
5024.0 23168.0 116.0 80.0 to
5228.0 23143.0 188.0 108.0 tlio
5524.0 23147.0 380.0 100.0 recent
6004.0 23143.0 536.0 108.0 criticism
6652.0 23147.0 144.0 124.0 by
6884.0 23147.0 192.0 104.0 the

4260.0 23287.0 484.0 124.0 English
4796.0 23311.0 312.0 96.0 press
5156.0 23291.0 124.0 96.0 of
5364.0 23287.0 188.0 100.0 the
5604.0 23287.0 704.0 120.0 Inelllclency
6352.0 23291.0 124.0 96.0 of
6520.0 23287.0 188.0 104.0 the
6752.0 23287.0 248.0 108.0 Lon-

4256.0 23435.0 228.0 100.0 don
4536.0 23431.0 360.0 128.0 police
4948.0 23427.0 116.0 104.0 In
5112.0 23427.0 712.0 124.0 comparison
5876.0 23424.0 272.0 108.0 with
6200.0 23427.0 188.0 104.0 the
6468.0 23435.0 612.0 100.0 statement

4260.0 23595.0 120.0 84.0 as
4428.0 23576.0 112.0 104.0 to
4584.0 23572.0 188.0 104.0 the
4824.0 23572.0 288.0 104.0 Now
5176.0 23568.0 320.0 104.0 York
5544.0 23564.0 360.0 116.0 police
5956.0 23568.0 112.0 104.0 In
6124.0 23572.0 188.0 100.0 the
6356.0 23576.0 504.0 120.0 opening
6904.0 23603.0 124.0 76.0 ar-

4260.0 23720.0 260.0 104.0 ticle
4564.0 23720.0 116.0 96.0 ot
4732.0 23716.0 192.0 104.0 the
5008.0 23712.0 388.0 104.0 March
5504.0 23707.0 428.0 120.0 Harper
5932.0 23783.0 28.0 52.0 ,
6036.0 23707.0 360.0 112.0 which
6488.0 23716.0 192.0 104.0 the
6768.0 23743.0 312.0 92.0 press

4256.0 23855.0 596.0 128.0 eulogl/es.

4492.0 24127.0 880.0 104.0 TKURIULB
5444.0 24127.0 436.0 96.0 M1XH
5976.0 24127.0 864.0 100.0 D1S.YBTFJI.

4260.0 24344.0 288.0 96.0 Ono
4664.0 24336.0 656.0 100.0 tluiulrrd
5436.0 24340.0 272.0 96.0 and
5828.0 24332.0 364.0 120.0 Fifty
6308.0 24332.0 304.0 96.0 Men
6756.0 24332.0 328.0 96.0 Lose

5200.0 24479.0 408.0 100.0 Their
5724.0 24479.0 412.0 96.0 hives.

4480.0 24623.0 584.0 120.0 ICojitirtgltt
5112.0 24619.0 372.0 104.0 tSSHu
5520.0 24615.0 284.0 92.0 Jin\c
5732.0 24640.0 20.0 68.0 \
5804.0 24640.0 52.0 64.0 *
5904.0 24615.0 400.0 96.0 Gordon
6356.0 24615.0 448.0 96.0 Hewlett.
6816.0 24615.0 8.0 16.0 '
6824.0 24611.0 32.0 112.0 ]

4376.0 24751.0 628.0 108.0 BuussKLs
5016.0 24827.0 24.0 48.0 ,
5116.0 24747.0 380.0 108.0 March
5580.0 24751.0 64.0 92.0 5
5644.0 24823.0 28.0 40.0 ,
5820.0 24743.0 36.0 128.0 [
5872.0 24743.0 280.0 108.0 New
6256.0 24743.0 304.0 104.0 Yoik
6660.0 24743.0 428.0 104.0 Herald

4260.0 24903.0 340.0 100.0 Cable
4728.0 24891.0 436.0 128.0 Special
5212.0 24899.0 116.0 96.0 to
5416.0 24891.0 192.0 100.0 the
5688.0 24888.0 292.0 104.0 BEE.
6016.0 24888.0 20.0 116.0 I
6180.0 24891.0 104.0 100.0 A
6332.0 24888.0 448.0 104.0 terrible
6892.0 24911.0 140.0 76.0 ex-

4268.0 25040.0 432.0 124.0 plosion
4752.0 25040.0 124.0 104.0 of
4924.0 25040.0 196.0 104.0 lite
5168.0 25036.0 340.0 124.0 damp
5552.0 25028.0 528.0 108.0 occurred
6128.0 25028.0 220.0 108.0 last
6440.0 25032.0 328.0 108.0 night
6816.0 25028.0 116.0 104.0 In
7024.0 25059.0 68.0 76.0 a

4264.0 25184.0 304.0 120.0 largo
4616.0 25184.0 304.0 104.0 mine
4964.0 25188.0 116.0 100.0 at
5184.0 25207.0 68.0 76.0 a
5344.0 25180.0 348.0 116.0 depth
5816.0 25176.0 124.0 100.0 of
6056.0 25176.0 184.0 96.0 520
6320.0 25176.0 336.0 124.0 yards
6660.0 25251.0 28.0 40.0 ,
6824.0 25196.0 272.0 80.0 near

4272.0 25327.0 604.0 108.0 Paturaees
4880.0 25403.0 28.0 44.0 ,
4968.0 25323.0 116.0 108.0 In
5144.0 25323.0 188.0 104.0 the
5380.0 25315.0 500.0 120.0 Borlnge
5948.0 25311.0 452.0 112.0 district
6404.0 25391.0 28.0 44.0 ,
6532.0 25315.0 556.0 116.0 Belgium.

4260.0 25463.0 280.0 112.0 Two
4584.0 25463.0 516.0 108.0 hundred
5148.0 25463.0 228.0 108.0 and
5428.0 25463.0 256.0 124.0 fifty
5732.0 25459.0 428.0 108.0 miners
6200.0 25483.0 288.0 80.0 were
6532.0 25459.0 340.0 104.0 down
6972.0 25459.0 116.0 108.0 In

4268.0 25607.0 188.0 108.0 the
4504.0 25607.0 300.0 104.0 mine
4852.0 25623.0 116.0 88.0 at
5020.0 25611.0 184.0 104.0 the
5272.0 25607.0 296.0 108.0 time.
5704.0 25603.0 244.0 108.0 The
6056.0 25599.0 356.0 112.0 shock
6524.0 25627.0 228.0 80.0 was
6884.0 25603.0 208.0 108.0 felt

4268.0 25751.0 684.0 116.0 throughout
4988.0 25779.0 140.0 76.0 an
5188.0 25751.0 548.0 104.0 Immense
5784.0 25775.0 288.0 80.0 area.
6212.0 25747.0 572.0 124.0 Kesculug
6856.0 25771.0 200.0 104.0 par-

4272.0 25891.0 208.0 108.0 ties
4524.0 25888.0 280.0 112.0 have
4852.0 25895.0 268.0 120.0 only
5172.0 25895.0 476.0 120.0 brought
5692.0 25895.0 112.0 104.0 to
5856.0 25891.0 188.0 108.0 the
6132.0 25915.0 172.0 80.0 sin
6332.0 25891.0 244.0 104.0 face
6684.0 25915.0 124.0 80.0 so
6920.0 25891.0 180.0 104.0 far

4268.0 26036.0 316.0 116.0 three
4720.0 26059.0 452.0 96.0 corpses
5172.0 26108.0 32.0 44.0 ,
5340.0 26036.0 212.0 108.0 llvo
5684.0 26059.0 260.0 80.0 men
6080.0 26036.0 252.0 108.0 who
6452.0 26059.0 292.0 92.0 we.ie
6868.0 26051.0 232.0 92.0 ter-

4272.0 26175.0 284.0 128.0 nbly
4688.0 26171.0 552.0 112.0 wounded
5252.0 26251.0 24.0 44.0 ,
5452.0 26180.0 224.0 108.0 and
5788.0 26184.0 228.0 104.0 two
6184.0 26180.0 256.0 104.0 who
6544.0 26180.0 224.0 108.0 bad
6936.0 26207.0 164.0 76.0 es-

4268.0 26319.0 348.0 128.0 caped
4820.0 26319.0 656.0 108.0 scratchless
5676.0 26323.0 196.0 104.0 but
6072.0 26323.0 256.0 108.0 who
6516.0 26323.0 220.0 108.0 had
6924.0 26327.0 176.0 104.0 be-

4268.0 26487.0 312.0 84.0 caino
4864.0 26459.0 440.0 116.0 insane.
5672.0 26467.0 576.0 108.0 Obstacles
6536.0 26467.0 124.0 104.0 ot
6940.0 26471.0 152.0 108.0 all

4268.0 26611.0 352.0 112.0 kinds
4688.0 26615.0 464.0 128.0 prevent
5260.0 26611.0 184.0 112.0 the
5556.0 26639.0 496.0 88.0 rescuers
6164.0 26615.0 288.0 104.0 from
6544.0 26615.0 548.0 120.0 reaching

4276.0 26763.0 188.0 108.0 the
4512.0 26763.0 416.0 100.0 bottom
4992.0 26759.0 120.0 104.0 of
5180.0 26759.0 188.0 104.0 the
5472.0 26759.0 200.0 128.0 pit.
5808.0 26759.0 104.0 104.0 It
6008.0 26759.0 96.0 108.0 Is
6208.0 26759.0 508.0 108.0 believed
6828.0 26759.0 248.0 104.0 that

4280.0 26907.0 156.0 104.0 100
4480.0 26931.0 124.0 80.0 or
4700.0 26907.0 168.0 96.0 150
4972.0 26907.0 112.0 100.0 ot
5184.0 26899.0 188.0 108.0 the
5484.0 26899.0 424.0 104.0 miners
6016.0 26907.0 296.0 100.0 must
6420.0 26899.0 284.0 108.0 have
6792.0 26899.0 288.0 108.0 been

4284.0 27051.0 376.0 104.0 killed.
4816.0 27044.0 248.0 108.0 The
5108.0 27067.0 392.0 84.0 scenes
5548.0 27040.0 424.0 108.0 around
6024.0 27040.0 188.0 112.0 the
6260.0 27044.0 164.0 128.0 pit
6472.0 27067.0 184.0 80.0 aie
6780.0 27047.0 324.0 104.0 teril-

4288.0 27199.0 204.0 96.0 nto.

4288.0 27199.0 448.0 244.0 nto.Later

4412.0 27335.0 324.0 108.0 Later
4792.0 27340.0 424.0 128.0 reports
5264.0 27359.0 196.0 104.0 gay
5536.0 27331.0 240.0 112.0 that
5828.0 27331.0 424.0 116.0 several
6308.0 27359.0 300.0 88.0 more
6652.0 27355.0 444.0 104.0 corpses

4288.0 27483.0 280.0 100.0 have
4608.0 27479.0 276.0 104.0 been
4940.0 27483.0 588.0 104.0 recovered
5580.0 27483.0 228.0 104.0 and
5856.0 27483.0 236.0 104.0 also
6128.0 27511.0 64.0 72.0 a
6236.0 27479.0 224.0 104.0 few
6492.0 27500.0 564.0 88.0 survivers
7064.0 27551.0 28.0 52.0 ,

4292.0 27611.0 248.0 112.0 who
4576.0 27643.0 196.0 84.0 ran
4824.0 27648.0 316.0 92.0 away
5196.0 27623.0 356.0 116.0 biting
5600.0 27623.0 292.0 104.0 their
5940.0 27623.0 432.0 108.0 clothes
6476.0 27652.0 124.0 76.0 BO
6708.0 27648.0 124.0 84.0 as
6900.0 27619.0 204.0 116.0 not

4292.0 27779.0 108.0 88.0 to
4452.0 27763.0 380.0 104.0 Inhale
4884.0 27763.0 188.0 104.0 the
5168.0 27767.0 612.0 124.0 poisonous
5888.0 27791.0 416.0 96.0 cusses.
6436.0 27771.0 384.0 104.0 About
6928.0 27771.0 176.0 104.0 125

4296.0 27927.0 244.0 84.0 wen
4600.0 27931.0 184.0 76.0 are
4824.0 27903.0 672.0 136.0 Hill.bulled
5544.0 27911.0 120.0 100.0 In
5716.0 27919.0 188.0 92.0 the
5956.0 27907.0 160.0 124.0 pit
6128.0 27979.0 28.0 56.0 ,
6248.0 27911.0 228.0 104.0 and
6588.0 27911.0 468.0 108.0 unfortu-

4292.0 28047.0 376.0 124.0 nately
4724.0 28051.0 256.0 128.0 they
5036.0 28075.0 184.0 80.0 are
5288.0 28055.0 116.0 104.0 ID
5452.0 28075.0 68.0 84.0 A
5584.0 28047.0 496.0 116.0 voplllou
6200.0 28051.0 368.0 116.0 which
6668.0 28067.0 432.0 104.0 cannot

4756.0 28799.0 200.0 68.0 if.m
4852.0 28835.0 8.0 28.0 .
4968.0 28831.0 16.0 36.0 ,

7160.0 2616.0 128.0 100.0 bo
7328.0 2620.0 500.0 108.0 reached.
7968.0 2620.0 636.0 124.0 Engineers
8656.0 2656.0 328.0 92.0 ajrco
9052.0 2628.0 236.0 108.0 that
9364.0 2628.0 264.0 128.0 they
9680.0 2652.0 304.0 84.0 must

7156.0 2752.0 148.0 108.0 all
7356.0 2756.0 276.0 112.0 have
7680.0 2760.0 256.0 112.0 died
7988.0 2764.0 420.0 112.0 stilled.
8548.0 2768.0 240.0 108.0 The
8900.0 2772.0 272.0 104.0 total
9276.0 2776.0 476.0 104.0 number
9864.0 2776.0 120.0 100.0 of

7164.0 2928.0 464.0 96.0 persons
7676.0 2908.0 344.0 108.0 killed
8076.0 2908.0 232.0 108.0 will
8364.0 2912.0 256.0 108.0 thus
8712.0 2916.0 132.0 104.0 be
8888.0 2920.0 340.0 104.0 about
9280.0 2920.0 204.0 104.0 140.
9616.0 2916.0 372.0 108.0 There

7164.0 3044.0 92.0 108.0 Is
7304.0 3060.0 312.0 108.0 great
7660.0 3076.0 420.0 80.0 sorrow
8128.0 3056.0 632.0 124.0 prevailing
8808.0 3084.0 416.0 100.0 among
9312.0 3068.0 188.0 96.0 tHe
9552.0 3056.0 428.0 132.0 people.

7160.0 3196.0 100.0 96.0 A
7316.0 3188.0 312.0 108.0 thick
7680.0 3196.0 660.0 112.0 fogaddsto
8384.0 3200.0 188.0 104.0 the
8620.0 3196.0 392.0 112.0 hoiror
9116.0 3204.0 124.0 104.0 of
9304.0 3200.0 192.0 108.0 the
9608.0 3228.0 372.0 80.0 scene.

7172.0 3328.0 468.0 112.0 Women
7692.0 3336.0 284.0 112.0 have
8028.0 3356.0 192.0 108.0 put
8268.0 3368.0 144.0 80.0 on
8480.0 3340.0 344.0 112.0 violet
8932.0 3372.0 260.0 96.0 caps
9204.0 3420.0 24.0 44.0 ,
9288.0 3344.0 364.0 112.0 which
9704.0 3372.0 212.0 84.0 con-

7164.0 3472.0 448.0 112.0 stitutes
7648.0 3476.0 504.0 112.0 widows'
8208.0 3500.0 368.0 92.0 weeds
8628.0 3488.0 112.0 104.0 In
8840.0 3488.0 188.0 104.0 the
9112.0 3484.0 516.0 124.0 Belgium
9688.0 3484.0 236.0 108.0 min-

7164.0 3616.0 200.0 128.0 ing
7408.0 3616.0 528.0 116.0 districts.
8068.0 3628.0 108.0 104.0 It
8224.0 3628.0 92.0 104.0 Is
8364.0 3628.0 384.0 112.0 feared
8836.0 3628.0 244.0 108.0 that
9164.0 3632.0 220.0 104.0 this
9436.0 3636.0 484.0 104.0 catastro-

7172.0 3764.0 212.0 120.0 phe
7440.0 3764.0 228.0 108.0 will
7724.0 3772.0 500.0 104.0 Increase
8312.0 3776.0 188.0 104.0 the
8612.0 3772.0 556.0 108.0 hritatlon
9256.0 3780.0 124.0 100.0 of
9448.0 3776.0 188.0 108.0 the
9716.0 3772.0 236.0 108.0 min-

7164.0 3932.0 180.0 76.0 ers
7388.0 3904.0 448.0 128.0 against
7880.0 3912.0 424.0 132.0 society
8308.0 3988.0 28.0 44.0 ,
8388.0 3948.0 124.0 76.0 as
8564.0 3916.0 84.0 108.0 It
8696.0 3916.0 232.0 108.0 will
8976.0 3944.0 284.0 84.0 once
9308.0 3944.0 308.0 80.0 more
9676.0 3916.0 268.0 108.0 illus-

7176.0 4048.0 280.0 104.0 trate
7504.0 4048.0 184.0 112.0 the
7740.0 4056.0 448.0 108.0 teirlblo
8264.0 4060.0 492.0 120.0 dangers
8852.0 4060.0 420.0 112.0 miners
9364.0 4088.0 212.0 80.0 run
9680.0 4064.0 176.0 104.0 for
9924.0 4092.0 64.0 76.0 n

7164.0 4192.0 372.0 128.0 paltry
7584.0 4200.0 540.0 124.0 pittance.
8552.0 4344.0 48.0 8.0 _
9044.0 4256.0 28.0 28.0 .

7176.0 4636.0 320.0 100.0 How
7592.0 4644.0 228.0 92.0 the
7888.0 4640.0 372.0 100.0 News
8356.0 4640.0 156.0 92.0 or
8632.0 4636.0 240.0 96.0 Ilia
9008.0 4636.0 988.0 116.0 Appointment

7644.0 4780.0 308.0 100.0 AViiH
8012.0 4780.0 676.0 100.0 Received
8748.0 4787.0 136.0 88.0 at
8944.0 4776.0 536.0 100.0 Dithlin.

7340.0 4928.0 20.0 104.0 (
7384.0 4924.0 304.0 108.0 Topi/i
7628.0 4948.0 24.0 84.0 /
7724.0 4916.0 196.0 96.0 fohl
7980.0 4924.0 212.0 88.0 IBS"
8244.0 4916.0 536.0 108.0 liiJitmtt
8340.0 4939.0 32.0 84.0 /
8864.0 4920.0 400.0 88.0 Goiilen
9324.0 4916.0 456.0 96.0 llciuutt.
9788.0 4916.0 12.0 16.0 '
9800.0 4912.0 28.0 112.0 ]

7292.0 5052.0 504.0 104.0 Dunr.iN
7800.0 5120.0 28.0 56.0 ,
7936.0 5044.0 388.0 112.0 March
8424.0 5044.0 536.0 128.0 5-fNew
9072.0 5044.0 320.0 104.0 York
9576.0 5040.0 428.0 112.0 Herald

7176.0 5196.0 336.0 104.0 Cable
7640.0 5192.0 436.0 112.0 Special
8124.0 5196.0 112.0 100.0 to
8320.0 5188.0 188.0 108.0 the
8600.0 5192.0 256.0 104.0 BKE
8880.0 5200.0 20.0 112.0 |
9052.0 5188.0 248.0 108.0 Wo
9388.0 5184.0 284.0 108.0 have
9756.0 5184.0 248.0 128.0 just

7176.0 5340.0 500.0 104.0 received
7764.0 5332.0 188.0 108.0 the
8080.0 5332.0 728.0 116.0 intelligence
8920.0 5336.0 248.0 100.0 th.it
9264.0 5332.0 296.0 104.0 Lord
9652.0 5332.0 296.0 104.0 Salis

7180.0 5479.0 372.0 124.0 bury's
7620.0 5479.0 480.0 132.0 nephew
8108.0 5552.0 24.0 48.0 ,
8188.0 5479.0 208.0 108.0 Mr.
8456.0 5479.0 132.0 104.0 A.
8644.0 5484.0 108.0 96.0 J.
8812.0 5476.0 468.0 104.0 Balfour
9288.0 5552.0 24.0 48.0 ,
9364.0 5500.0 220.0 84.0 one
9628.0 5476.0 120.0 100.0 of
9804.0 5472.0 188.0 108.0 the

7180.0 5628.0 256.0 100.0 four
7480.0 5632.0 116.0 96.0 ot
7648.0 5628.0 188.0 104.0 thu
7888.0 5648.0 332.0 80.0 name
8272.0 5624.0 116.0 104.0 In
8440.0 5624.0 192.0 104.0 the
8676.0 5620.0 352.0 104.0 house
9076.0 5624.0 124.0 100.0 of
9284.0 5644.0 716.0 84.0 commons-

7180.0 5776.0 224.0 96.0 two
7448.0 5764.0 340.0 128.0 being
7832.0 5764.0 344.0 108.0 lories
8220.0 5764.0 228.0 108.0 anil
8488.0 5768.0 224.0 100.0 two
8764.0 5764.0 624.0 108.0 Gladstone
9432.0 5756.0 452.0 112.0 llbeials

7184.0 5908.0 200.0 104.0 has
7428.0 5912.0 340.0 104.0 taken
7868.0 5916.0 188.0 100.0 the
8144.0 5912.0 316.0 124.0 place
8544.0 5912.0 120.0 100.0 of
8756.0 5908.0 184.0 104.0 Sir
9024.0 5904.0 488.0 108.0 Michael
9592.0 5904.0 408.0 104.0 Hicks-

7184.0 6052.0 404.0 112.0 Beach.
7720.0 6052.0 472.0 108.0 Balfour
8232.0 6056.0 352.0 120.0 began
8640.0 6052.0 280.0 104.0 with
8976.0 6048.0 296.0 108.0 Lord
9372.0 6048.0 604.0 108.0 Randolph

7188.0 6196.0 572.0 108.0 Churchill
7808.0 6224.0 124.0 84.0 as
7980.0 6224.0 220.0 80.0 ono
8248.0 6200.0 120.0 104.0 of
8460.0 6200.0 188.0 104.0 the
8760.0 6192.0 380.0 108.0 touitli
9252.0 6200.0 356.0 120.0 party.
9812.0 6188.0 176.0 104.0 Ho

7192.0 6344.0 96.0 104.0 Is
7476.0 6348.0 300.0 120.0 foity
7984.0 6344.0 228.0 104.0 and
8420.0 6372.0 64.0 72.0 a
8732.0 6348.0 396.0 96.0 strong
9340.0 6331.0 672.0 112.0 cocrclonlst

7196.0 6483.0 368.0 108.0 While
7616.0 6483.0 456.0 128.0 writing
8120.0 6483.0 228.0 104.0 tills
8396.0 6483.0 512.0 124.0 dispatch
8960.0 6479.0 300.0 104.0 Lord
9308.0 6476.0 692.0 124.0 Salisbury's

7188.0 6628.0 420.0 108.0 dinner
7648.0 6632.0 404.0 116.0 speech
8108.0 6628.0 92.0 104.0 Is
8248.0 6624.0 500.0 120.0 aniving
8792.0 6628.0 260.0 100.0 lieio
9100.0 6652.0 248.0 80.0 ovei
9396.0 6620.0 192.0 108.0 the
9640.0 6620.0 324.0 104.0 wires
9972.0 6696.0 24.0 48.0 ,

7188.0 6772.0 228.0 104.0 and
7464.0 6776.0 304.0 100.0 what
7812.0 6800.0 164.0 76.0 wo
8028.0 6772.0 284.0 104.0 have
8356.0 6780.0 192.0 112.0 got
8596.0 6768.0 368.0 108.0 shows
9004.0 6772.0 112.0 100.0 to
9208.0 6760.0 460.0 112.0 lieland
9768.0 6764.0 244.0 104.0 that

7192.0 6912.0 188.0 108.0 the
7420.0 6916.0 328.0 124.0 splilt
7800.0 6916.0 368.0 104.0 which
8216.0 6912.0 584.0 108.0 animated
8852.0 6908.0 296.0 108.0 Lord
9196.0 6908.0 368.0 104.0 North
9620.0 6904.0 116.0 104.0 In
9788.0 6908.0 188.0 100.0 the

7192.0 7056.0 276.0 124.0 days
7512.0 7060.0 124.0 100.0 of
7684.0 7064.0 232.0 100.0 1770
7960.0 7056.0 564.0 108.0 animates
8632.0 7056.0 188.0 104.0 the
8924.0 7048.0 484.0 128.0 English
9516.0 7056.0 492.0 124.0 premier

7188.0 7200.0 128.0 104.0 of
7400.0 7200.0 412.0 124.0 to-day.
8012.0 7200.0 108.0 104.0 It
8228.0 7200.0 92.0 104.0 Is
8428.0 7196.0 584.0 124.0 definitely
9176.0 7196.0 428.0 104.0 known
9736.0 7192.0 268.0 104.0 hero

7192.0 7340.0 244.0 108.0 that
7560.0 7344.0 328.0 108.0 when
8020.0 7344.0 604.0 104.0 Publisher
8748.0 7340.0 472.0 108.0 Smith's
9356.0 7335.0 360.0 124.0 "gag"
9920.0 7335.0 92.0 104.0 is

7192.0 7483.0 484.0 116.0 adopted
7840.0 7520.0 64.0 72.0 a
8068.0 7483.0 412.0 108.0 double
8656.0 7492.0 252.0 116.0 toiy
9096.0 7504.0 508.0 84.0 measure
9772.0 7480.0 240.0 104.0 will

7192.0 7656.0 320.0 80.0 come
7704.0 7660.0 148.0 80.0 on
8028.0 7632.0 188.0 104.0 the
8380.0 7639.0 408.0 116.0 carpet.
8988.0 7628.0 136.0 104.0 In
9292.0 7624.0 192.0 104.0 the
9648.0 7624.0 356.0 104.0 house

7192.0 7776.0 128.0 100.0 of
7480.0 7776.0 300.0 104.0 lords
8008.0 7804.0 68.0 76.0 a
8244.0 7780.0 196.0 104.0 bill
8612.0 7772.0 236.0 108.0 will
9036.0 7776.0 132.0 100.0 bo
9336.0 7768.0 664.0 104.0 intioduccd

7196.0 7920.0 116.0 100.0 to
7396.0 7924.0 404.0 104.0 reduce
7884.0 7920.0 480.0 128.0 judicial
8444.0 7924.0 316.0 100.0 rents
8812.0 7916.0 172.0 104.0 for
9032.0 7916.0 212.0 100.0 live
9292.0 7936.0 320.0 100.0 ycais
9648.0 7908.0 372.0 104.0 under

7200.0 8060.0 188.0 108.0 the
7428.0 8064.0 268.0 104.0 land
7744.0 8072.0 172.0 96.0 act
7928.0 8140.0 28.0 44.0 ,
8012.0 8068.0 228.0 100.0 and
8288.0 8060.0 456.0 120.0 dealing
8780.0 8060.0 268.0 104.0 with
9100.0 8056.0 192.0 104.0 the
9336.0 8056.0 512.0 124.0 question
9904.0 8052.0 120.0 100.0 of

7196.0 8208.0 672.0 124.0 emigration
7924.0 8216.0 296.0 96.0 from
8268.0 8204.0 784.0 108.0 overcrowded
9096.0 8272.0 16.0 40.0 ,
9168.0 8192.0 572.0 112.0 localities.
9880.0 8192.0 136.0 104.0 In

7200.0 8348.0 188.0 108.0 the
7468.0 8376.0 584.0 80.0 commons
8136.0 8380.0 68.0 72.0 a
8296.0 8348.0 188.0 108.0 bill
8576.0 8348.0 232.0 108.0 will
8900.0 8348.0 132.0 104.0 bo
9096.0 8339.0 664.0 108.0 intioduced
9812.0 8339.0 212.0 100.0 foi-

7208.0 8491.0 472.0 128.0 bidding
7728.0 8520.0 144.0 80.0 an
7924.0 8491.0 400.0 128.0 appeal
8372.0 8491.0 452.0 112.0 against
8900.0 8491.0 188.0 100.0 the
9132.0 8487.0 504.0 104.0 resident
9728.0 8508.0 252.0 96.0 mag-

7212.0 8639.0 448.0 104.0 istrates
7708.0 8639.0 224.0 104.0 and
7976.0 8636.0 652.0 120.0 practically
8676.0 8632.0 472.0 116.0 making
9196.0 8636.0 316.0 100.0 these
9560.0 8628.0 464.0 124.0 provost

7212.0 8780.0 556.0 108.0 marshals
7932.0 8784.0 148.0 120.0 by
8240.0 8780.0 540.0 120.0 allowing
8944.0 8780.0 304.0 100.0 them
9420.0 8784.0 116.0 92.0 to
9744.0 8768.0 276.0 104.0 nibl-

7204.0 8928.0 396.0 124.0 trarily
7848.0 8924.0 464.0 104.0 commit
8556.0 8924.0 112.0 100.0 to
8912.0 8920.0 204.0 124.0 jail
9392.0 8916.0 180.0 104.0 for
9848.0 8912.0 176.0 104.0 six

7208.0 9072.0 468.0 104.0 months
7836.0 9068.0 280.0 108.0 with
8276.0 9068.0 276.0 104.0 hard
8716.0 9064.0 312.0 104.0 labor
9188.0 9088.0 232.0 96.0 any
9608.0 9080.0 408.0 92.0 person

7264.0 9216.0 212.0 120.0 hey
7524.0 9240.0 272.0 76.0 conv
7828.0 9212.0 144.0 104.0 let
8004.0 9212.0 120.0 100.0 of
8160.0 9208.0 772.0 108.0 Intimidation
8952.0 9280.0 24.0 48.0 ,
9012.0 9204.0 656.0 128.0 boycotting
9704.0 9228.0 128.0 76.0 or
9868.0 9200.0 160.0 104.0 in-

7252.0 9352.0 308.0 124.0 iltlng
7608.0 9360.0 116.0 96.0 to
7764.0 9352.0 728.0 108.0 commission
8544.0 9356.0 124.0 100.0 of
8708.0 9352.0 316.0 100.0 those
9072.0 9352.0 524.0 100.0 otlenses.
9708.0 9343.0 320.0 104.0 Prac-

7268.0 9500.0 332.0 120.0 Ically
7648.0 9495.0 228.0 104.0 this
7924.0 9528.0 80.0 72.0 w
8040.0 9495.0 116.0 104.0 HI
8204.0 9495.0 500.0 124.0 suspend
8752.0 9495.0 260.0 124.0 jury
9060.0 9491.0 288.0 104.0 trial.
9420.0 9487.0 168.0 104.0 As
9632.0 9487.0 52.0 100.0 I
9728.0 9483.0 300.0 108.0 close

7268.0 9704.0 32.0 40.0 ,
7312.0 9639.0 196.0 104.0 ord
7560.0 9639.0 680.0 124.0 Salisbury's
8288.0 9639.0 340.0 104.0 bitter
8668.0 9636.0 376.0 104.0 attack
9096.0 9660.0 144.0 76.0 on
9304.0 9632.0 292.0 104.0 Irish
9672.0 9628.0 356.0 124.0 juries

7260.0 9812.0 48.0 76.0 s
7400.0 9784.0 336.0 120.0 being
7816.0 9784.0 540.0 104.0 received.
8492.0 9784.0 108.0 100.0 It
8692.0 9780.0 96.0 104.0 is
8876.0 9776.0 480.0 120.0 thought
9464.0 9772.0 264.0 108.0 hero
9784.0 9768.0 244.0 108.0 that

7276.0 9928.0 720.0 104.0 licks-Beach
8048.0 9924.0 440.0 128.0 resigns
8576.0 9928.0 208.0 100.0 not
8840.0 9924.0 472.0 100.0 because
9360.0 9920.0 116.0 100.0 of
9568.0 9916.0 176.0 100.0 his
9792.0 9940.0 240.0 80.0 eve-

7272.0 10072.0 236.0 108.0 ight
7520.0 10144.0 24.0 48.0 ,
7608.0 10076.0 192.0 96.0 but
7844.0 10068.0 476.0 108.0 because
8408.0 10068.0 176.0 104.0 his
8632.0 10068.0 628.0 120.0 colleagues
9308.0 10088.0 184.0 76.0 aie
9540.0 10056.0 320.0 108.0 blind
9908.0 10060.0 124.0 100.0 to

7256.0 10212.0 516.0 104.0 .relaud's
7820.0 10236.0 484.0 100.0 wrongs.

7716.0 10452.0 240.0 104.0 Mr.
8032.0 10456.0 468.0 96.0 Potter
8568.0 10456.0 304.0 108.0 May
8952.0 10448.0 532.0 116.0 Onjpct.

7564.0 10660.0 20.0 20.0 .
7636.0 10660.0 16.0 12.0 .
7656.0 10660.0 24.0 16.0 .
7712.0 10600.0 16.0 36.0 '
7760.0 10575.0 28.0 80.0 (
7796.0 10571.0 164.0 104.0 yhl
8024.0 10571.0 152.0 84.0 IIS
8188.0 10571.0 44.0 84.0 ?
8284.0 10571.0 32.0 84.0 Z
8320.0 10592.0 24.0 64.0 >
8352.0 10592.0 60.0 80.0 i/
8464.0 10567.0 332.0 88.0 James
8864.0 10560.0 980.0 104.0 GnulxitennctM

7324.0 10696.0 536.0 108.0 LONDON'
7864.0 10768.0 28.0 52.0 ,
8004.0 10696.0 384.0 104.0 Marcli
8512.0 10700.0 88.0 100.0 5.
8752.0 10696.0 36.0 128.0 [
8804.0 10696.0 276.0 100.0 Now
9164.0 10692.0 324.0 100.0 York
9604.0 10684.0 424.0 104.0 Herald

7240.0 10836.0 884.0 132.0 Jable-Speeial
8272.0 10844.0 116.0 96.0 to
8492.0 10836.0 192.0 104.0 the
8808.0 10832.0 352.0 120.0 Bii.l
9304.0 10832.0 204.0 100.0 Mr.
9640.0 10828.0 392.0 104.0 James

7204.0 10984.0 416.0 100.0 Brown
7660.0 10984.0 388.0 100.0 Potter
8096.0 10980.0 92.0 104.0 is
8232.0 10980.0 536.0 128.0 expected
8820.0 10984.0 112.0 96.0 to
8980.0 10976.0 368.0 104.0 arrive
9392.0 10980.0 644.0 96.0 to-monovv

7224.0 11132.0 100.0 96.0 it
7404.0 11128.0 876.0 112.0 Southampton.
8424.0 11124.0 368.0 104.0 There
8880.0 11119.0 96.0 104.0 is
9056.0 11152.0 68.0 72.0 a
9212.0 11140.0 380.0 84.0 rumor
9668.0 11124.0 116.0 96.0 at
9848.0 11111.0 188.0 104.0 the

7244.0 11267.0 568.0 108.0 Ymerican
7944.0 11271.0 584.0 112.0 exchange
8672.0 11280.0 228.0 88.0 and
9036.0 11259.0 116.0 104.0 In
9264.0 11288.0 312.0 80.0 some
9684.0 11255.0 340.0 104.0 social

7204.0 11411.0 392.0 104.0 circles
7696.0 11411.0 248.0 104.0 that
8052.0 11423.0 136.0 92.0 ho
8296.0 11411.0 92.0 104.0 Is
8500.0 11411.0 28.0 100.0 [
8536.0 11408.0 572.0 120.0 listening
9192.0 11411.0 116.0 96.0 to
9356.0 11400.0 492.0 108.0 London
9920.0 11404.0 116.0 100.0 to

7248.0 11584.0 28.0 68.0 )
7288.0 11563.0 392.0 96.0 ievent
7840.0 11556.0 176.0 104.0 his
8180.0 11556.0 268.0 104.0 wife
8496.0 11579.0 52.0 76.0 s
8676.0 11544.0 756.0 132.0 professional
9580.0 11567.0 456.0 100.0 appear-

7220.0 11723.0 264.0 80.0 unco
7668.0 11700.0 120.0 104.0 in
7976.0 11700.0 568.0 120.0 England.
8800.0 11688.0 588.0 120.0 Although
9568.0 11716.0 68.0 76.0 a
9760.0 11684.0 272.0 108.0 wlfo

7248.0 11871.0 216.0 92.0 nay
7648.0 11840.0 268.0 112.0 hold
8104.0 11848.0 228.0 96.0 and
8516.0 11840.0 460.0 124.0 dispose
9164.0 11836.0 120.0 100.0 of
9472.0 11832.0 148.0 128.0 by
9800.0 11828.0 232.0 104.0 will

7244.0 12016.0 164.0 76.0 icr
7508.0 12012.0 256.0 80.0 own
7864.0 11992.0 524.0 120.0 property
8392.0 12060.0 28.0 48.0 ,
8488.0 11988.0 192.0 116.0 yet
8784.0 11980.0 196.0 104.0 she
9080.0 11980.0 428.0 104.0 cannot
9572.0 11972.0 456.0 104.0 outside

7284.0 12132.0 48.0 100.0 f
7368.0 12132.0 232.0 104.0 this
7636.0 12128.0 328.0 108.0 make
8008.0 12160.0 64.0 72.0 a
8116.0 12128.0 508.0 108.0 contract
8668.0 12128.0 388.0 100.0 unless
9140.0 12136.0 192.0 88.0 her
9400.0 12115.0 624.0 108.0 husband's

7204.0 12275.0 484.0 100.0 consent
7724.0 12271.0 92.0 104.0 Is
7864.0 12275.0 332.0 120.0 given
8212.0 12347.0 24.0 48.0 ,
8332.0 12267.0 224.0 108.0 and
8628.0 12267.0 212.0 104.0 Mr.
8956.0 12267.0 388.0 100.0 Potter
9444.0 12284.0 256.0 88.0 may
9792.0 12284.0 236.0 100.0 prc-

7284.0 12423.0 200.0 100.0 ent
7528.0 12415.0 260.0 104.0 Mrs.
7848.0 12415.0 384.0 104.0 Potter
8276.0 12408.0 600.0 120.0 executing
8968.0 12408.0 272.0 104.0 such
9336.0 12431.0 68.0 76.0 a
9484.0 12404.0 544.0 104.0 contiact.

7208.0 12560.0 228.0 104.0 But
7488.0 12560.0 508.0 108.0 whether
8076.0 12560.0 208.0 100.0 Mr.
8380.0 12556.0 384.0 100.0 PottoJ
8856.0 12552.0 100.0 104.0 is
9048.0 12548.0 440.0 120.0 willing
9496.0 12663.0 36.0 32.0 ,
9584.0 12571.0 124.0 76.0 or
9800.0 12556.0 196.0 92.0 not
10008.0 12620.0 20.0 40.0 ,

7216.0 12708.0 260.0 100.0 Mrs.
7544.0 12704.0 384.0 104.0 Potter
7976.0 12704.0 92.0 100.0 is
8160.0 12704.0 120.0 100.0 in
8392.0 12727.0 152.0 72.0 no
8656.0 12696.0 340.0 116.0 liuiry
9096.0 12704.0 116.0 92.0 to
9320.0 12692.0 436.0 112.0 change
9848.0 12688.0 192.0 100.0 her

7248.0 12848.0 328.0 104.0 nlnd.
7776.0 12840.0 276.0 108.0 This
8164.0 12844.0 536.0 116.0 morning
8704.0 12912.0 24.0 56.0 ,
8880.0 12836.0 276.0 104.0 with
9264.0 12836.0 224.0 100.0 Mr.
9608.0 12832.0 432.0 104.0 Georeo

7252.0 13020.0 156.0 72.0 icr
7468.0 12988.0 500.0 104.0 solicitor
7972.0 13060.0 28.0 48.0 ,
8052.0 12988.0 200.0 100.0 she
8296.0 12984.0 396.0 124.0 signed
8788.0 13008.0 56.0 76.0 a
8936.0 12980.0 512.0 104.0 contract
9500.0 12976.0 176.0 100.0 for
9720.0 12971.0 320.0 116.0 eight

7232.0 13164.0 60.0 72.0 A
7320.0 13136.0 264.0 104.0 eeUs
7632.0 13140.0 112.0 96.0 to
7792.0 13132.0 256.0 132.0 play
8096.0 13132.0 188.0 100.0 the
8332.0 13156.0 264.0 96.0 very
8644.0 13127.0 572.0 104.0 character
9308.0 13115.0 364.0 112.0 which
9768.0 13140.0 264.0 100.0 ycs-

7240.0 13359.0 8.0 20.0 ,
7260.0 13275.0 340.0 124.0 eiday
7652.0 13275.0 200.0 104.0 she
7896.0 13271.0 600.0 124.0 expressed
8544.0 13300.0 68.0 72.0 a
8660.0 13263.0 416.0 108.0 dislike
9124.0 13271.0 148.0 100.0 to.

8032.0 13520.0 740.0 112.0 Recomlns
8820.0 13511.0 960.0 112.0 Conciliatory.

7324.0 13667.0 36.0 104.0 [
7408.0 13659.0 732.0 112.0 Copl/rfyhtlSS
7652.0 13688.0 28.0 76.0 /
8144.0 13663.0 48.0 84.0 ?
8244.0 13659.0 132.0 104.0 7itf
8408.0 13659.0 336.0 88.0 Jinncs
8824.0 13655.0 408.0 88.0 Gordon
9300.0 13643.0 500.0 104.0 /leiinctt.l

7328.0 13792.0 716.0 100.0 BuUi-sni.i.s
8056.0 13864.0 24.0 44.0 ,
8132.0 13788.0 380.0 104.0 March
8560.0 13792.0 92.0 96.0 5.
8804.0 13784.0 32.0 128.0 [
8852.0 13784.0 280.0 100.0 Now
9236.0 13780.0 304.0 100.0 Yoik
9620.0 13772.0 416.0 108.0 Herald

7224.0 13936.0 340.0 100.0 Cable
7688.0 13932.0 440.0 128.0 Special
8220.0 13936.0 116.0 96.0 to
8424.0 13932.0 188.0 100.0 the
8728.0 13932.0 216.0 96.0 Bin
8960.0 13951.0 24.0 76.0 :
8996.0 13996.0 24.0 32.0 .
9052.0 13928.0 20.0 116.0 |
9212.0 13920.0 244.0 108.0 The
9556.0 13916.0 488.0 104.0 icml-of-

7240.0 14076.0 272.0 108.0 itctal
7564.0 14072.0 488.0 104.0 Bnsslan
8112.0 14096.0 344.0 100.0 organ
8472.0 14140.0 28.0 44.0 ,
8616.0 14072.0 188.0 100.0 tlio
8904.0 14060.0 308.0 112.0 Noid
9320.0 14064.0 368.0 104.0 Jnoul
9700.0 14131.0 28.0 48.0 ,
9776.0 14060.0 224.0 124.0 pub-

7224.0 14220.0 336.0 100.0 lishes
7604.0 14240.0 144.0 80.0 an
7808.0 14216.0 396.0 108.0 article
8252.0 14212.0 528.0 120.0 showing
8828.0 14240.0 60.0 72.0 a
8940.0 14207.0 304.0 104.0 fresh
9332.0 14203.0 224.0 104.0 and
9604.0 14199.0 432.0 104.0 sudden

7216.0 14359.0 580.0 100.0 evolution
7908.0 14359.0 124.0 96.0 of
8140.0 14355.0 488.0 100.0 liusslan
8756.0 14347.0 400.0 120.0 policy.
9292.0 14347.0 240.0 100.0 The
9656.0 14339.0 388.0 108.0 article

7224.0 14503.0 348.0 96.0 states
7620.0 14495.0 244.0 104.0 that
7916.0 14495.0 412.0 100.0 Itussia
8408.0 14491.0 232.0 100.0 will
8732.0 14491.0 552.0 100.0 continue
9392.0 14491.0 116.0 96.0 to
9612.0 14484.0 436.0 120.0 respect

7316.0 14663.0 384.0 76.0 erman
7760.0 14640.0 532.0 100.0 interests
8344.0 14659.0 124.0 76.0 so
8568.0 14636.0 272.0 116.0 long
8948.0 14655.0 120.0 76.0 as
9180.0 14628.0 576.0 116.0 Germany
9864.0 14647.0 180.0 76.0 re-

7212.0 14784.0 368.0 116.0 speets
7628.0 14780.0 548.0 104.0 Prussia's.
8280.0 14776.0 108.0 104.0 It
8436.0 14776.0 96.0 100.0 Is
8580.0 14772.0 504.0 104.0 believed
9136.0 14772.0 240.0 100.0 that
9412.0 14768.0 204.0 104.0 the
9664.0 14768.0 380.0 100.0 recent

7212.0 14924.0 488.0 100.0 liusslan
7756.0 14924.0 164.0 104.0 tin
7948.0 14932.0 236.0 92.0 eats
8244.0 14928.0 200.0 96.0 tow
8472.0 14916.0 200.0 104.0 aid
8724.0 14920.0 576.0 112.0 Germany
9392.0 14936.0 292.0 80.0 were
9768.0 14908.0 272.0 120.0 only

7224.0 15068.0 316.0 104.0 made
7628.0 15072.0 112.0 96.0 to
7840.0 15064.0 408.0 104.0 Induce
8360.0 15060.0 408.0 100.0 Prince
8876.0 15051.0 600.0 108.0 Bismaick
9584.0 15055.0 116.0 100.0 to
9788.0 15047.0 256.0 116.0 give

7212.0 15211.0 300.0 100.0 carte
7564.0 15216.0 192.0 96.0 bra
7804.0 15207.0 288.0 104.0 nche
8140.0 15211.0 116.0 92.0 to
8300.0 15203.0 188.0 100.0 the
8532.0 15228.0 60.0 76.0 c
8664.0 15228.0 120.0 76.0 ar
8828.0 15199.0 112.0 100.0 In
8996.0 15195.0 528.0 124.0 Bulgaria
9536.0 15263.0 24.0 44.0 ,
9596.0 15191.0 224.0 104.0 and
9856.0 15195.0 192.0 96.0 the

7216.0 15347.0 384.0 104.0 article
7644.0 15343.0 588.0 128.0 published
8288.0 15347.0 112.0 100.0 in
8464.0 15343.0 188.0 104.0 the
8704.0 15339.0 312.0 108.0 Noid
9072.0 15339.0 92.0 100.0 is
9208.0 15332.0 672.0 108.0 considered
9924.0 15359.0 124.0 76.0 as

7264.0 15491.0 588.0 120.0 ndlcatlng
7900.0 15491.0 240.0 104.0 that
8188.0 15488.0 412.0 104.0 liussla
8652.0 15488.0 204.0 100.0 has
8900.0 15480.0 648.0 108.0 succeeded.
9580.0 15495.0 100.0 100.0 D

7436.0 15739.0 272.0 96.0 The
7764.0 15731.0 560.0 100.0 Ktrurhx
8376.0 15731.0 524.0 96.0 Itrcuks
8956.0 15731.0 232.0 92.0 the
9244.0 15723.0 568.0 96.0 Record.

7428.0 15879.0 216.0 104.0 lCoj
7660.0 15899.0 24.0 56.0 >
7696.0 15899.0 28.0 76.0 i
7816.0 15872.0 200.0 104.0 //ht
7816.0 15872.0 32.0 92.0 /
7852.0 15903.0 24.0 72.0 (
8080.0 15876.0 156.0 84.0 lb8
8320.0 15872.0 32.0 84.0 l
8352.0 15903.0 28.0 56.0 >
8392.0 15895.0 56.0 80.0 u
8484.0 15872.0 336.0 88.0 James
8868.0 15868.0 412.0 92.0 Oonltin
9340.0 15864.0 460.0 92.0 Itcnnctt.
9804.0 15864.0 16.0 12.0 '
9824.0 15860.0 24.0 104.0 ]

7340.0 16008.0 888.0 120.0 QUIIXSTOVVN
7584.0 16028.0 28.0 76.0 :
7668.0 16028.0 28.0 80.0 :
8236.0 16076.0 24.0 44.0 ,
8440.0 15996.0 384.0 108.0 Maich
8988.0 16000.0 92.0 100.0 5.
9224.0 15996.0 32.0 124.0 [
9272.0 15992.0 284.0 108.0 New
9744.0 15988.0 296.0 104.0 York

7232.0 16148.0 420.0 104.0 Herald
7800.0 16139.0 900.0 112.0 Cable-Special
8808.0 16144.0 112.0 100.0 to
8988.0 16139.0 188.0 104.0 the
9312.0 16135.0 220.0 104.0 Bm
9548.0 16156.0 24.0 84.0 :
9580.0 16207.0 28.0 28.0 .
9640.0 16135.0 20.0 120.0 |
9800.0 16135.0 248.0 100.0 The

7228.0 16287.0 452.0 108.0 Etrurla
7728.0 16287.0 444.0 108.0 anived
8220.0 16287.0 260.0 104.0 hero
8528.0 16287.0 280.0 100.0 at2T
8856.0 16283.0 496.0 100.0 minutes
9416.0 16279.0 256.0 124.0 past
9716.0 16287.0 60.0 92.0 7
9824.0 16275.0 156.0 104.0 tlii

7224.0 16435.0 484.0 104.0 evenin1.
7732.0 16507.0 24.0 40.0 ,
7820.0 16427.0 464.0 120.0 boating
8364.0 16427.0 188.0 104.0 tlio
8632.0 16427.0 384.0 104.0 recoid
9104.0 16423.0 272.0 104.0 with
9472.0 16423.0 172.0 104.0 six
9728.0 16423.0 280.0 120.0 days
10016.0 16495.0 24.0 40.0 ,

7232.0 16579.0 216.0 112.0 live
7492.0 16583.0 336.0 96.0 hours
7840.0 16651.0 24.0 44.0 ,
7916.0 16571.0 228.0 104.0 and
8232.0 16571.0 524.0 104.0 ciirhteen
8872.0 16568.0 492.0 104.0 minutes
9372.0 16644.0 24.0 44.0 ,
9508.0 16564.0 496.0 124.0 althotigl

7224.0 16720.0 200.0 108.0 she
7532.0 16747.0 236.0 76.0 was
7876.0 16716.0 532.0 104.0 detained
8516.0 16712.0 412.0 116.0 to-day
9040.0 16716.0 288.0 96.0 from
9456.0 16708.0 244.0 104.0 half
9800.0 16712.0 252.0 120.0 past-

7228.0 16872.0 60.0 92.0 a
7340.0 16868.0 112.0 100.0 to
7500.0 16864.0 240.0 104.0 halt
7796.0 16864.0 332.0 124.0 past4
8184.0 16887.0 116.0 92.0 p.
8360.0 16883.0 140.0 76.0 m.
8556.0 16860.0 144.0 96.0 oil
8760.0 16856.0 188.0 100.0 the
8992.0 16860.0 312.0 96.0 coast
9348.0 16852.0 144.0 124.0 by
9544.0 16852.0 232.0 120.0 fog.
9908.0 16848.0 140.0 104.0 In

7236.0 17035.0 216.0 76.0 one
7504.0 17004.0 760.0 120.0 twenty-four
8312.0 17004.0 336.0 100.0 hours
8656.0 17076.0 24.0 40.0 ,
8740.0 17004.0 196.0 96.0 she
8992.0 16996.0 320.0 104.0 made
9384.0 17000.0 156.0 96.0 170
9648.0 16996.0 340.0 100.0 knots
10016.0 17016.0 28.0 104.0 ;

7228.0 17180.0 140.0 76.0 on
7424.0 17152.0 484.0 100.0 another
8000.0 17148.0 216.0 116.0 day
8272.0 17156.0 200.0 88.0 she
8520.0 17139.0 328.0 104.0 ma-Jo
8932.0 17143.0 176.0 96.0 4G.J
9116.0 17211.0 24.0 52.0 ,
9260.0 17135.0 228.0 104.0 nud
9596.0 17135.0 116.0 104.0 in
9824.0 17139.0 228.0 100.0 two

7240.0 17295.0 380.0 100.0 otlieis
7736.0 17295.0 160.0 96.0 ICO
7900.0 17367.0 24.0 32.0 ,
8068.0 17287.0 220.0 104.0 llei
8408.0 17283.0 456.0 128.0 geneial
8980.0 17308.0 472.0 96.0 average
9556.0 17304.0 236.0 80.0 was
9872.0 17283.0 184.0 92.0 430

7228.0 17439.0 384.0 100.0 knots.

7240.0 17663.0 392.0 108.0 Army
7740.0 17655.0 508.0 96.0 Debate
8328.0 17663.0 132.0 80.0 to
8584.0 17651.0 412.0 96.0 Heiln
9120.0 17667.0 168.0 72.0 on
9412.0 17640.0 612.0 120.0 Monday.

7356.0 17792.0 476.0 108.0 Unif.iN
7836.0 17864.0 24.0 40.0 ,
7956.0 17788.0 384.0 104.0 Mirch
8444.0 17788.0 88.0 100.0 5.
8668.0 17784.0 244.0 100.0 The
9056.0 17780.0 484.0 104.0 reicnsta
9552.0 17803.0 68.0 96.0 ?
9788.0 17780.0 236.0 100.0 will

7224.0 17936.0 332.0 124.0 begin
7664.0 17936.0 400.0 100.0 debate
8164.0 17956.0 148.0 76.0 on
8416.0 17932.0 188.0 100.0 tlio
8716.0 17952.0 320.0 92.0 aimy
9144.0 17924.0 196.0 104.0 bill
9496.0 17920.0 540.0 124.0 Monday.

7232.0 18084.0 348.0 100.0 Theio
7620.0 18108.0 184.0 76.0 are
7844.0 18080.0 180.0 100.0 2-U
8076.0 18072.0 704.0 128.0 septonnists
8824.0 18080.0 220.0 88.0 and
9148.0 18067.0 176.0 100.0 170
9400.0 18067.0 580.0 116.0 opponent

7224.0 18232.0 120.0 96.0 ot
7392.0 18228.0 188.0 100.0 the
7632.0 18219.0 224.0 108.0 bill.
7984.0 18219.0 284.0 100.0 This
8344.0 18215.0 524.0 100.0 estimate
8972.0 18236.0 544.0 100.0 supposes
9608.0 18207.0 440.0 124.0 ninety-

7224.0 18396.0 336.0 80.0 seven
7608.0 18359.0 536.0 108.0 centrists
8192.0 18359.0 232.0 104.0 will
8476.0 18355.0 420.0 104.0 adhere
8948.0 18355.0 112.0 100.0 to
9148.0 18355.0 192.0 100.0 the
9432.0 18351.0 576.0 108.0 trlennate
10016.0 18427.0 24.0 48.0 ,

7228.0 18511.0 200.0 100.0 but
7476.0 18507.0 328.0 104.0 when
7860.0 18507.0 192.0 100.0 the
8100.0 18503.0 488.0 104.0 division
8648.0 18499.0 96.0 104.0 is
8788.0 18495.0 344.0 104.0 taken
9192.0 18495.0 88.0 100.0 It
9328.0 18492.0 96.0 104.0 Is
9512.0 18495.0 540.0 128.0 probable

7232.0 18655.0 244.0 100.0 that
7568.0 18648.0 484.0 120.0 through
8132.0 18636.0 1168.0 132.0 centrlst-septounist
9384.0 18644.0 320.0 100.0 votes
9820.0 18640.0 232.0 104.0 and

7232.0 18792.0 716.0 108.0 abstentions
8296.0 18788.0 188.0 104.0 the
8768.0 18788.0 752.0 116.0 goveinment
9820.0 18784.0 188.0 100.0 wil

7232.0 18932.0 380.0 104.0 obtain
7940.0 18959.0 68.0 76.0 a
8352.0 18928.0 532.0 124.0 majority
9188.0 18928.0 124.0 100.0 of
9664.0 18928.0 388.0 120.0 nearly

7236.0 19084.0 200.0 100.0 100.
7664.0 19076.0 244.0 108.0 The
8040.0 19071.0 432.0 108.0 leaders
8636.0 19080.0 120.0 92.0 ot
8920.0 19071.0 192.0 104.0 the
9280.0 19071.0 780.0 104.0 conservative

7236.0 19223.0 224.0 100.0 and
7508.0 19219.0 512.0 104.0 national
8072.0 19215.0 384.0 104.0 liberal
8512.0 19215.0 416.0 124.0 parties
8976.0 19215.0 228.0 104.0 and
9252.0 19215.0 124.0 96.0 of
9420.0 19215.0 192.0 100.0 the
9660.0 19211.0 360.0 104.0 relchs

7240.0 19367.0 308.0 124.0 parto
7656.0 19359.0 280.0 108.0 have
7980.0 19359.0 656.0 108.0 exchanged
8688.0 19359.0 348.0 100.0 views
9112.0 19379.0 144.0 76.0 on
9312.0 19355.0 748.0 120.0 arceleiatlng

7240.0 19507.0 184.0 100.0 the
7472.0 19523.0 468.0 104.0 passage
7984.0 19503.0 124.0 100.0 of
8172.0 19503.0 188.0 100.0 the
8408.0 19499.0 228.0 104.0 bill.
8812.0 19499.0 108.0 100.0 It
9008.0 19499.0 204.0 100.0 has
9264.0 19496.0 276.0 104.0 been
9588.0 19492.0 448.0 108.0 decided

7240.0 19648.0 116.0 100.0 to
7404.0 19671.0 192.0 76.0 use
7684.0 19644.0 188.0 100.0 the
7960.0 19644.0 208.0 100.0 full
8256.0 19640.0 512.0 124.0 strength
8844.0 19640.0 128.0 100.0 of
9036.0 19640.0 184.0 100.0 the
9324.0 19636.0 532.0 120.0 majority
9944.0 19644.0 116.0 96.0 to

7244.0 19763.0 292.0 104.0 limit
7584.0 19759.0 200.0 104.0 the
7828.0 19759.0 636.0 104.0 discussion
8520.0 19759.0 352.0 116.0 solely
8904.0 19759.0 116.0 96.0 to
9064.0 19784.0 68.0 72.0 a
9164.0 19751.0 464.0 124.0 plenary
9656.0 19755.0 404.0 108.0 sitting

7240.0 19883.0 228.0 100.0 nnd
7516.0 19891.0 176.0 108.0 try
7740.0 19891.0 112.0 88.0 to
7892.0 19880.0 300.0 100.0 close
8236.0 19876.0 188.0 100.0 the
8472.0 19872.0 452.0 116.0 general
8956.0 19872.0 396.0 104.0 debate
9404.0 19872.0 116.0 104.0 In
9576.0 19899.0 60.0 76.0 a
9684.0 19872.0 372.0 120.0 single

7240.0 19971.0 440.0 128.0 sitting.
7820.0 19987.0 248.0 104.0 The
8100.0 19991.0 640.0 104.0 committee
8784.0 19987.0 732.0 120.0 pioceedings
9616.0 19987.0 224.0 100.0 will
9928.0 19991.0 128.0 96.0 bo

7248.0 20115.0 412.0 100.0 merely
7716.0 20112.0 152.0 100.0 fin
7900.0 20108.0 244.0 104.0 mill.
8336.0 20108.0 244.0 100.0 The
8664.0 20104.0 196.0 104.0 bill
8948.0 20108.0 560.0 100.0 therefore
9600.0 20108.0 232.0 100.0 will
9924.0 20108.0 132.0 104.0 bo

7244.0 20227.0 648.0 124.0 piactlcallv
7996.0 20223.0 396.0 124.0 passed
8520.0 20223.0 532.0 120.0 Monday.
9244.0 20223.0 240.0 100.0 The
9616.0 20223.0 444.0 124.0 septen-

7252.0 20351.0 260.0 96.0 nato
7716.0 20343.0 516.0 124.0 question
8444.0 20340.0 300.0 100.0 beitii
8740.0 20367.0 40.0 72.0 :
8964.0 20336.0 400.0 108.0 settled
9376.0 20412.0 28.0 44.0 ,
9576.0 20336.0 472.0 104.0 Intcicst

7252.0 20463.0 228.0 100.0 will
7584.0 20463.0 132.0 96.0 bo
7804.0 20455.0 492.0 108.0 directed
8380.0 20455.0 492.0 104.0 towards
8956.0 20455.0 188.0 100.0 the
9208.0 20455.0 844.0 120.0 goveinment's

7252.0 20575.0 528.0 104.0 financial
7908.0 20572.0 604.0 128.0 pioposals.
8740.0 20572.0 368.0 100.0 There
9268.0 20595.0 192.0 76.0 aio
9624.0 20595.0 428.0 76.0 rumors

7256.0 20700.0 244.0 100.0 that
7628.0 20691.0 576.0 104.0 Bismaick
8212.0 20763.0 28.0 44.0 ,
8412.0 20687.0 448.0 120.0 relylmr
8980.0 20712.0 304.0 100.0 upon
9416.0 20683.0 192.0 104.0 the
9728.0 20687.0 332.0 120.0 unity

7248.0 20815.0 124.0 96.0 of
7416.0 20815.0 312.0 100.0 these
7772.0 20804.0 640.0 128.0 sc-ptcnnist
8460.0 20831.0 408.0 92.0 groups
8876.0 20880.0 24.0 40.0 ,
8960.0 20804.0 96.0 100.0 Is
9120.0 20804.0 700.0 100.0 determined
9932.0 20811.0 116.0 92.0 to

7252.0 20956.0 376.0 76.0 lenew
7680.0 20927.0 188.0 104.0 the
7908.0 20923.0 328.0 108.0 spirit
8284.0 20923.0 196.0 100.0 bill
8532.0 20923.0 228.0 100.0 and
8868.0 20919.0 820.0 124.0 contemplates
9748.0 20948.0 68.0 72.0 a
9904.0 20923.0 112.0 100.0 to-

7256.0 21055.0 328.0 96.0 bacco
7676.0 21039.0 640.0 124.0 monopoly.
8452.0 21039.0 220.0 100.0 Gov
8700.0 21047.0 524.0 92.0 eminent
9316.0 21032.0 392.0 108.0 circles
9776.0 21043.0 284.0 96.0 have

7252.0 21172.0 196.0 96.0 not
7504.0 21172.0 240.0 92.0 heai
7776.0 21172.0 64.0 96.0 d
7896.0 21184.0 200.0 76.0 unv
8132.0 21159.0 324.0 104.0 thing
8520.0 21155.0 124.0 100.0 of
8752.0 21155.0 312.0 100.0 these
9172.0 21147.0 360.0 112.0 plans.
9668.0 21151.0 392.0 104.0 Minis-

7248.0 21279.0 316.0 104.0 toiial
7604.0 21303.0 416.0 88.0 organs
8072.0 21275.0 500.0 100.0 mention
8628.0 21299.0 68.0 72.0 a
8740.0 21268.0 516.0 128.0 pioposal
9312.0 21268.0 336.0 104.0 mulct
9772.0 21295.0 216.0 76.0 con-

7248.0 21400.0 612.0 104.0 sideration
7920.0 21392.0 552.0 124.0 Imposluc
8532.0 21412.0 296.0 100.0 upon
8884.0 21387.0 216.0 124.0 spli
9132.0 21387.0 136.0 100.0 Its
9356.0 21412.0 64.0 76.0 a
9516.0 21408.0 252.0 84.0 now
9872.0 21412.0 140.0 76.0 ex-

7248.0 21515.0 228.0 100.0 cise
7524.0 21515.0 276.0 104.0 duty
7844.0 21507.0 672.0 120.0 amounting
8560.0 21511.0 116.0 100.0 to
8724.0 21511.0 120.0 88.0 SO
8880.0 21499.0 380.0 108.0 marks
9340.0 21527.0 192.0 84.0 per
9616.0 21499.0 396.0 108.0 hectell

7252.0 21648.0 192.0 88.0 tie.
7576.0 21632.0 316.0 104.0 Thnv
7956.0 21628.0 240.0 100.0 also
8244.0 21632.0 284.0 96.0 state
8632.0 21619.0 244.0 104.0 that
8980.0 21619.0 520.0 104.0 sanction
9616.0 21619.0 236.0 104.0 will
9920.0 21624.0 132.0 96.0 bo

7252.0 21747.0 512.0 120.0 required
7816.0 21743.0 380.0 104.0 bolore
8248.0 21767.0 252.0 76.0 now
8544.0 21735.0 648.0 108.0 distilleiles
9300.0 21759.0 260.0 96.0 may
9664.0 21739.0 136.0 96.0 bo
9904.0 21759.0 120.0 76.0 es-

7252.0 21860.0 548.0 104.0 tablished
7812.0 21936.0 24.0 48.0 ,
7892.0 21860.0 424.0 108.0 though
8364.0 21856.0 452.0 108.0 oxlsttni
8816.0 21884.0 44.0 84.0 :
8900.0 21851.0 924.0 108.0 establishments
9868.0 21880.0 192.0 76.0 are

7252.0 21987.0 204.0 92.0 not
7504.0 21999.0 112.0 80.0 to
7664.0 21983.0 132.0 96.0 bo
7844.0 21975.0 612.0 100.0 Interfered
8512.0 21971.0 308.0 104.0 with.

7720.0 22215.0 668.0 100.0 Iroland'H
8456.0 22215.0 308.0 96.0 Now
8844.0 22215.0 756.0 116.0 Secretary.

7372.0 22355.0 532.0 104.0 LONDON
7912.0 22427.0 24.0 48.0 ,
8044.0 22351.0 388.0 104.0 Maich
8552.0 22355.0 92.0 100.0 5.
8796.0 22351.0 36.0 104.0 [
8844.0 22355.0 44.0 96.0 t
8996.0 22351.0 96.0 100.0 is
9216.0 22351.0 532.0 120.0 officially
9880.0 22379.0 140.0 76.0 an

7260.0 22500.0 520.0 104.0 noiinced
7828.0 22496.0 228.0 104.0 this
8100.0 22500.0 272.0 100.0 aftei
8400.0 22519.0 296.0 76.0 noon
8792.0 22496.0 244.0 100.0 that
9124.0 22492.0 480.0 104.0 Michael
9696.0 22496.0 360.0 104.0 Hicks

7260.0 22640.0 372.0 104.0 Beach
7680.0 22640.0 200.0 104.0 lias
7928.0 22636.0 524.0 116.0 resigned
8500.0 22636.0 188.0 104.0 the
8732.0 22636.0 312.0 100.0 olllco
9092.0 22636.0 120.0 96.0 of
9292.0 22636.0 304.0 104.0 chief
9688.0 22663.0 308.0 76.0 secre-

7260.0 22784.0 244.0 120.0 tary
7556.0 22784.0 176.0 100.0 for
7784.0 22779.0 444.0 104.0 lieland
8280.0 22779.0 228.0 104.0 and
8560.0 22784.0 244.0 96.0 tuat
8848.0 22775.0 432.0 104.0 Aithur
9340.0 22775.0 112.0 104.0 J.
9564.0 22779.0 240.0 100.0 Halt
9832.0 22808.0 200.0 76.0 our
10032.0 22855.0 20.0 44.0 ,

7256.0 22911.0 560.0 108.0 secretary
7864.0 22907.0 112.0 88.0 ot
8028.0 22903.0 292.0 96.0 state
8368.0 22899.0 172.0 100.0 for
8588.0 22895.0 532.0 104.0 Scotland
9136.0 22963.0 24.0 52.0 ,
9216.0 22895.0 200.0 100.0 has
9508.0 22895.0 284.0 104.0 been
9888.0 22923.0 144.0 84.0 ap-

7260.0 23016.0 464.0 128.0 pointed
7776.0 23020.0 116.0 96.0 to
7940.0 23016.0 464.0 100.0 succeed
8456.0 23007.0 264.0 108.0 him.

7384.0 23127.0 776.0 108.0 Hicks-Hcnch
8280.0 23127.0 92.0 100.0 is
8456.0 23131.0 552.0 112.0 sniveling
9100.0 23127.0 284.0 100.0 liom
9436.0 23151.0 64.0 80.0 a
9548.0 23131.0 480.0 100.0 cataract

7260.0 23252.0 224.0 100.0 and
7540.0 23248.0 176.0 104.0 Ills
7764.0 23243.0 696.0 124.0 resignation
8520.0 23243.0 92.0 100.0 Is
8660.0 23248.0 220.0 100.0 due
8928.0 23252.0 116.0 88.0 to
9096.0 23243.0 244.0 100.0 that
9384.0 23268.0 364.0 84.0 cause.
9900.0 23243.0 144.0 104.0 Hi

7256.0 23391.0 84.0 76.0 w
7376.0 23363.0 116.0 104.0 III
7540.0 23391.0 144.0 88.0 go
7732.0 23367.0 116.0 96.0 to
7896.0 23363.0 384.0 100.0 Berlin
8336.0 23363.0 116.0 100.0 to
8496.0 23359.0 132.0 104.0 be
8680.0 23355.0 424.0 108.0 heated
9160.0 23359.0 136.0 124.0 by
9336.0 23387.0 64.0 76.0 a
9444.0 23363.0 548.0 104.0 celebrate

7264.0 23484.0 404.0 100.0 oculist
7720.0 23480.0 116.0 104.0 In
7892.0 23480.0 248.0 100.0 that
8180.0 23480.0 272.0 120.0 city.

7684.0 23724.0 100.0 96.0 A
7868.0 23720.0 304.0 100.0 Now
8252.0 23720.0 588.0 104.0 Grecian
8900.0 23724.0 752.0 104.0 President.

7352.0 23859.0 444.0 104.0 Athens
7812.0 23931.0 24.0 48.0 ,
7892.0 23855.0 376.0 104.0 March
8320.0 23859.0 56.0 92.0 r
8380.0 23931.0 24.0 32.0 .
8540.0 23855.0 244.0 104.0 The
8828.0 23859.0 524.0 104.0 chamber
9384.0 23864.0 124.0 100.0 of
9556.0 23855.0 456.0 136.0 dcputte

7260.0 23975.0 208.0 104.0 has
7512.0 23979.0 424.0 100.0 elected
8004.0 23975.0 152.0 104.0 M.
8208.0 23979.0 660.0 116.0 Angcrlnos
8912.0 23979.0 628.0 124.0 president.

7268.0 24219.0 764.0 112.0 Arraigned
8116.0 24219.0 264.0 96.0 For
8448.0 24219.0 748.0 96.0 Wholesale
9312.0 24223.0 744.0 116.0 Poisoning.

7384.0 24355.0 492.0 108.0 BOSTON
7884.0 24427.0 28.0 48.0 ,
7964.0 24355.0 388.0 104.0 March
8396.0 24359.0 92.0 100.0 5.
8628.0 24355.0 260.0 108.0 Mrs.
8940.0 24355.0 352.0 108.0 Saiah
9336.0 24359.0 108.0 104.0 J.
9492.0 24359.0 556.0 108.0 lioblnsor

7264.0 24523.0 236.0 80.0 was
7544.0 24500.0 376.0 124.0 to-day
7964.0 24496.0 608.0 116.0 arraigned
8616.0 24500.0 116.0 104.0 In
8796.0 24500.0 188.0 104.0 the
9024.0 24523.0 520.0 104.0 supreme
9604.0 24500.0 428.0 128.0 judlcla

7264.0 24644.0 312.0 104.0 court
7620.0 24648.0 120.0 100.0 at
7780.0 24644.0 276.0 104.0 Kast
8100.0 24636.0 668.0 116.0 Cambridge
8836.0 24667.0 148.0 76.0 on
9080.0 24640.0 740.0 112.0 Indictments
9908.0 24648.0 108.0 104.0 nl

7264.0 24783.0 384.0 124.0 leglng
7696.0 24787.0 244.0 104.0 that
7984.0 24811.0 148.0 80.0 on
8180.0 24783.0 312.0 104.0 Juno
8592.0 24787.0 124.0 96.0 20
8716.0 24859.0 28.0 48.0 ,
8868.0 24792.0 48.0 96.0 !
8924.0 24792.0 176.0 92.0 Ws5
9108.0 24863.0 24.0 44.0 ,
9240.0 24796.0 200.0 96.0 she
9548.0 24787.0 492.0 112.0 adminis-

7264.0 24927.0 308.0 104.0 tered
7620.0 24927.0 392.0 120.0 poison
8076.0 24935.0 116.0 96.0 to
8244.0 24927.0 400.0 108.0 Prince
8692.0 24927.0 428.0 108.0 Arthur
9212.0 24931.0 544.0 108.0 Freeman
9848.0 24960.0 144.0 80.0 an

7264.0 25083.0 408.0 92.0 caused
7720.0 25071.0 180.0 108.0 his
7944.0 25067.0 332.0 108.0 death
8308.0 25095.0 28.0 104.0 ;
8404.0 25071.0 248.0 104.0 that
8736.0 25079.0 452.0 116.0 August
9296.0 25079.0 52.0 96.0 1
9360.0 25147.0 24.0 52.0 ,
9508.0 25079.0 120.0 96.0 IS
9692.0 25083.0 36.0 96.0 l
9740.0 25151.0 28.0 48.0 ,
9880.0 25075.0 128.0 104.0 sh

7264.0 25211.0 408.0 104.0 caused
7720.0 25211.0 188.0 108.0 the
7952.0 25211.0 336.0 108.0 death
8324.0 25215.0 124.0 100.0 of
8488.0 25215.0 384.0 108.0 Oliver
8912.0 25215.0 464.0 128.0 Sleeper
9424.0 25215.0 144.0 132.0 by
9612.0 25219.0 396.0 124.0 poison
10044.0 25247.0 32.0 100.0 ;

7268.0 25332.0 240.0 104.0 that
7548.0 25332.0 272.0 136.0 July
7868.0 25336.0 108.0 96.0 H
7988.0 25403.0 28.0 48.0 ,
8072.0 25336.0 256.0 96.0 Ito'j.
8376.0 25332.0 196.0 104.0 she
8616.0 25340.0 408.0 104.0 caused
9076.0 25336.0 188.0 104.0 the
9312.0 25336.0 332.0 112.0 death
9696.0 25340.0 124.0 100.0 of
9884.0 25340.0 196.0 104.0 her

7272.0 25435.0 508.0 116.0 hiibbaiul
7796.0 25523.0 24.0 44.0 ,
7872.0 25447.0 372.0 100.0 Moses
8300.0 25439.0 576.0 116.0 Hoblnson
8892.0 25527.0 24.0 36.0 ,
8972.0 25455.0 140.0 136.0 by
9200.0 25455.0 880.0 120.0 administering

7268.0 25568.0 392.0 140.0 poison
7680.0 25635.0 24.0 40.0 ,
7740.0 25564.0 224.0 104.0 and
8020.0 25568.0 236.0 100.0 that
8304.0 25568.0 276.0 124.0 July
8632.0 25572.0 40.0 96.0 1
8688.0 25640.0 24.0 52.0 ,
8832.0 25576.0 200.0 96.0 iss
9032.0 25572.0 36.0 92.0 )
9076.0 25644.0 24.0 52.0 ,
9196.0 25572.0 200.0 100.0 she
9484.0 25555.0 592.0 124.0 murdered

7268.0 25667.0 144.0 140.0 by
7456.0 25683.0 396.0 124.0 poison
7964.0 25679.0 500.0 108.0 Thomas
8572.0 25683.0 436.0 108.0 Arthur
9116.0 25683.0 588.0 112.0 Freeman.
9832.0 25691.0 244.0 104.0 Thn

7268.0 25800.0 512.0 108.0 prisoner
7824.0 25800.0 468.0 124.0 pleaded
8344.0 25815.0 192.0 88.0 not
8592.0 25800.0 356.0 144.0 guilty
8996.0 25815.0 120.0 92.0 to
9160.0 25804.0 148.0 108.0 all
9400.0 25808.0 192.0 104.0 the
9680.0 25808.0 360.0 108.0 Indict-

7268.0 25923.0 372.0 100.0 ments
7688.0 25915.0 228.0 108.0 and
7964.0 25939.0 228.0 84.0 was
8248.0 25915.0 260.0 112.0 held
8560.0 25919.0 180.0 108.0 for
8780.0 25919.0 292.0 108.0 trial.

8036.0 26171.0 276.0 100.0 The
8364.0 26175.0 308.0 100.0 Fire
8728.0 26175.0 564.0 100.0 Kccord.

7380.0 26331.0 320.0 116.0 Nr.w
7748.0 26331.0 364.0 116.0 YOIIK
8120.0 26412.0 24.0 56.0 ,
8204.0 26340.0 380.0 108.0 March
8624.0 26344.0 92.0 104.0 .I.
8848.0 26340.0 256.0 108.0 Flro
9164.0 26367.0 228.0 80.0 was
9436.0 26340.0 648.0 112.0 discovered

7268.0 26483.0 304.0 124.0 early
7620.0 26479.0 228.0 108.0 this
7896.0 26483.0 492.0 124.0 evening
8440.0 26483.0 116.0 104.0 In
8612.0 26483.0 188.0 104.0 the
8848.0 26487.0 208.0 104.0 live
9136.0 26487.0 304.0 120.0 story
9532.0 26483.0 516.0 116.0 building
10052.0 26559.0 24.0 52.0 ,

7272.0 26623.0 272.0 108.0 Nos.
7588.0 26627.0 320.0 124.0 27,20
7952.0 26644.0 228.0 88.0 and
8220.0 26631.0 116.0 96.0 SI
8396.0 26627.0 288.0 104.0 Hose
8728.0 26635.0 336.0 100.0 street
9072.0 26707.0 24.0 44.0 ,
9156.0 26627.0 404.0 108.0 owned
9600.0 26627.0 140.0 128.0 by
9788.0 26627.0 104.0 112.0 J.
9952.0 26631.0 128.0 104.0 G.

7280.0 26767.0 500.0 124.0 Droybus
7788.0 26843.0 28.0 40.0 ,
7868.0 26767.0 248.0 108.0 who
8172.0 26771.0 536.0 116.0 occupied
8760.0 26779.0 188.0 96.0 the
9016.0 26775.0 276.0 104.0 lloor
9332.0 26800.0 124.0 80.0 as
9540.0 26795.0 68.0 84.0 a
9696.0 26771.0 348.0 104.0 wheel-

7272.0 26888.0 440.0 100.0 barrow
7764.0 26888.0 476.0 120.0 factory.
8376.0 26888.0 244.0 104.0 The
8668.0 26891.0 244.0 104.0 first
8956.0 26903.0 224.0 96.0 two
9228.0 26888.0 532.0 104.0 numbers
9788.0 26911.0 296.0 80.0 were

7268.0 27003.0 668.0 124.0 completely
8000.0 27003.0 428.0 124.0 uutteiL
8616.0 27003.0 248.0 108.0 The
9040.0 27007.0 520.0 108.0 stlmated
9676.0 27007.0 228.0 104.0 loss
9992.0 27011.0 96.0 104.0 is

7272.0 27120.0 500.0 128.0 $100,000.

7864.0 27348.0 436.0 108.0 Death
8368.0 27359.0 152.0 96.0 or
8572.0 27379.0 76.0 76.0 n
8728.0 27348.0 744.0 108.0 Publisher.

7392.0 27519.0 984.0 108.0 Piiu.&DKi.riiiA
8392.0 27591.0 28.0 52.0 ,
8520.0 27515.0 184.0 112.0 Pa.
8720.0 27595.0 28.0 48.0 ,
8804.0 27519.0 376.0 108.0 March
9228.0 27523.0 96.0 104.0 5.
9460.0 27515.0 460.0 116.0 Chi.rlcs
9960.0 27515.0 112.0 108.0 J.

7280.0 27656.0 528.0 112.0 Peterson
7824.0 27732.0 28.0 52.0 ,
7904.0 27663.0 408.0 108.0 author
8312.0 27736.0 28.0 48.0 ,
8396.0 27663.0 580.0 128.0 publisher
9020.0 27663.0 228.0 108.0 and
9296.0 27663.0 624.0 128.0 proprietor
9972.0 27660.0 124.0 112.0 of

7280.0 27795.0 636.0 112.0 Peterson's
7972.0 27804.0 412.0 140.0 Lady's
8460.0 27799.0 532.0 116.0 National
9092.0 27795.0 580.0 132.0 maga/lnc
9684.0 27888.0 24.0 40.0 ,
9832.0 27815.0 252.0 104.0 died

7276.0 27915.0 560.0 128.0 suddenly
7924.0 27931.0 120.0 96.0 ai
8132.0 27923.0 168.0 104.0 his
8396.0 27927.0 572.0 108.0 Kuldeoct
9060.0 27923.0 212.0 112.0 last

7272.0 28036.0 688.0 124.0 sixty-tight.

10168.0 2636.0 112.0 232.0 A
10368.0 2632.0 604.0 240.0 GREAT
11048.0 2620.0 980.0 252.0 PREACHER
12088.0 2632.0 428.0 232.0 LAID
12584.0 2624.0 392.0 240.0 LOW

10168.0 3172.0 388.0 168.0 Henry
10632.0 3164.0 344.0 140.0 Ward
11036.0 3160.0 492.0 136.0 Beecher
11599.0 3168.0 548.0 168.0 Thought
12200.0 3180.0 116.0 120.0 to
12368.0 3168.0 160.0 128.0 Bo
12580.0 3208.0 140.0 84.0 on
12772.0 3156.0 220.0 132.0 His

11208.0 3348.0 388.0 164.0 Dying
11668.0 3352.0 268.0 132.0 Bed.

10176.0 3728.0 96.0 108.0 A
10352.0 3724.0 688.0 112.0 SUDDEN
11132.0 3716.0 1060.0 124.0 APOPLECTIC
12271.0 3720.0 712.0 116.0 STROKE.

10180.0 4104.0 640.0 104.0 Imminent
10876.0 4108.0 564.0 100.0 Doctors
11496.0 4108.0 460.0 100.0 Called
12016.0 4120.0 136.0 88.0 to
12196.0 4104.0 508.0 104.0 Attend
12756.0 4100.0 232.0 104.0 tlio

10416.0 4284.0 420.0 100.0 Great
10948.0 4280.0 312.0 96.0 Man
11412.0 4272.0 320.0 104.0 Ghc
11892.0 4280.0 224.0 96.0 tlio
12232.0 4272.0 516.0 124.0 Family

10772.0 4448.0 412.0 104.0 Lllllo
11284.0 4440.0 368.0 124.0 Hope
11748.0 4444.0 352.0 100.0 'flint
12196.0 4448.0 200.0 100.0 He

11048.0 4612.0 304.0 104.0 Will
11483.0 4616.0 636.0 116.0 Recover.

10540.0 5040.0 196.0 100.0 An
10796.0 5036.0 756.0 104.0 Illustrious
11608.0 5040.0 468.0 104.0 Dlvlno
12120.0 5036.0 500.0 108.0 Called.

10296.0 5176.0 316.0 112.0 Nr.w
10664.0 5180.0 360.0 108.0 YOIIK
11032.0 5252.0 24.0 52.0 ,
11108.0 5176.0 380.0 108.0 March
11528.0 5180.0 84.0 104.0 5.
11756.0 5180.0 280.0 112.0 Hov.
12144.0 5180.0 388.0 124.0 Henry
12636.0 5171.0 336.0 112.0 Ward

10184.0 5320.0 496.0 112.0 Boecher
10732.0 5324.0 200.0 108.0 lias
10980.0 5324.0 216.0 104.0 had
11240.0 5352.0 68.0 76.0 a
11408.0 5324.0 384.0 108.0 stroke
11876.0 5327.0 124.0 100.0 ot
12096.0 5324.0 556.0 128.0 apoplexy
12764.0 5316.0 228.0 108.0 and

10180.0 5488.0 260.0 84.0 now
10488.0 5464.0 208.0 108.0 lies
10740.0 5464.0 780.0 112.0 unconscious.
11636.0 5464.0 364.0 112.0 While
12051.0 5468.0 420.0 120.0 hoping
12520.0 5468.0 244.0 104.0 that
12808.0 5460.0 188.0 108.0 the

10180.0 5612.0 384.0 104.0 attack
10620.0 5635.0 252.0 96.0 may
10924.0 5624.0 200.0 92.0 not
11168.0 5600.0 336.0 128.0 pidve
11612.0 5612.0 276.0 104.0 tatal
11900.0 5688.0 28.0 44.0 ,
12000.0 5640.0 340.0 92.0 grave
12424.0 5616.0 296.0 100.0 tears
12808.0 5632.0 188.0 84.0 aio

10180.0 5752.0 716.0 108.0 cnteitallied
11004.0 5756.0 144.0 120.0 by
11256.0 5744.0 176.0 112.0 his
11544.0 5752.0 396.0 124.0 tninlly
12104.0 5756.0 232.0 104.0 and
12452.0 5752.0 528.0 104.0 Intimate

10184.0 5896.0 440.0 108.0 filends
10676.0 5900.0 244.0 104.0 that
10968.0 5896.0 176.0 104.0 his
11192.0 5892.0 364.0 108.0 labors
11632.0 5924.0 124.0 76.0 as
11864.0 5928.0 64.0 76.0 a
12036.0 5900.0 384.0 124.0 pastor
12528.0 5896.0 112.0 104.0 In
12756.0 5892.0 228.0 104.0 this

10184.0 6044.0 352.0 100.0 world
10580.0 6044.0 284.0 104.0 have
10908.0 6040.0 396.0 108.0 ended.
11444.0 6036.0 492.0 112.0 Beecher
11976.0 6040.0 428.0 108.0 resides
12488.0 6036.0 276.0 108.0 with
12816.0 6036.0 176.0 104.0 his

10180.0 6208.0 208.0 76.0 son
10408.0 6256.0 24.0 48.0 ,
10484.0 6184.0 464.0 104.0 Colonel
11004.0 6180.0 392.0 124.0 Henry
11428.0 6175.0 524.0 120.0 Beecher.
11992.0 6188.0 116.0 100.0 at
12155.0 6184.0 188.0 104.0 the
12384.0 6208.0 404.0 80.0 corner
12876.0 6192.0 120.0 92.0 ot

10196.0 6324.0 356.0 108.0 Hicks
10592.0 6327.0 232.0 104.0 and
10876.0 6324.0 336.0 108.0 Clark
11260.0 6327.0 404.0 104.0 stieets
11700.0 6327.0 112.0 104.0 In
11868.0 6327.0 620.0 124.0 Brooklyn.
12624.0 6327.0 108.0 100.0 A
12780.0 6348.0 208.0 80.0 son

10184.0 6468.0 260.0 108.0 who
10492.0 6468.0 88.0 108.0 Is
10632.0 6472.0 116.0 104.0 lu
10808.0 6472.0 188.0 104.0 the
11064.0 6468.0 276.0 108.0 west
11340.0 6540.0 28.0 52.0 ,
11483.0 6468.0 480.0 112.0 another
12068.0 6468.0 116.0 104.0 In
12296.0 6472.0 228.0 104.0 San
12644.0 6468.0 348.0 104.0 Fian-

10180.0 6608.0 296.0 112.0 clsco
10484.0 6688.0 28.0 52.0 ,
10564.0 6612.0 228.0 108.0 and
10844.0 6616.0 260.0 104.0 Mis.
11164.0 6608.0 552.0 112.0 Scholield
11728.0 6692.0 24.0 36.0 ,
11812.0 6612.0 176.0 104.0 Ills
12028.0 6612.0 552.0 116.0 daughter
12580.0 6684.0 28.0 48.0 ,
12711.0 6612.0 284.0 100.0 have

10192.0 6760.0 276.0 100.0 been
10524.0 6752.0 716.0 128.0 tclegiaphed
11292.0 6756.0 204.0 104.0 tor.
11660.0 6756.0 472.0 104.0 Colonel
12212.0 6756.0 488.0 104.0 llecchcr
12788.0 6752.0 208.0 104.0 has

10188.0 6896.0 240.0 104.0 also
10472.0 6896.0 716.0 116.0 telegraphed
11240.0 6900.0 180.0 100.0 for
11464.0 6896.0 176.0 104.0 his
11688.0 6928.0 200.0 76.0 son
11904.0 6976.0 24.0 48.0 ,
12008.0 6896.0 252.0 112.0 who
12352.0 6896.0 80.0 108.0 is
12432.0 6976.0 12.0 24.0 ,
12528.0 6904.0 116.0 100.0 In
12708.0 6892.0 292.0 108.0 Yale

10188.0 7040.0 468.0 124.0 college.
10736.0 7040.0 460.0 108.0 Colonel
11308.0 7040.0 500.0 108.0 Beecher
11912.0 7044.0 228.0 104.0 and
12248.0 7040.0 180.0 108.0 his
12515.0 7028.0 448.0 116.0 brother
12964.0 7112.0 28.0 52.0 ,

10188.0 7188.0 772.0 104.0 ox-Assistant
11128.0 7184.0 468.0 108.0 District
11756.0 7192.0 572.0 120.0 Attoiney
12480.0 7184.0 516.0 108.0 William

10192.0 7327.0 116.0 104.0 C.
10364.0 7327.0 500.0 108.0 Beecher
10868.0 7404.0 24.0 48.0 ,
10948.0 7327.0 272.0 108.0 with
11264.0 7327.0 176.0 104.0 his
11488.0 7327.0 268.0 108.0 wlfo
11804.0 7331.0 228.0 104.0 and
12100.0 7331.0 264.0 100.0 Mrs.
12468.0 7327.0 524.0 104.0 Beecher.

10188.0 7496.0 296.0 80.0 weie
10572.0 7480.0 116.0 96.0 at
10780.0 7472.0 188.0 104.0 the
11052.0 7468.0 460.0 108.0 bedside
11556.0 7480.0 120.0 96.0 ot
11752.0 7472.0 188.0 104.0 the
11988.0 7480.0 312.0 112.0 great
12344.0 7468.0 652.0 128.0 clergyman

10192.0 7612.0 144.0 104.0 all
10388.0 7616.0 224.0 124.0 day
10660.0 7616.0 404.0 124.0 to-day.
11256.0 7608.0 324.0 128.0 They
11624.0 7643.0 292.0 80.0 weie
11980.0 7616.0 668.0 120.0 completely
12696.0 7639.0 312.0 80.0 ovei-

10192.0 7784.0 312.0 76.0 come
10564.0 7760.0 272.0 104.0 vvitli
10888.0 7760.0 292.0 104.0 cricf
11224.0 7760.0 116.0 104.0 at
11404.0 7756.0 176.0 108.0 his
11684.0 7760.0 592.0 108.0 condition
12292.0 7832.0 28.0 32.0 ,
12512.0 7756.0 180.0 104.0 lie
12800.0 7756.0 204.0 104.0 has

10192.0 7900.0 424.0 124.0 always
10696.0 7904.0 276.0 104.0 been
11088.0 7904.0 112.0 100.0 in
11312.0 7912.0 268.0 92.0 such
11648.0 7908.0 296.0 120.0 good
12036.0 7900.0 380.0 108.0 health
12496.0 7900.0 228.0 104.0 and
12776.0 7924.0 228.0 80.0 was

10196.0 8044.0 672.0 124.0 apparently
10976.0 8072.0 128.0 80.0 so
11212.0 8044.0 248.0 104.0 halo
11572.0 8044.0 176.0 104.0 for
11864.0 8048.0 180.0 100.0 his
12084.0 8072.0 208.0 96.0 ago
12380.0 8044.0 252.0 104.0 that
12732.0 8040.0 268.0 124.0 they

10192.0 8183.0 332.0 104.0 could
10568.0 8183.0 400.0 128.0 hatdly
11016.0 8188.0 396.0 104.0 icali/.o
11460.0 8188.0 244.0 104.0 that
11752.0 8200.0 136.0 92.0 ho
11976.0 8220.0 232.0 76.0 was
12271.0 8188.0 332.0 124.0 lying
12696.0 8188.0 308.0 100.0 there-

10200.0 8328.0 108.0 104.0 In
10404.0 8328.0 272.0 108.0 such
10784.0 8364.0 64.0 72.0 n
10928.0 8328.0 484.0 128.0 helpless
11516.0 8331.0 624.0 104.0 condition.
12344.0 8328.0 216.0 104.0 His
12628.0 8324.0 380.0 116.0 attack

10196.0 8496.0 312.0 80.0 came
10560.0 8500.0 144.0 76.0 on
10764.0 8504.0 124.0 72.0 so
10920.0 8472.0 584.0 124.0 gradually
11544.0 8472.0 240.0 108.0 that
11872.0 8476.0 180.0 108.0 his
12128.0 8476.0 272.0 104.0 wlfo
12484.0 8472.0 228.0 104.0 and
12792.0 8496.0 208.0 76.0 son

10200.0 8639.0 296.0 80.0 weie
10540.0 8616.0 412.0 104.0 unable
11000.0 8624.0 116.0 100.0 to
11172.0 8616.0 396.0 108.0 icallio
11616.0 8620.0 188.0 104.0 the
11856.0 8620.0 212.0 104.0 full
12136.0 8620.0 396.0 108.0 extent
12612.0 8620.0 124.0 100.0 ot
12827.0 8608.0 180.0 108.0 his

10204.0 8756.0 420.0 108.0 Illness.
10764.0 8760.0 528.0 108.0 Between
11344.0 8760.0 64.0 96.0 2
11452.0 8764.0 224.0 100.0 and
11764.0 8768.0 60.0 92.0 3
11888.0 8764.0 432.0 104.0 o'clock
12412.0 8788.0 44.0 96.0 >
12488.0 8756.0 520.0 120.0 estprday

10204.0 8904.0 532.0 124.0 moinlng
10788.0 8904.0 488.0 104.0 Beecher
11320.0 8908.0 436.0 104.0 awoke.
11900.0 8908.0 180.0 104.0 He
12124.0 8900.0 716.0 128.0 complained
12888.0 8900.0 124.0 100.0 of

10200.0 9044.0 340.0 120.0 being
10580.0 9048.0 284.0 104.0 sick.
11000.0 9048.0 216.0 100.0 Ills
11264.0 9044.0 272.0 112.0 wlfo
11580.0 9076.0 320.0 76.0 arose
11952.0 9052.0 112.0 100.0 to
12112.0 9052.0 184.0 120.0 get
12356.0 9040.0 660.0 128.0 something

10204.0 9187.0 164.0 100.0 foi
10488.0 9187.0 232.0 104.0 him
10820.0 9200.0 112.0 96.0 to
11040.0 9192.0 376.0 104.0 drink.
11644.0 9192.0 180.0 104.0 Ho
11932.0 9192.0 360.0 116.0 began
12408.0 9196.0 120.0 96.0 to
12652.0 9183.0 356.0 108.0 vomit

10208.0 9335.0 360.0 128.0 freely
10792.0 9339.0 228.0 104.0 and
11248.0 9335.0 268.0 108.0 then
11764.0 9343.0 188.0 120.0 lay
12176.0 9339.0 284.0 104.0 back
12700.0 9360.0 304.0 100.0 upon

10204.0 9476.0 176.0 104.0 his
10424.0 9480.0 392.0 124.0 pillow
10820.0 9556.0 24.0 52.0 ,
10900.0 9487.0 676.0 120.0 apparently
11608.0 9483.0 616.0 104.0 exhausted
12236.0 9556.0 24.0 32.0 ,
12396.0 9480.0 144.0 104.0 lu
12588.0 9508.0 64.0 76.0 a
12696.0 9480.0 320.0 100.0 shoit

10204.0 9624.0 276.0 100.0 tlmo
10524.0 9624.0 140.0 104.0 he
10716.0 9624.0 196.0 104.0 fell
10960.0 9628.0 412.0 120.0 asleep.
11504.0 9628.0 268.0 104.0 Mrs.
11848.0 9628.0 496.0 104.0 Beecher
12384.0 9616.0 628.0 116.0 concluded

10208.0 9760.0 244.0 104.0 that
10496.0 9768.0 140.0 100.0 lip
10683.0 9768.0 372.0 104.0 would
11108.0 9764.0 216.0 104.0 feel
11372.0 9768.0 356.0 104.0 better
11776.0 9772.0 112.0 100.0 In
11940.0 9799.0 68.0 72.0 a
12056.0 9768.0 608.0 104.0 feAhours.
12672.0 9840.0 24.0 32.0 .
12764.0 9764.0 248.0 104.0 The

10216.0 9883.0 240.0 100.0 lirst
10504.0 9883.0 580.0 104.0 breakfast
11128.0 9888.0 216.0 100.0 bell
11392.0 9912.0 284.0 96.0 rung
11724.0 9888.0 196.0 104.0 but
11964.0 9888.0 196.0 104.0 did
12240.0 9888.0 200.0 100.0 not
12528.0 9883.0 476.0 104.0 awaken

10208.0 9996.0 232.0 100.0 him
10452.0 10072.0 24.0 48.0 ,
10604.0 10000.0 244.0 104.0 The
10896.0 10008.0 412.0 100.0 second
11356.0 10004.0 216.0 100.0 bell
11620.0 10004.0 240.0 104.0 also
11923.0 10004.0 404.0 120.0 passed
12375.0 10000.0 628.0 104.0 unheeded.

10208.0 10111.0 264.0 108.0 Mis.
10532.0 10111.0 492.0 108.0 Buccher
11072.0 10115.0 212.0 104.0 had
11336.0 10111.0 276.0 108.0 been
11664.0 10144.0 156.0 100.0 up
11864.0 10124.0 176.0 96.0 for
12100.0 10148.0 312.0 76.0 some
12464.0 10120.0 268.0 100.0 tlmo
12780.0 10120.0 228.0 100.0 and

10248.0 10232.0 152.0 100.0 lid
10516.0 10240.0 204.0 96.0 not
10828.0 10236.0 280.0 100.0 wish
11220.0 10244.0 116.0 96.0 to
11436.0 10236.0 444.0 104.0 dl&tinb
11988.0 10236.0 268.0 104.0 him.
12387.0 10236.0 624.0 108.0 Becoming

10212.0 10347.0 488.0 104.0 Manned
10752.0 10352.0 196.0 100.0 she
10996.0 10352.0 324.0 104.0 made
11364.0 10376.0 144.0 76.0 an
11564.0 10360.0 476.0 116.0 attempt
12084.0 10360.0 116.0 92.0 to
12244.0 10376.0 400.0 76.0 arouse
12735.0 10352.0 268.0 100.0 Him.

10248.0 10468.0 160.0 96.0 uit
10448.0 10468.0 332.0 104.0 could
10828.0 10476.0 204.0 92.0 not
11076.0 10468.0 144.0 104.0 do
11264.0 10491.0 156.0 80.0 so.
11548.0 10472.0 224.0 100.0 She
11819.0 10472.0 356.0 100.0 called
12228.0 10468.0 200.0 100.0 her
12468.0 10491.0 204.0 80.0 son
12768.0 10456.0 244.0 112.0 and

10252.0 10584.0 980.0 108.0 laughtei-In-Iaw.
11367.0 10584.0 316.0 116.0 They
11736.0 10588.0 284.0 100.0 tried
12092.0 10592.0 112.0 96.0 to
12296.0 10608.0 332.0 80.0 louse
12716.0 10584.0 280.0 100.0 him.

10280.0 10696.0 112.0 100.0 le
10444.0 10708.0 280.0 92.0 tiled
10776.0 10704.0 108.0 96.0 to
10952.0 10700.0 340.0 124.0 speak
11304.0 10772.0 28.0 56.0 ,
11412.0 10704.0 200.0 96.0 but
11700.0 10700.0 172.0 104.0 Ills
11960.0 10704.0 308.0 100.0 voice
12360.0 10727.0 232.0 76.0 was
12696.0 10700.0 316.0 100.0 thick

10212.0 10812.0 224.0 100.0 ind
10584.0 10820.0 712.0 100.0 articulation
11452.0 10816.0 628.0 108.0 Indistinct.
12256.0 10816.0 192.0 104.0 Dr.
12592.0 10816.0 160.0 108.0 W.
12892.0 10820.0 112.0 96.0 S.

10212.0 10928.0 384.0 104.0 Searlp
10600.0 11004.0 24.0 40.0 ,
10756.0 10936.0 188.0 100.0 the
11064.0 10932.0 400.0 120.0 family
11592.0 10936.0 584.0 136.0 physician
12192.0 11008.0 24.0 28.0 ,
12336.0 10959.0 232.0 76.0 was
12648.0 10932.0 360.0 104.0 called

10264.0 11068.0 104.0 76.0 n.
10508.0 11048.0 176.0 100.0 Ho
10848.0 11048.0 728.0 124.0 pronounced
11740.0 11039.0 492.0 112.0 Beecher
12392.0 11052.0 308.0 120.0 quite
12892.0 11052.0 116.0 96.0 ill

10248.0 11164.0 160.0 100.0 nit
10492.0 11164.0 196.0 100.0 did
10764.0 11172.0 200.0 96.0 not
11044.0 11164.0 648.0 124.0 apprehend
11800.0 11168.0 640.0 100.0 Immediate
12544.0 11191.0 460.0 92.0 danger.

10216.0 11276.0 444.0 120.0 During
10704.0 11284.0 188.0 96.0 the
10936.0 11284.0 216.0 120.0 day
11208.0 11284.0 492.0 100.0 Beecher
11780.0 11284.0 448.0 104.0 seemed
12276.0 11292.0 116.0 92.0 to
12476.0 11280.0 528.0 124.0 impiove.

10212.0 11392.0 228.0 104.0 and
10528.0 11396.0 344.0 104.0 hones
10940.0 11423.0 292.0 76.0 were
11316.0 11400.0 712.0 104.0 enteitalncd
12116.0 11400.0 248.0 100.0 that
12408.0 11396.0 140.0 104.0 ho
12636.0 11384.0 376.0 116.0 would

10212.0 11508.0 312.0 124.0 rally.
10664.0 11512.0 564.0 104.0 Medicinn
11276.0 11520.0 600.0 116.0 vvasvlven
11932.0 11520.0 228.0 100.0 and
12208.0 11540.0 332.0 96.0 every
12576.0 11516.0 436.0 104.0 chance

10216.0 11651.0 232.0 76.0 was
10492.0 11628.0 372.0 104.0 noted.
10996.0 11628.0 280.0 104.0 This
11320.0 11632.0 532.0 120.0 morning
11896.0 11632.0 140.0 104.0 ho
12080.0 11632.0 548.0 112.0 appeared
12720.0 11643.0 116.0 88.0 to
12884.0 11632.0 132.0 100.0 bo

10220.0 11768.0 352.0 76.0 worse
10576.0 11820.0 24.0 40.0 ,
10656.0 11748.0 228.0 100.0 and
10932.0 11748.0 88.0 104.0 it
11096.0 11768.0 232.0 84.0 was
11408.0 11748.0 468.0 104.0 decided
11923.0 11756.0 112.0 96.0 to
12080.0 11756.0 216.0 96.0 call
12336.0 11748.0 188.0 104.0 Dr.
12584.0 11748.0 164.0 104.0 W.
12844.0 11752.0 156.0 100.0 A.

10244.0 11856.0 616.0 108.0 Hammond
10876.0 11932.0 24.0 48.0 ,
11012.0 11864.0 124.0 100.0 of
11200.0 11864.0 284.0 108.0 Now
11592.0 11864.0 288.0 104.0 Vork
11888.0 11936.0 28.0 44.0 ,
12008.0 11891.0 148.0 76.0 on
12248.0 11864.0 760.0 104.0 consultation

10220.0 11976.0 268.0 100.0 with
10604.0 11976.0 196.0 104.0 Dr.
10924.0 11980.0 412.0 108.0 Searle.
11584.0 11976.0 408.0 108.0 Befoio
12100.0 12008.0 304.0 76.0 noon
12520.0 11980.0 496.0 100.0 Beecher

10256.0 12092.0 344.0 120.0 apsed
10648.0 12096.0 244.0 100.0 into
10940.0 12100.0 1012.0 104.0 unconsciousness
11964.0 12172.0 24.0 44.0 ,
12039.0 12100.0 228.0 100.0 and
12324.0 12123.0 232.0 76.0 was
12600.0 12100.0 116.0 96.0 in
12772.0 12100.0 244.0 100.0 that

10208.0 12208.0 580.0 104.0 condition
10844.0 12236.0 76.0 76.0 w
10952.0 12212.0 212.0 104.0 lieu
11256.0 12216.0 196.0 104.0 Dr.
11524.0 12212.0 648.0 104.0 Hammond
12259.0 12212.0 472.0 104.0 reached
12824.0 12216.0 188.0 100.0 the

10256.0 12347.0 336.0 80.0 louse.
10848.0 12328.0 180.0 104.0 Dr.
11164.0 12328.0 652.0 108.0 Hammond
11935.0 12332.0 732.0 124.0 pronounced
12772.0 12328.0 232.0 104.0 him

10260.0 12460.0 72.0 80.0 n
10516.0 12472.0 68.0 72.0 a
10744.0 12472.0 96.0 76.0 ct
10872.0 12444.0 296.0 104.0 ideal
11332.0 12448.0 612.0 104.0 condition.
12200.0 12448.0 180.0 104.0 He
12536.0 12448.0 480.0 108.0 thought

10216.0 12556.0 244.0 104.0 that
10640.0 12583.0 124.0 76.0 as
10948.0 12567.0 188.0 100.0 the
11352.0 12564.0 444.0 140.0 patient
11976.0 12592.0 232.0 80.0 was
12444.0 12564.0 572.0 120.0 natuially

10216.0 12700.0 64.0 72.0 i
10320.0 12680.0 392.0 116.0 stiong
10760.0 12704.0 252.0 76.0 man
11068.0 12680.0 140.0 100.0 lie
11251.0 12684.0 356.0 116.0 might
11640.0 12680.0 324.0 124.0 rally.
12100.0 12680.0 180.0 104.0 Ho
12312.0 12688.0 460.0 96.0 assured
12820.0 12684.0 188.0 96.0 the

10244.0 12788.0 368.0 144.0 'amily
10660.0 12795.0 240.0 96.0 that
10960.0 12795.0 308.0 108.0 there
11332.0 12824.0 224.0 76.0 was
11656.0 12824.0 312.0 76.0 some
12076.0 12799.0 316.0 108.0 hope.
12524.0 12795.0 180.0 104.0 Ho
12792.0 12795.0 212.0 100.0 lett

10216.0 12904.0 240.0 100.0 shot
10488.0 12891.0 156.0 124.0 tfy
10688.0 12912.0 296.0 100.0 after
11024.0 12916.0 60.0 92.0 3
11128.0 12912.0 424.0 104.0 o'clock
11544.0 12940.0 40.0 76.0 ;
11712.0 12916.0 464.0 100.0 Colonel
12232.0 12916.0 496.0 100.0 Beecher
12764.0 12916.0 240.0 100.0 said

10244.0 13047.0 8.0 68.0 :
10268.0 13024.0 460.0 120.0 o-nlght
10772.0 13031.0 244.0 96.0 that
11060.0 13027.0 176.0 104.0 his
11300.0 13027.0 376.0 104.0 father
11712.0 13031.0 192.0 100.0 did
11984.0 13039.0 200.0 92.0 not
12232.0 13056.0 296.0 80.0 seem
12580.0 13035.0 116.0 92.0 to
12760.0 13031.0 192.0 100.0 suf-

10220.0 13144.0 168.0 92.0 fer
10432.0 13164.0 224.0 96.0 any
10708.0 13144.0 256.0 108.0 pain
10984.0 13216.0 24.0 52.0 ,
11064.0 13144.0 224.0 104.0 and
11392.0 13152.0 332.0 100.0 when
11776.0 13144.0 476.0 104.0 aroused
12352.0 13160.0 444.0 88.0 seemed
12888.0 13152.0 120.0 96.0 to

10216.0 13259.0 580.0 112.0 recognise
10888.0 13259.0 224.0 100.0 him
11164.0 13259.0 228.0 108.0 and
11432.0 13263.0 236.0 100.0 Mrs
11688.0 13332.0 28.0 36.0 ,
11776.0 13263.0 520.0 104.0 Beecher.
12432.0 13263.0 212.0 100.0 His
12688.0 13263.0 276.0 100.0 artic-

10216.0 13368.0 428.0 104.0 ulation
10696.0 13400.0 228.0 76.0 was
10968.0 13384.0 188.0 92.0 too
11204.0 13380.0 592.0 104.0 Indistinct
11840.0 13384.0 112.0 96.0 to
12039.0 13384.0 128.0 96.0 bo
12264.0 13380.0 732.0 100.0 understood.

10240.0 13484.0 164.0 104.0 Dr.
10460.0 13488.0 652.0 108.0 Hammond
11156.0 13516.0 236.0 84.0 was
11432.0 13495.0 356.0 112.0 called
11880.0 13499.0 116.0 96.0 In
12044.0 13524.0 128.0 72.0 as
12212.0 13520.0 148.0 76.0 nil
12412.0 13503.0 392.0 108.0 expert
12876.0 13495.0 116.0 100.0 In

10240.0 13604.0 292.0 104.0 Jialn
10588.0 13608.0 516.0 104.0 troubles.
11236.0 13608.0 240.0 108.0 The
11524.0 13612.0 392.0 120.0 family
11920.0 13684.0 28.0 48.0 ,
12004.0 13616.0 468.0 100.0 Colonel
12520.0 13612.0 492.0 104.0 Beecher

10216.0 13720.0 236.0 100.0 said
10468.0 13792.0 24.0 40.0 ,
10544.0 13735.0 112.0 84.0 at
10708.0 13727.0 228.0 96.0 first
10984.0 13723.0 476.0 108.0 thoimht
11504.0 13727.0 192.0 100.0 the
11736.0 13731.0 384.0 100.0 attack
12220.0 13752.0 236.0 80.0 was
12556.0 13727.0 452.0 104.0 bllloiu-

10220.0 13860.0 292.0 80.0 ness.
10640.0 13836.0 108.0 104.0 It
10796.0 13864.0 228.0 76.0 was
11072.0 13840.0 464.0 108.0 decided
11580.0 13852.0 116.0 92.0 to
11740.0 13848.0 300.0 96.0 Issue
12144.0 13844.0 408.0 140.0 hourly
12656.0 13848.0 312.0 100.0 bulle-

10220.0 13951.0 232.0 100.0 tins
10500.0 13955.0 112.0 96.0 to
10700.0 13959.0 420.0 96.0 inform
11168.0 13959.0 484.0 104.0 anxluiis
11696.0 13959.0 440.0 108.0 friends
12236.0 13963.0 128.0 96.0 of
12432.0 13959.0 572.0 104.0 Beeceer's

10216.0 14068.0 620.0 108.0 condition.
11260.0 14072.0 24.0 32.0 '
11440.0 14064.0 60.0 104.0 i
11664.0 14144.0 28.0 28.0 ,

10332.0 14187.0 164.0 96.0 At
10576.0 14187.0 212.0 96.0 b-f
10660.0 14212.0 24.0 76.0 :
10788.0 14224.0 28.0 60.0 >
10900.0 14187.0 484.0 120.0 to-night
11456.0 14183.0 196.0 112.0 Or.
11740.0 14187.0 384.0 108.0 Searlo
12204.0 14187.0 244.0 108.0 said
12524.0 14187.0 244.0 104.0 that
12812.0 14187.0 196.0 104.0 the

10216.0 14300.0 580.0 104.0 condition
10844.0 14312.0 116.0 92.0 ot
11008.0 14304.0 488.0 108.0 Beecher
11540.0 14332.0 232.0 88.0 was
11816.0 14308.0 668.0 120.0 unchanged
12496.0 14380.0 28.0 48.0 ,
12616.0 14308.0 196.0 100.0 but
12864.0 14308.0 144.0 100.0 ho

10224.0 14439.0 224.0 72.0 was
10496.0 14415.0 332.0 100.0 liable
10872.0 14427.0 116.0 92.0 to
11028.0 14419.0 184.0 104.0 die
11256.0 14435.0 120.0 92.0 nt
11428.0 14444.0 228.0 96.0 any
11703.0 14427.0 532.0 92.0 moment.

10336.0 14532.0 164.0 100.0 At
10532.0 14536.0 112.0 92.0 10
10672.0 14532.0 424.0 108.0 o'clock
11128.0 14564.0 100.0 96.0 p.
11268.0 14564.0 136.0 76.0 in.
11540.0 14520.0 492.0 116.0 Beecher
12080.0 14536.0 96.0 96.0 Is
12220.0 14536.0 196.0 100.0 not
12468.0 14532.0 540.0 116.0 expected

10240.0 14647.0 100.0 96.0 to
10384.0 14644.0 184.0 104.0 die
10616.0 14647.0 372.0 104.0 bcfoia
11036.0 14655.0 556.0 112.0 morning.

10336.0 14764.0 164.0 96.0 At
10548.0 14768.0 104.0 92.0 11
10704.0 14764.0 424.0 104.0 o'clock
11180.0 14764.0 504.0 124.0 to-night
11728.0 14764.0 496.0 108.0 Beecher
12268.0 14792.0 232.0 76.0 was
12544.0 14764.0 468.0 120.0 slightly

10236.0 14879.0 344.0 96.0 better
10624.0 14879.0 224.0 100.0 and
10888.0 14883.0 548.0 120.0 appealed
11483.0 14891.0 112.0 88.0 to
11644.0 14883.0 132.0 100.0 be
11819.0 14883.0 220.0 100.0 less
12104.0 14883.0 480.0 120.0 drowsy.
12708.0 14872.0 284.0 112.0 Itev.

10232.0 14988.0 152.0 104.0 Dr
10388.0 15064.0 24.0 40.0 ,
10504.0 14992.0 532.0 104.0 Talunuo
11116.0 14996.0 224.0 108.0 and
11428.0 15000.0 152.0 100.0 all
11668.0 15000.0 192.0 100.0 the
11944.0 15000.0 652.0 112.0 prominent
12676.0 15020.0 288.0 80.0 mem-

10236.0 15107.0 232.0 100.0 bers
10512.0 15111.0 124.0 96.0 of
10688.0 15100.0 576.0 116.0 iJcecher'b
11308.0 15115.0 408.0 104.0 chinch
11764.0 15115.0 352.0 100.0 called
12188.0 15119.0 116.0 96.0 at
12387.0 15115.0 188.0 100.0 the
12619.0 15111.0 380.0 104.0 home.

10224.0 15224.0 468.0 104.0 Beechei
10712.0 15300.0 24.0 44.0 ,
10788.0 15232.0 532.0 120.0 pointing
11364.0 15240.0 112.0 92.0 to
11524.0 15232.0 176.0 100.0 his
11752.0 15232.0 272.0 100.0 lipad
12039.0 15304.0 24.0 48.0 ,
12152.0 15228.0 568.0 104.0 indicated
12768.0 15232.0 244.0 100.0 that

10236.0 15339.0 124.0 100.0 lie
10408.0 15367.0 228.0 76.0 was
10683.0 15324.0 908.0 132.0 sulleiinulhete
11644.0 15367.0 320.0 80.0 most.
12096.0 15347.0 184.0 104.0 Dr.
12336.0 15347.0 384.0 100.0 Searle
12768.0 15347.0 240.0 100.0 said

10224.0 15456.0 240.0 104.0 that
10516.0 15484.0 148.0 76.0 no
10712.0 15484.0 300.0 80.0 more
11096.0 15460.0 540.0 112.0 bulletins
11712.0 15460.0 368.0 104.0 would
12167.0 15464.0 136.0 100.0 bo
12399.0 15460.0 368.0 104.0 issued
12856.0 15468.0 116.0 96.0 to-

10228.0 15571.0 328.0 112.0 night
10604.0 15575.0 380.0 100.0 unless
11040.0 15575.0 488.0 108.0 Beecher
11572.0 15604.0 228.0 76.0 was
11844.0 15579.0 364.0 100.0 found
12276.0 15583.0 116.0 92.0 to
12436.0 15579.0 132.0 100.0 bo
12612.0 15575.0 364.0 124.0 dying
12976.0 15651.0 28.0 28.0 ,

10228.0 15688.0 176.0 100.0 lie
10448.0 15692.0 196.0 104.0 did
10696.0 15700.0 196.0 92.0 not
10940.0 15692.0 332.0 104.0 think
11320.0 15700.0 312.0 96.0 there
11684.0 15696.0 368.0 100.0 would
12124.0 15696.0 132.0 96.0 be
12304.0 15720.0 228.0 92.0 any
12572.0 15696.0 440.0 116.0 change

10236.0 15803.0 368.0 104.0 before
10648.0 15811.0 564.0 120.0 morning.
11336.0 15815.0 160.0 100.0 At
11540.0 15815.0 112.0 92.0 11
11688.0 15807.0 428.0 108.0 o'clock
12164.0 15811.0 184.0 100.0 the
12384.0 15811.0 348.0 100.0 house
12784.0 15836.0 228.0 80.0 was

10220.0 15924.0 408.0 104.0 closed.

10340.0 16039.0 792.0 104.0 To-morrow's
11180.0 16039.0 388.0 112.0 World
11652.0 16039.0 232.0 108.0 will
11932.0 16039.0 284.0 108.0 have
12300.0 16043.0 192.0 100.0 the
12568.0 16043.0 448.0 100.0 follow-

10228.0 16156.0 196.0 104.0 inir
10452.0 16180.0 24.0 80.0 :
10604.0 16160.0 244.0 100.0 The
10892.0 16160.0 480.0 104.0 chances
11420.0 16164.0 116.0 100.0 ot
11632.0 16160.0 584.0 100.0 Beecher's
12264.0 16184.0 516.0 96.0 rccoveiy
12827.0 16187.0 188.0 72.0 aio

10224.0 16271.0 360.0 104.0 stated
10636.0 16275.0 136.0 120.0 by
10824.0 16279.0 184.0 100.0 Dr.
11100.0 16275.0 480.0 104.0 William
11624.0 16271.0 128.0 108.0 T.
11808.0 16275.0 412.0 100.0 Seaile.
12336.0 16279.0 176.0 96.0 his
12619.0 16279.0 396.0 116.0 family

10236.0 16388.0 132.0 104.0 nh
10384.0 16419.0 36.0 92.0 )
10456.0 16376.0 384.0 124.0 slcia'n.
10896.0 16396.0 116.0 100.0 in
11064.0 16396.0 184.0 100.0 the
11284.0 16392.0 588.0 116.0 following
11916.0 16388.0 364.0 104.0 wotds
12308.0 16415.0 28.0 80.0 :
12468.0 16392.0 256.0 104.0 "Ho
12756.0 16419.0 260.0 92.0 may

10228.0 16492.0 220.0 112.0 live
10496.0 16536.0 64.0 72.0 a
10604.0 16511.0 216.0 116.0 day
10824.0 16579.0 24.0 52.0 ,
10912.0 16507.0 136.0 104.0 he
11096.0 16532.0 252.0 100.0 may
11388.0 16511.0 220.0 100.0 live
11652.0 16540.0 64.0 68.0 a
11756.0 16511.0 312.0 100.0 week
12076.0 16583.0 28.0 44.0 ,
12155.0 16523.0 224.0 88.0 and
12420.0 16507.0 320.0 104.0 there
12792.0 16511.0 92.0 104.0 is
12948.0 16536.0 68.0 76.0 a

10228.0 16620.0 256.0 104.0 bare
10588.0 16624.0 632.0 124.0 possibility
11328.0 16624.0 240.0 104.0 that
11676.0 16624.0 136.0 100.0 lie
11920.0 16651.0 252.0 88.0 may
12280.0 16628.0 456.0 104.0 survive
12824.0 16628.0 192.0 100.0 tlio

10228.0 16739.0 340.0 104.0 shock
10580.0 16807.0 28.0 44.0 ,
10656.0 16743.0 192.0 100.0 but
10896.0 16743.0 172.0 100.0 his
11120.0 16735.0 204.0 108.0 titll
11372.0 16739.0 420.0 104.0 mental
11840.0 16743.0 224.0 100.0 and
12180.0 16743.0 380.0 144.0 bodily
12676.0 16743.0 296.0 100.0 facul-

10228.0 16856.0 208.0 100.0 ties
10540.0 16883.0 204.0 76.0 can
10884.0 16883.0 328.0 76.0 nevei
11367.0 16864.0 128.0 96.0 bo
11636.0 16856.0 532.0 104.0 restored.
12180.0 16856.0 64.0 56.0 "
12432.0 16856.0 588.0 108.0 Beecher's

10228.0 16971.0 388.0 100.0 Illness
10668.0 17000.0 224.0 76.0 was
10940.0 16975.0 620.0 120.0 altogether
11644.0 16971.0 744.0 124.0 unexpected.
12528.0 16975.0 172.0 100.0 Ho
12792.0 17004.0 228.0 72.0 was

10232.0 17088.0 108.0 100.0 in
10400.0 17092.0 172.0 100.0 his
10620.0 17088.0 316.0 104.0 usual
10988.0 17096.0 284.0 112.0 good
11324.0 17092.0 368.0 100.0 health
11748.0 17111.0 148.0 100.0 up
11944.0 17100.0 116.0 92.0 to
12104.0 17088.0 220.0 104.0 last
12424.0 17092.0 600.0 124.0 Thursday

10224.0 17207.0 520.0 116.0 evening.
10884.0 17203.0 172.0 104.0 HP
11100.0 17215.0 180.0 92.0 ate
11324.0 17211.0 240.0 96.0 that
11652.0 17203.0 328.0 120.0 night
12080.0 17232.0 68.0 76.0 a
12252.0 17232.0 412.0 96.0 supper
12764.0 17232.0 208.0 80.0 con-

10228.0 17324.0 412.0 116.0 sisting
10680.0 17324.0 124.0 100.0 of
10852.0 17324.0 228.0 100.0 halt
11128.0 17355.0 64.0 72.0 a
11236.0 17324.0 348.0 104.0 dorcn
11632.0 17332.0 300.0 88.0 least
11976.0 17320.0 348.0 104.0 clams
12368.0 17328.0 228.0 100.0 and
12684.0 17332.0 336.0 108.0 spent

10232.0 17439.0 184.0 100.0 the
10464.0 17439.0 496.0 116.0 evening
11004.0 17439.0 460.0 120.0 plavltig
11512.0 17435.0 812.0 120.0 backgammon
12372.0 17439.0 276.0 104.0 vvitli
12748.0 17443.0 268.0 104.0 Mrs.

10228.0 17556.0 520.0 104.0 Beecher.
10880.0 17556.0 176.0 100.0 Ho
11100.0 17556.0 400.0 104.0 retired
11548.0 17544.0 280.0 132.0 carlj
11896.0 17552.0 228.0 104.0 and
12167.0 17556.0 196.0 100.0 did
12456.0 17568.0 204.0 92.0 not
12740.0 17583.0 240.0 76.0 com-

10228.0 17671.0 308.0 124.0 plain
10584.0 17671.0 124.0 100.0 of
10799.0 17671.0 424.0 116.0 feeling
11312.0 17667.0 444.0 104.0 unwell.
11888.0 17667.0 176.0 100.0 Ho
12072.0 17743.0 28.0 44.0 ,
12188.0 17671.0 520.0 104.0 however
12708.0 17747.0 28.0 40.0 ,
12844.0 17704.0 140.0 88.0 ap-

10232.0 17792.0 396.0 120.0 peared
10683.0 17792.0 452.0 96.0 restless
11180.0 17796.0 292.0 96.0 atter
11512.0 17788.0 324.0 104.0 Ivlmr
11880.0 17788.0 328.0 100.0 down
12224.0 17860.0 24.0 44.0 ,
12296.0 17811.0 124.0 76.0 so
12484.0 17792.0 328.0 104.0 much
12900.0 17815.0 128.0 72.0 so

10232.0 17907.0 240.0 100.0 that
10520.0 17903.0 136.0 100.0 he
10700.0 17903.0 540.0 104.0 attracted
11288.0 17903.0 188.0 104.0 the
11508.0 17903.0 556.0 100.0 attention
12112.0 17907.0 108.0 96.0 ot
12271.0 17903.0 168.0 100.0 his
12480.0 17907.0 292.0 100.0 wife.
12851.0 17903.0 176.0 104.0 Ho

10232.0 18020.0 224.0 100.0 told
10512.0 18028.0 196.0 92.0 her
10744.0 18032.0 136.0 92.0 ho
10924.0 18024.0 216.0 100.0 had
11192.0 18028.0 268.0 96.0 been
11512.0 18024.0 320.0 96.0 suttei
11868.0 18020.0 192.0 112.0 ing
12132.0 18020.0 264.0 100.0 with
12496.0 18047.0 64.0 76.0 a
12644.0 18047.0 384.0 80.0 severe

10232.0 18135.0 560.0 104.0 headache
10792.0 18211.0 28.0 40.0 ,
10892.0 18164.0 144.0 76.0 an
11104.0 18139.0 528.0 100.0 allllction
11712.0 18139.0 116.0 96.0 to
11904.0 18127.0 364.0 108.0 which
12352.0 18139.0 676.0 104.0 helsacom-

10232.0 18256.0 1084.0 124.0 paiativestianger.
11420.0 18252.0 172.0 100.0 lie
11640.0 18252.0 488.0 100.0 vomited
12180.0 18256.0 572.0 120.0 piolusely
12796.0 18260.0 228.0 100.0 and

10232.0 18371.0 244.0 104.0 said
10524.0 18375.0 248.0 96.0 that
10820.0 18371.0 132.0 100.0 lie
11004.0 18371.0 204.0 100.0 felt
11251.0 18400.0 64.0 76.0 a
11356.0 18367.0 292.0 104.0 little
11692.0 18367.0 384.0 104.0 better.
12204.0 18371.0 460.0 124.0 Shoitly
12728.0 18375.0 284.0 100.0 aftei

10232.0 18484.0 140.0 104.0 ho
10420.0 18488.0 196.0 100.0 fell
10664.0 18488.0 372.0 116.0 asleep
11080.0 18488.0 224.0 104.0 and
11352.0 18488.0 288.0 116.0 slept
11684.0 18484.0 476.0 104.0 without
12204.0 18511.0 64.0 76.0 a
12375.0 18488.0 340.0 104.0 break
12824.0 18515.0 152.0 76.0 un-

10236.0 18603.0 128.0 104.0 til
10404.0 18607.0 240.0 92.0 aJO
10492.0 18628.0 20.0 76.0 :
10528.0 18612.0 16.0 80.0 !
10688.0 18603.0 428.0 104.0 o'clock
11164.0 18603.0 412.0 116.0 Friday
11660.0 18603.0 656.0 100.0 afternoon.
12524.0 18603.0 176.0 100.0 He
12788.0 18632.0 236.0 76.0 was

10232.0 18724.0 208.0 100.0 not
10540.0 18716.0 580.0 108.0 distuibed
11224.0 18720.0 416.0 108.0 duiing
11744.0 18716.0 228.0 104.0 this
12060.0 18716.0 276.0 104.0 time
12340.0 18796.0 24.0 44.0 ,
12436.0 18747.0 128.0 72.0 as
12648.0 18724.0 92.0 100.0 It
12824.0 18731.0 204.0 96.0 lias

10232.0 18835.0 280.0 104.0 been
10564.0 18839.0 176.0 96.0 Ills
10788.0 18839.0 308.0 100.0 habit
11140.0 18839.0 176.0 100.0 tor
11360.0 18860.0 316.0 92.0 years
11724.0 18839.0 112.0 96.0 to
11876.0 18835.0 308.0 120.0 sleep
12236.0 18835.0 112.0 100.0 In
12404.0 18839.0 240.0 100.0 that
12696.0 18864.0 264.0 76.0 man-

10240.0 18975.0 200.0 80.0 ner
10488.0 18952.0 320.0 104.0 when
10860.0 18959.0 196.0 92.0 out
11100.0 18956.0 120.0 96.0 of
11264.0 18956.0 312.0 100.0 sorts.
11772.0 18948.0 176.0 100.0 Ho
12044.0 18975.0 228.0 76.0 was
12320.0 18956.0 708.0 104.0 accustomed

10236.0 19080.0 112.0 92.0 to
10452.0 19096.0 200.0 108.0 say
10756.0 19067.0 248.0 104.0 that
11100.0 19067.0 308.0 116.0 sleep
11492.0 19092.0 232.0 76.0 was
11812.0 19092.0 216.0 76.0 ono
12076.0 19076.0 124.0 92.0 of
12244.0 19067.0 180.0 104.0 ills
12472.0 19071.0 560.0 104.0 grandest

10236.0 19184.0 580.0 104.0 remedies.
11004.0 19180.0 188.0 108.0 Dr.
11292.0 19172.0 712.0 116.0 Hutchinson
12108.0 19207.0 224.0 76.0 was
12432.0 19188.0 360.0 100.0 called
12884.0 19191.0 144.0 120.0 by

10236.0 19303.0 264.0 104.0 Mis.
10556.0 19299.0 536.0 104.0 Boecher.
11228.0 19299.0 240.0 108.0 The
11512.0 19299.0 384.0 104.0 doctor
11940.0 19299.0 248.0 100.0 said
12232.0 19308.0 116.0 96.0 to
12384.0 19328.0 64.0 76.0 a
12491.0 19308.0 500.0 116.0 reporter
12996.0 19379.0 24.0 44.0 ,

10240.0 19423.0 68.0 48.0 "
10320.0 19419.0 48.0 100.0 1
10420.0 19416.0 468.0 104.0 reached
10936.0 19419.0 188.0 100.0 the
11168.0 19416.0 344.0 104.0 house
11556.0 19423.0 116.0 92.0 at
11700.0 19412.0 704.0 108.0 y:30o'clock
11788.0 19439.0 24.0 76.0 :
12440.0 19423.0 580.0 120.0 vosterday

10236.0 19540.0 600.0 100.0 attornoon
10884.0 19540.0 228.0 96.0 and
11160.0 19540.0 356.0 100.0 touud
11572.0 19527.0 484.0 108.0 Btechar
12136.0 19531.0 540.0 124.0 sleeplmr.
12812.0 19535.0 216.0 104.0 His

10232.0 19675.0 696.0 100.0 appearance
11020.0 19675.0 224.0 76.0 was
11344.0 19651.0 308.0 124.0 quite
11756.0 19648.0 440.0 104.0 natmal
12208.0 19724.0 28.0 40.0 ,
12344.0 19651.0 540.0 120.0 although
12972.0 19655.0 52.0 100.0 1

10236.0 19767.0 480.0 104.0 thoiurht
10760.0 19767.0 172.0 100.0 his
10980.0 19767.0 240.0 100.0 face
11268.0 19792.0 228.0 80.0 was
11540.0 19767.0 380.0 100.0 dtawn
11992.0 19776.0 620.0 96.0 somewhat
12656.0 19780.0 116.0 92.0 to
12839.0 19772.0 188.0 104.0 the

10236.0 19887.0 300.0 100.0 ilSht
10576.0 19883.0 272.0 104.0 side.
10915.0 19880.0 244.0 104.0 Tlio
11200.0 19883.0 252.0 104.0 skin
11468.0 19944.0 24.0 60.0 ,
11544.0 19880.0 600.0 144.0 especially
12188.0 19883.0 124.0 100.0 of
12352.0 19887.0 176.0 100.0 his
12560.0 19907.0 420.0 84.0 extrem-

10240.0 19999.0 252.0 100.0 ities
10500.0 20075.0 24.0 20.0 ,
10584.0 20024.0 228.0 80.0 was
10856.0 19999.0 236.0 104.0 cool
11104.0 20071.0 20.0 48.0 ,
11180.0 19999.0 192.0 104.0 but
11416.0 20008.0 200.0 96.0 not
11656.0 19999.0 284.0 104.0 cold.
12056.0 19991.0 52.0 104.0 I
12152.0 20004.0 356.0 120.0 easily
12552.0 20004.0 472.0 104.0 aroused

10236.0 20119.0 208.0 100.0 Mr.
10488.0 20100.0 740.0 120.0 Beecherand
11268.0 20119.0 132.0 100.0 ho
11436.0 20139.0 228.0 80.0 was
11700.0 20115.0 548.0 116.0 perfectly
12271.0 20123.0 624.0 100.0 conscious.
12967.0 20123.0 56.0 100.0 1

10232.0 20231.0 244.0 104.0 said
10524.0 20248.0 112.0 88.0 to
10683.0 20236.0 224.0 100.0 him
10940.0 20256.0 28.0 80.0 :
11084.0 20231.0 476.0 108.0 'You've
11596.0 20231.0 344.0 124.0 Jsiept
11980.0 20256.0 128.0 76.0 so
12152.0 20236.0 272.0 116.0 long
12468.0 20236.0 224.0 104.0 that
12756.0 20264.0 272.0 76.0 vour

10236.0 20355.0 272.0 100.0 wtto
10552.0 20355.0 444.0 96.0 became
11052.0 20371.0 260.0 84.0 won
11336.0 20355.0 172.0 108.0 led
11556.0 20347.0 224.0 104.0 nnd
11828.0 20351.0 256.0 96.0 sent
12132.0 20351.0 420.0 108.0 forme.
12564.0 20351.0 28.0 52.0 '
12668.0 20355.0 264.0 104.0 'Yes
12940.0 20431.0 28.0 48.0 ,
12980.0 20355.0 32.0 56.0 '

10240.0 20468.0 136.0 104.0 he
10424.0 20463.0 620.0 128.0 responded
11060.0 20539.0 20.0 48.0 ,
11184.0 20476.0 28.0 44.0 '
11220.0 20472.0 56.0 96.0 1
11360.0 20476.0 280.0 96.0 have
11684.0 20463.0 292.0 112.0 slept
12016.0 20492.0 68.0 72.0 a
12128.0 20468.0 288.0 120.0 good
12468.0 20468.0 368.0 108.0 while.
12967.0 20476.0 52.0 100.0 I

10244.0 20583.0 280.0 104.0 have
10572.0 20583.0 276.0 100.0 been
10900.0 20579.0 616.0 128.0 dreaming.
11656.0 20579.0 100.0 104.0 It
11840.0 20603.0 236.0 80.0 was
12148.0 20583.0 376.0 104.0 rather
12564.0 20615.0 64.0 72.0 a
12680.0 20587.0 304.0 124.0 pleas-

10236.0 20704.0 200.0 100.0 ant
10520.0 20712.0 228.0 92.0 sort
10836.0 20704.0 120.0 96.0 of
11016.0 20700.0 372.0 104.0 dreim
11400.0 20776.0 24.0 52.0 ,
11504.0 20708.0 216.0 96.0 too.
11872.0 20695.0 240.0 104.0 You
12200.0 20712.0 344.0 96.0 know
12628.0 20704.0 388.0 108.0 lhavo

10764.0 20815.0 272.0 100.0 been
11648.0 20815.0 536.0 104.0 dreamer.
12200.0 20815.0 28.0 56.0 '
12364.0 20819.0 300.0 100.0 'And

10236.0 20819.0 424.0 116.0 always
11132.0 20843.0 64.0 76.0 a
11280.0 20827.0 308.0 108.0 gieat
12723.0 20823.0 296.0 104.0 what

10240.0 20960.0 236.0 76.0 was
10524.0 20956.0 280.0 100.0 jour
10848.0 20932.0 376.0 104.0 dream
11236.0 20936.0 52.0 96.0 ?
11300.0 20932.0 20.0 56.0 '
11372.0 20940.0 52.0 100.0 I
11471.0 20932.0 376.0 104.0 asKed.
11988.0 20944.0 24.0 40.0 '
12020.0 20932.0 56.0 100.0 1
12148.0 20936.0 552.0 120.0 thought,1
12796.0 20967.0 228.0 76.0 was

10236.0 21051.0 188.0 100.0 the
10488.0 21051.0 316.0 124.0 reply
10812.0 21123.0 24.0 44.0 ,
10915.0 21051.0 276.0 100.0 'that
11240.0 21051.0 52.0 100.0 1
11340.0 21051.0 216.0 108.0 had
11604.0 21051.0 268.0 100.0 been
11932.0 21051.0 324.0 100.0 made
12300.0 21079.0 68.0 72.0 a
12412.0 21055.0 300.0 104.0 duke
12796.0 21059.0 224.0 104.0 and

10240.0 21195.0 184.0 96.0 my
10592.0 21172.0 260.0 100.0 vvtlo
11036.0 21195.0 64.0 72.0 a
11264.0 21164.0 500.0 116.0 duchess.
11956.0 21164.0 56.0 104.0 I
12164.0 21168.0 524.0 108.0 dreamed
12860.0 21199.0 164.0 76.0 we

10240.0 21283.0 216.0 104.0 had
10696.0 21311.0 64.0 76.0 a
10980.0 21283.0 304.0 132.0 laigo
11500.0 21287.0 464.0 104.0 amount
12196.0 21287.0 124.0 92.0 of
12500.0 21295.0 528.0 116.0 piopcrty

10244.0 21400.0 516.0 108.0 Invested
10816.0 21400.0 112.0 104.0 in
10988.0 21400.0 412.0 108.0 British
11508.0 21400.0 444.0 108.0 consols
11960.0 21472.0 28.0 48.0 ,
12076.0 21400.0 228.0 100.0 and
12412.0 21404.0 236.0 104.0 I've
12744.0 21408.0 272.0 104.0 been

10240.0 21523.0 380.0 116.0 trying
10668.0 21519.0 144.0 100.0 all
10868.0 21515.0 324.0 120.0 night
11256.0 21527.0 112.0 96.0 to
11471.0 21527.0 344.0 112.0 figure
11920.0 21519.0 200.0 100.0 out
12232.0 21515.0 188.0 104.0 the
12528.0 21523.0 484.0 104.0 Income.

10244.0 21636.0 256.0 104.0 You
10552.0 21636.0 340.0 100.0 know
10896.0 21708.0 28.0 48.0 ,
10972.0 21644.0 384.0 96.0 doctor
11356.0 21712.0 28.0 44.0 ,
11500.0 21644.0 240.0 96.0 that
11824.0 21632.0 640.0 104.0 niithmetic
12568.0 21640.0 200.0 100.0 lus
12856.0 21655.0 172.0 88.0 nl-

10244.0 21780.0 304.0 92.0 wajs
10600.0 21755.0 272.0 100.0 been
10924.0 21780.0 64.0 76.0 a
11032.0 21763.0 312.0 108.0 great
11384.0 21775.0 384.0 84.0 souice
11812.0 21751.0 112.0 96.0 ot
12020.0 21751.0 432.0 100.0 trouble
12556.0 21759.0 116.0 96.0 to
12768.0 21784.0 204.0 76.0 me.
12992.0 21755.0 28.0 56.0 '

10248.0 21876.0 28.0 44.0 '
10292.0 21868.0 44.0 100.0 1
10384.0 21872.0 268.0 100.0 took
10740.0 21891.0 184.0 92.0 my
11028.0 21868.0 528.0 124.0 patient's
11660.0 21872.0 348.0 108.0 pulse.
12140.0 21868.0 104.0 100.0 It
12356.0 21895.0 228.0 76.0 was
12688.0 21876.0 340.0 104.0 about

10240.0 21987.0 388.0 120.0 eighty
10632.0 22055.0 28.0 52.0 ,
10716.0 21987.0 224.0 96.0 and
10988.0 21983.0 48.0 100.0 1
11092.0 21987.0 468.0 116.0 thought
11604.0 22007.0 232.0 80.0 was
11935.0 21987.0 188.0 96.0 too
12208.0 21983.0 216.0 104.0 lull
12532.0 21991.0 228.0 100.0 and
12844.0 21995.0 184.0 96.0 too

10248.0 22100.0 304.0 104.0 haul.
10692.0 22100.0 172.0 100.0 He
10912.0 22127.0 232.0 76.0 was
11192.0 22104.0 316.0 120.0 lying
11587.0 22127.0 144.0 76.0 on
11840.0 22100.0 180.0 100.0 his
12128.0 22100.0 276.0 104.0 back
12416.0 22176.0 24.0 48.0 ,
12552.0 22108.0 232.0 100.0 and
12888.0 22112.0 140.0 100.0 lie

10252.0 22215.0 396.0 104.0 moved
10692.0 22219.0 148.0 100.0 all
10888.0 22215.0 176.0 104.0 his
11112.0 22215.0 320.0 108.0 limbs
11476.0 22219.0 272.0 104.0 with
11836.0 22223.0 552.0 112.0 appirent
12476.0 22219.0 532.0 108.0 freedom.

10252.0 22336.0 208.0 100.0 Ills
10508.0 22340.0 616.0 116.0 symptoms
11172.0 22359.0 284.0 84.0 were
11536.0 22332.0 332.0 108.0 much
11968.0 22332.0 188.0 100.0 the
12256.0 22359.0 308.0 76.0 same
12668.0 22363.0 124.0 80.0 as
12884.0 22344.0 140.0 100.0 ho

10244.0 22451.0 204.0 100.0 lias
10496.0 22451.0 276.0 100.0 been
10812.0 22451.0 700.0 112.0 accustomed
11560.0 22459.0 112.0 96.0 to
11720.0 22451.0 116.0 100.0 in
11888.0 22451.0 436.0 100.0 attacks
12364.0 22455.0 120.0 96.0 of
12536.0 22451.0 440.0 128.0 Indiges-

10248.0 22572.0 236.0 100.0 tion
10540.0 22568.0 228.0 100.0 and
10856.0 22568.0 716.0 108.0 blllloustipss
11572.0 22644.0 28.0 40.0 ,
11652.0 22564.0 224.0 104.0 and
11968.0 22568.0 256.0 100.0 both
12304.0 22572.0 416.0 116.0 myself
12800.0 22572.0 228.0 104.0 and

10252.0 22683.0 396.0 116.0 family
10688.0 22683.0 620.0 112.0 concluded
11356.0 22691.0 240.0 104.0 that
11644.0 22679.0 484.0 116.0 nothing
12204.0 22708.0 308.0 76.0 moio
12595.0 22695.0 432.0 96.0 serious

10252.0 22827.0 228.0 76.0 was
10568.0 22800.0 688.0 108.0 threatened.
11440.0 22808.0 56.0 104.0 1
11599.0 22800.0 632.0 124.0 prescribed
12316.0 22808.0 708.0 116.0 appioprlate

10248.0 22915.0 544.0 104.0 remedies
10876.0 22919.0 224.0 100.0 and
11180.0 22919.0 204.0 104.0 left
11388.0 22995.0 28.0 44.0 ,
11508.0 22923.0 200.0 100.0 not
11788.0 22915.0 424.0 112.0 having
12300.0 22919.0 276.0 104.0 been
12672.0 22948.0 112.0 76.0 in
12844.0 22923.0 188.0 100.0 tlio

10256.0 23036.0 348.0 100.0 house
10704.0 23059.0 304.0 76.0 more
11108.0 23039.0 272.0 100.0 than
11448.0 23036.0 240.0 112.0 half
11780.0 23055.0 144.0 76.0 an
12020.0 23028.0 312.0 112.0 hour.
12503.0 23036.0 56.0 100.0 1
12668.0 23039.0 360.0 104.0 called

10248.0 23147.0 612.0 124.0 againhow
10888.0 23163.0 416.0 112.0 cver.at
11340.0 23147.0 780.0 108.0 lOo'docktho
12164.0 23176.0 308.0 76.0 same
12496.0 23180.0 280.0 80.0 oven
12800.0 23159.0 220.0 108.0 ing.

10248.0 23275.0 164.0 92.0 At
10452.0 23264.0 244.0 104.0 that
10756.0 23268.0 268.0 100.0 time
11072.0 23271.0 52.0 96.0 1
11220.0 23268.0 360.0 108.0 found
11660.0 23264.0 176.0 108.0 tils
11884.0 23264.0 320.0 124.0 pulse
12248.0 23275.0 332.0 96.0 muc'i
12524.0 23275.0 16.0 60.0 '
12636.0 23271.0 384.0 104.0 better.

10252.0 23379.0 108.0 104.0 It
10472.0 23404.0 224.0 80.0 was
10796.0 23383.0 356.0 104.0 softer
11268.0 23395.0 228.0 100.0 and
11604.0 23387.0 604.0 96.0 somewhat
12340.0 23387.0 476.0 104.0 reduced
12908.0 23387.0 116.0 104.0 In

10252.0 23500.0 640.0 124.0 frequency.
11148.0 23500.0 48.0 104.0 I
11356.0 23500.0 528.0 108.0 observed
11892.0 23572.0 28.0 40.0 ,
12076.0 23496.0 520.0 112.0 however
12595.0 23576.0 28.0 48.0 ,
12784.0 23503.0 244.0 104.0 that

10256.0 23611.0 584.0 108.0 Beecher's
10884.0 23611.0 704.0 116.0 articulation
11640.0 23640.0 232.0 84.0 was
11920.0 23611.0 344.0 116.0 thick.
12360.0 23615.0 176.0 104.0 He
12580.0 23623.0 448.0 100.0 seemed

10248.0 23732.0 448.0 120.0 drowsy
10704.0 23804.0 28.0 44.0 ,
10780.0 23732.0 200.0 104.0 but
11020.0 23743.0 576.0 108.0 answered
11640.0 23728.0 588.0 128.0 questions
12280.0 23735.0 456.0 124.0 readily.
12860.0 23739.0 176.0 100.0 He

10248.0 23855.0 444.0 96.0 seen.cd
10700.0 23923.0 24.0 36.0 ,
10780.0 23876.0 144.0 76.0 on
11016.0 23855.0 188.0 100.0 the
11264.0 23855.0 360.0 108.0 whole
11628.0 23923.0 28.0 44.0 ,
11748.0 23851.0 364.0 100.0 better
12196.0 23847.0 120.0 104.0 in
12412.0 23855.0 188.0 100.0 the
12672.0 23855.0 296.0 100.0 after

10252.0 23991.0 344.0 84.0 noon.
10768.0 23967.0 52.0 100.0 1
10908.0 23991.0 232.0 80.0 was
11148.0 24040.0 24.0 48.0 ,
11260.0 23971.0 520.0 108.0 however
11780.0 24036.0 24.0 48.0 ,
11876.0 23967.0 816.0 120.0 apprehensive
12788.0 23975.0 244.0 100.0 that

10252.0 24083.0 176.0 104.0 his
10464.0 24083.0 584.0 104.0 condition
11108.0 24112.0 224.0 84.0 was
11372.0 24112.0 308.0 80.0 more
11720.0 24083.0 428.0 100.0 serious
12236.0 24083.0 272.0 104.0 than
12632.0 24087.0 88.0 100.0 It
12820.0 24116.0 144.0 96.0 ap-

10252.0 24199.0 404.0 120.0 peared
10700.0 24223.0 148.0 80.0 on
10900.0 24203.0 188.0 100.0 the
11132.0 24207.0 440.0 108.0 surface
11608.0 24203.0 236.0 100.0 and
11892.0 24195.0 324.0 104.0 when
12276.0 24199.0 44.0 100.0 I
12375.0 24203.0 204.0 104.0 left
12628.0 24203.0 92.0 104.0 It
12808.0 24231.0 228.0 76.0 was

10252.0 24315.0 276.0 104.0 with
10696.0 24319.0 188.0 100.0 the
11064.0 24319.0 640.0 124.0 injunction
11816.0 24311.0 244.0 104.0 that
12208.0 24315.0 52.0 100.0 I
12404.0 24319.0 128.0 100.0 bo
12676.0 24319.0 360.0 116.0 called

10252.0 24435.0 116.0 100.0 at
10568.0 24455.0 280.0 80.0 once
11036.0 24431.0 88.0 104.0 If
11320.0 24443.0 308.0 100.0 there
11808.0 24455.0 232.0 80.0 was
12204.0 24455.0 228.0 104.0 any
12592.0 24435.0 436.0 124.0 change

10256.0 24551.0 116.0 100.0 In
10500.0 24551.0 188.0 104.0 the
10816.0 24551.0 488.0 124.0 patients
11380.0 24547.0 620.0 112.0 condition.
12164.0 24547.0 216.0 108.0 Mr.
12448.0 24551.0 584.0 104.0 Beecher's

10252.0 24691.0 208.0 76.0 son
10560.0 24667.0 492.0 104.0 William
11140.0 24671.0 292.0 108.0 staid
11512.0 24675.0 116.0 96.0 at
11708.0 24667.0 192.0 104.0 the
11976.0 24667.0 460.0 100.0 bcdsldn
12503.0 24671.0 272.0 104.0 with
12864.0 24671.0 180.0 104.0 his

10256.0 24783.0 432.0 104.0 mother
10788.0 24787.0 176.0 100.0 till
11060.0 24787.0 564.0 124.0 midnight
11744.0 24783.0 232.0 104.0 and
12144.0 24787.0 268.0 100.0 then
12584.0 24787.0 448.0 104.0 retired.

10252.0 24899.0 492.0 104.0 Beecher
10848.0 24927.0 232.0 76.0 was
11180.0 24931.0 148.0 84.0 on
11432.0 24911.0 192.0 100.0 the
11720.0 24903.0 288.0 100.0 alert
12096.0 24899.0 152.0 104.0 all
12332.0 24899.0 332.0 124.0 night
12708.0 24907.0 316.0 116.0 long.

10248.0 25015.0 252.0 104.0 The
10580.0 25015.0 400.0 112.0 family
11060.0 25019.0 196.0 108.0 did
11340.0 25032.0 212.0 100.0 not
11616.0 25043.0 192.0 80.0 sso
11892.0 25019.0 124.0 100.0 fit
12080.0 25019.0 116.0 100.0 to
12280.0 25019.0 212.0 104.0 call
12544.0 25043.0 172.0 80.0 me
12760.0 25024.0 172.0 104.0 till
12980.0 25028.0 60.0 92.0 8

10252.0 25139.0 432.0 96.0 o'clock
10732.0 25131.0 224.0 104.0 this
11004.0 25143.0 524.0 112.0 morning
11532.0 25211.0 28.0 52.0 ,
11608.0 25131.0 228.0 108.0 and
11884.0 25131.0 188.0 104.0 the
12140.0 25143.0 504.0 96.0 moment
12732.0 25135.0 44.0 104.0 I
12884.0 25163.0 120.0 76.0 ar-

10252.0 25251.0 312.0 104.0 rived
10656.0 25251.0 52.0 104.0 1
10796.0 25275.0 232.0 80.0 saw
11104.0 25260.0 244.0 104.0 that
11432.0 25264.0 308.0 100.0 there
11828.0 25247.0 216.0 104.0 had
12132.0 25251.0 280.0 104.0 been
12468.0 25279.0 64.0 76.0 a
12576.0 25256.0 464.0 104.0 decided
13004.0 25260.0 36.0 100.0 I

10248.0 25371.0 436.0 108.0 change
10792.0 25371.0 176.0 100.0 for
11008.0 25371.0 188.0 104.0 the
11280.0 25399.0 384.0 80.0 worse.
11848.0 25367.0 372.0 104.0 There
12312.0 25395.0 232.0 80.0 was
12632.0 25375.0 404.0 108.0 partial
13008.0 25375.0 28.0 104.0 I

10252.0 25483.0 548.0 120.0 paralysis
10836.0 25483.0 124.0 100.0 of
11004.0 25488.0 184.0 104.0 the
11232.0 25496.0 356.0 104.0 entire
11632.0 25483.0 208.0 104.0 loft
11884.0 25483.0 240.0 104.0 side
12132.0 25559.0 24.0 44.0 ,
12212.0 25483.0 88.0 104.0 It
12399.0 25488.0 344.0 112.0 being
12856.0 25496.0 192.0 104.0 the

10252.0 25619.0 296.0 88.0 most
10708.0 25603.0 464.0 108.0 marked
11332.0 25611.0 120.0 104.0 in
11608.0 25603.0 188.0 104.0 thn
11960.0 25623.0 240.0 84.0 arm
12344.0 25603.0 228.0 108.0 and
12684.0 25603.0 336.0 108.0 hand.

10248.0 25720.0 252.0 108.0 The
10732.0 25747.0 332.0 96.0 giasp
11296.0 25732.0 128.0 100.0 ot
11696.0 25720.0 192.0 108.0 the
12155.0 25715.0 304.0 124.0 right
12735.0 25724.0 304.0 104.0 hand
13004.0 25724.0 36.0 100.0 I

10256.0 25867.0 232.0 76.0 was
10764.0 25867.0 124.0 76.0 as
11184.0 25843.0 520.0 128.0 vigorous
11940.0 25859.0 128.0 80.0 as
12304.0 25863.0 264.0 80.0 ever
12568.0 25911.0 28.0 52.0 ,
12851.0 25843.0 196.0 108.0 but

10252.0 25960.0 248.0 104.0 that
10732.0 25960.0 124.0 100.0 of
11092.0 25960.0 192.0 104.0 the
11556.0 25960.0 212.0 104.0 lett
12088.0 25979.0 236.0 80.0 was
12640.0 25956.0 408.0 112.0 almost
13008.0 25964.0 40.0 104.0 t

10260.0 26075.0 860.0 128.0 IniDCiceptlble.
11244.0 26079.0 248.0 112.0 The
11536.0 26079.0 208.0 104.0 left
11784.0 26075.0 176.0 100.0 lez
12012.0 26095.0 76.0 76.0 w
12120.0 26095.0 120.0 80.0 as
12288.0 26079.0 204.0 96.0 not
12532.0 26095.0 124.0 80.0 as
12704.0 26075.0 332.0 104.0 much

10256.0 26192.0 592.0 128.0 paraly/ed
10900.0 26223.0 124.0 76.0 as
11068.0 26199.0 188.0 100.0 the
11300.0 26227.0 232.0 76.0 arm
11580.0 26192.0 232.0 108.0 and
11876.0 26184.0 192.0 112.0 the
12152.0 26192.0 576.0 104.0 sensation
12780.0 26196.0 268.0 108.0 both

10256.0 26315.0 124.0 96.0 of
10424.0 26311.0 192.0 108.0 the
10700.0 26340.0 236.0 80.0 arm
11020.0 26315.0 232.0 104.0 and
11352.0 26319.0 188.0 108.0 the
11644.0 26311.0 180.0 108.0 leg
11920.0 26307.0 556.0 124.0 appeared
12580.0 26315.0 456.0 104.0 perfect

10264.0 26431.0 276.0 104.0 'Can
10648.0 26455.0 220.0 96.0 you
10976.0 26459.0 324.0 80.0 move
11396.0 26455.0 284.0 100.0 your
11780.0 26424.0 208.0 108.0 left
12092.0 26424.0 296.0 112.0 arm"
12536.0 26431.0 64.0 96.0 I
12696.0 26428.0 352.0 108.0 asked

10260.0 26543.0 524.0 112.0 Btcclter.
10908.0 26555.0 212.0 100.0 'Oh
11132.0 26627.0 24.0 44.0 ,
11208.0 26576.0 192.0 104.0 yes
11408.0 26631.0 28.0 44.0 ,
11448.0 26551.0 32.0 80.0 <
11560.0 26555.0 136.0 100.0 he
11784.0 26539.0 416.0 132.0 replied
12216.0 26615.0 24.0 48.0 ,
12356.0 26539.0 88.0 112.0 'I
12556.0 26572.0 244.0 80.0 can.
12992.0 26547.0 56.0 104.0 1

10260.0 26667.0 476.0 104.0 touched
10824.0 26691.0 188.0 88.0 my
11060.0 26667.0 280.0 108.0 head
11392.0 26667.0 268.0 108.0 with
11752.0 26687.0 188.0 96.0 my
12024.0 26659.0 344.0 104.0 hand.
12380.0 26659.0 24.0 56.0 '
12540.0 26663.0 176.0 100.0 llo
12756.0 26663.0 292.0 108.0 tried
13012.0 26663.0 44.0 224.0 1t
13016.0 26663.0 32.0 108.0 1

10260.0 26787.0 116.0 104.0 to
10416.0 26795.0 148.0 92.0 do
10600.0 26812.0 132.0 76.0 .so
10776.0 26779.0 224.0 112.0 and
11052.0 26791.0 356.0 108.0 found
11496.0 26791.0 244.0 104.0 that
11844.0 26783.0 140.0 100.0 ho
12068.0 26779.0 332.0 104.0 could
12448.0 26787.0 200.0 96.0 not
12684.0 26783.0 228.0 100.0 and
12967.0 26787.0 88.0 100.0 it

10260.0 26903.0 444.0 100.0 seemed
10744.0 26907.0 112.0 100.0 to
10900.0 26927.0 380.0 104.0 annoy
11328.0 26907.0 264.0 108.0 him.
11720.0 26899.0 196.0 104.0 All
11964.0 26895.0 228.0 104.0 this
12236.0 26895.0 272.0 104.0 tlmo
12592.0 26895.0 144.0 108.0 ho
12824.0 26919.0 232.0 88.0 was

10260.0 27019.0 732.0 124.0 exceedingly
11024.0 27023.0 476.0 124.0 drowsy.
11636.0 27015.0 360.0 112.0 When
12116.0 27011.0 348.0 104.0 asked
12564.0 27040.0 68.0 80.0 a
12735.0 27040.0 272.0 96.0 ques
13000.0 27044.0 48.0 68.0 1-

10260.0 27135.0 240.0 104.0 tion
10788.0 27139.0 140.0 104.0 he
11212.0 27143.0 368.0 108.0 would
11816.0 27131.0 312.0 124.0 reply
12132.0 27199.0 28.0 48.0 ,
12344.0 27131.0 240.0 108.0 nnd
12784.0 27131.0 268.0 108.0 then

10256.0 27255.0 284.0 120.0 drop
10824.0 27255.0 248.0 108.0 Into
11336.0 27291.0 72.0 80.0 a
11640.0 27251.0 448.0 120.0 drowsy
12328.0 27255.0 320.0 108.0 state.
12880.0 27247.0 180.0 108.0 Ho

10264.0 27395.0 232.0 84.0 was
10664.0 27355.0 200.0 128.0 not
11048.0 27379.0 116.0 104.0 In
11367.0 27407.0 72.0 76.0 a
11628.0 27371.0 564.0 108.0 comatose
12464.0 27363.0 592.0 112.0 condition
13000.0 27395.0 12.0 72.0 I

10260.0 27491.0 148.0 128.0 by
10452.0 27519.0 224.0 92.0 any
10724.0 27515.0 424.0 84.0 means.
11328.0 27496.0 204.0 108.0 Ills
11576.0 27487.0 376.0 124.0 pupils
12000.0 27507.0 284.0 84.0 vvwe
12372.0 27483.0 644.0 108.0 contracted
13000.0 27483.0 16.0 108.0 I
13028.0 27555.0 28.0 56.0 ,

10268.0 27611.0 196.0 100.0 but
10508.0 27615.0 260.0 116.0 they
10812.0 27611.0 620.0 120.0 responded
11492.0 27607.0 244.0 104.0 well
11784.0 27611.0 116.0 96.0 to
11944.0 27603.0 152.0 104.0 tin
12104.0 27635.0 32.0 72.0 :
12200.0 27599.0 316.0 124.0 light.
12700.0 27599.0 356.0 112.0 When

10272.0 27728.0 340.0 104.0 asked
10664.0 27739.0 116.0 92.0 to
10828.0 27728.0 196.0 120.0 put
11072.0 27747.0 196.0 96.0 out
11316.0 27736.0 172.0 104.0 bis
11552.0 27739.0 412.0 100.0 tomjne
12012.0 27728.0 92.0 100.0 it
12148.0 27747.0 232.0 76.0 was
12464.0 27719.0 272.0 124.0 only
12804.0 27747.0 200.0 100.0 par-

10272.0 27847.0 308.0 116.0 tially
10632.0 27851.0 864.0 116.0 produced.mid
11604.0 27847.0 240.0 100.0 that
11952.0 27839.0 276.0 104.0 with
12312.0 27835.0 464.0 108.0 evident
12856.0 27839.0 172.0 104.0 dif-

10272.0 27964.0 376.0 128.0 ficulty
10668.0 28036.0 28.0 32.0 ,
10888.0 27960.0 136.0 112.0 ill
11036.0 27987.0 48.0 76.0 *
11188.0 27968.0 744.0 128.0 temperature
11908.0 28015.0 20.0 72.0 ;
12020.0 27979.0 228.0 88.0 was
12332.0 27955.0 268.0 104.0 then
12688.0 27955.0 120.0 100.0 'M
12868.0 27955.0 196.0 100.0 ile-

10268.0 28103.0 68.0 108.0 (
10348.0 28103.0 40.0 76.0 r
10524.0 28083.0 296.0 100.0 itbo
11012.0 28087.0 228.0 100.0 half
11436.0 28087.0 400.0 104.0 degree
11952.0 28075.0 136.0 104.0 bo
12172.0 28099.0 60.0 80.0 e
12280.0 28075.0 468.0 108.0 noimal.
12839.0 28075.0 212.0 108.0 Ills

10200.0 28279.0 20.0 36.0 '
10328.0 28276.0 24.0 36.0 '
10652.0 28259.0 44.0 56.0 "
11248.0 28235.0 24.0 36.0 '
11436.0 28279.0 36.0 64.0 "
11796.0 28279.0 24.0 32.0 '
12304.0 28259.0 24.0 32.0 '

10592.0 28451.0 24.0 36.0 .
11620.0 28235.0 28.0 264.0 !
11844.0 28211.0 244.0 264.0 \
12356.0 28383.0 28.0 72.0 .
12464.0 28355.0 40.0 92.0 :
12564.0 28455.0 28.0 32.0 .
12592.0 28319.0 76.0 64.0 "
12723.0 28439.0 24.0 36.0 .
12816.0 28352.0 36.0 144.0 ;
13032.0 28407.0 24.0 40.0 .

10624.0 28479.0 28.0 36.0 *

11452.0 28523.0 28.0 48.0 *
12088.0 28515.0 24.0 40.0 *
12300.0 28515.0 24.0 36.0 *
12900.0 28527.0 24.0 36.0 *
12936.0 28559.0 24.0 32.0 .

10196.0 28855.0 12.0 24.0 '
10228.0 28859.0 236.0 40.0 "k-fcT-i
10516.0 28835.0 324.0 64.0 AJ-Z-4i
10683.0 28851.0 16.0 44.0 ?
10956.0 28871.0 12.0 12.0 .
10988.0 28859.0 52.0 24.0 .3
11092.0 28827.0 64.0 56.0 \
11160.0 28835.0 164.0 52.0 i.li.
11324.0 28879.0 8.0 8.0 .
11356.0 28859.0 12.0 28.0 <
11372.0 28863.0 48.0 24.0 -J
11528.0 28879.0 12.0 8.0 .
11612.0 28875.0 44.0 20.0 J
11788.0 28871.0 20.0 28.0 f
11808.0 28863.0 24.0 28.0 *
11860.0 28859.0 20.0 36.0 <
11880.0 28847.0 372.0 48.0 WtIrA
12300.0 28819.0 36.0 68.0 t
12764.0 28871.0 24.0 24.0 ,

13160.0 2620.0 324.0 152.0 pulse
13568.0 2652.0 232.0 80.0 was
13904.0 2632.0 120.0 96.0 00
14028.0 2708.0 24.0 44.0 ,
14112.0 2628.0 324.0 108.0 when
14552.0 2628.0 84.0 104.0 It
14748.0 2628.0 96.0 108.0 Is
14948.0 2624.0 448.0 128.0 usually
15504.0 2628.0 284.0 108.0 from
15856.0 2636.0 120.0 96.0 70

13160.0 2760.0 120.0 84.0 to
13340.0 2748.0 144.0 100.0 75.
13728.0 2740.0 212.0 108.0 ills
14064.0 2748.0 668.0 112.0 lesplratlon
14891.0 2772.0 224.0 76.0 was
15227.0 2748.0 432.0 104.0 normal
15744.0 2748.0 232.0 104.0 and

13156.0 2868.0 336.0 96.0 much
13620.0 2856.0 232.0 108.0 like
13968.0 2860.0 244.0 108.0 that
14332.0 2872.0 120.0 92.0 of
14572.0 2896.0 68.0 72.0 n
14763.0 2888.0 264.0 84.0 man
15156.0 2864.0 408.0 124.0 asleep.
15759.0 2868.0 216.0 100.0 Ills

13163.0 2972.0 456.0 120.0 goncial
13664.0 2980.0 372.0 100.0 action
14096.0 3008.0 228.0 72.0 was
14376.0 2976.0 224.0 108.0 llko
14647.0 2976.0 240.0 108.0 that
14976.0 2984.0 120.0 100.0 of
15200.0 3008.0 68.0 76.0 a
15364.0 3004.0 256.0 80.0 inin
15736.0 3008.0 240.0 100.0 p.-u-

13168.0 3092.0 316.0 124.0 tlally
13532.0 3100.0 472.0 96.0 aroused
14048.0 3096.0 284.0 100.0 from
14384.0 3124.0 60.0 72.0 a
14492.0 3096.0 280.0 124.0 deep
14820.0 3096.0 516.0 108.0 Clumber.
15480.0 3096.0 172.0 108.0 Ho
15720.0 3096.0 244.0 104.0 said

13168.0 3208.0 176.0 100.0 his
13452.0 3208.0 240.0 104.0 side
13796.0 3212.0 232.0 100.0 still
14136.0 3216.0 408.0 120.0 pained
14656.0 3216.0 224.0 100.0 him
14916.0 3236.0 24.0 100.0 ;
15016.0 3220.0 240.0 100.0 that
15343.0 3220.0 308.0 100.0 there
15744.0 3240.0 232.0 80.0 was

13163.0 3352.0 68.0 72.0 a
13288.0 3320.0 552.0 128.0 "boring"
13896.0 3324.0 260.0 128.0 pain
14216.0 3328.0 112.0 104.0 In
14384.0 3336.0 184.0 96.0 the
14620.0 3332.0 292.0 124.0 right
14959.0 3336.0 124.0 96.0 of
15148.0 3332.0 176.0 104.0 his
15372.0 3336.0 284.0 100.0 head
15744.0 3332.0 228.0 104.0 and

13172.0 3440.0 172.0 100.0 his
13388.0 3440.0 320.0 104.0 biatn
13767.0 3468.0 228.0 80.0 was
14088.0 3468.0 288.0 80.0 soio.
14519.0 3444.0 684.0 140.0 frequently
15312.0 3448.0 136.0 104.0 hu
15544.0 3452.0 428.0 100.0 earned

13172.0 3556.0 176.0 100.0 his
13395.0 3560.0 300.0 116.0 right
13740.0 3556.0 304.0 108.0 hand
14096.0 3560.0 820.0 128.0 involuntarily
14971.0 3572.0 112.0 96.0 to
15132.0 3552.0 172.0 116.0 his
15360.0 3564.0 276.0 104.0 head
15688.0 3592.0 124.0 76.0 as
15887.0 3564.0 88.0 104.0 If

13172.0 3676.0 88.0 100.0 It
13300.0 3672.0 416.0 124.0 pained
13764.0 3680.0 224.0 100.0 him
14004.0 3744.0 24.0 40.0 ,
14164.0 3676.0 48.0 104.0 1
14268.0 3684.0 724.0 120.0 pronounced
15044.0 3680.0 172.0 104.0 his
15260.0 3708.0 252.0 76.0 case
15556.0 3708.0 216.0 76.0 one
15856.0 3684.0 120.0 100.0 of

13168.0 3792.0 556.0 124.0 apoplexy
13767.0 3796.0 228.0 100.0 and
14040.0 3804.0 252.0 100.0 sent
14348.0 3796.0 460.0 104.0 lorl'rot
14872.0 3796.0 164.0 108.0 W.
15087.0 3804.0 140.0 100.0 A.
15284.0 3800.0 644.0 100.0 Hammond
15935.0 3868.0 32.0 68.0 ,

13168.0 3916.0 124.0 88.0 of
13340.0 3908.0 284.0 104.0 New
13712.0 3908.0 364.0 108.0 Yoik.
14228.0 3912.0 44.0 100.0 I
14388.0 3916.0 260.0 100.0 took
14751.0 3908.0 272.0 112.0 Mrs.
15140.0 3916.0 496.0 104.0 Beecher
15740.0 3916.0 228.0 104.0 and

13175.0 4020.0 496.0 108.0 William
13712.0 4028.0 312.0 100.0 aside
14072.0 4044.0 220.0 88.0 and
14344.0 4028.0 232.0 104.0 told
14628.0 4028.0 300.0 108.0 them
14980.0 4032.0 256.0 104.0 how
15312.0 4036.0 424.0 100.0 serious
15783.0 4032.0 192.0 104.0 the-

13168.0 4168.0 128.0 76.0 ca
13308.0 4172.0 24.0 40.0 *
13332.0 4168.0 20.0 60.0 <
13364.0 4168.0 60.0 76.0 e
13472.0 4168.0 276.0 80.0 was.
13883.0 4144.0 320.0 124.0 They
14256.0 4172.0 288.0 76.0 were
14656.0 4148.0 708.0 104.0 lueiedulous
15471.0 4152.0 116.0 100.0 at
15696.0 4148.0 236.0 112.0 Hist
15940.0 4224.0 24.0 44.0 ,

13172.0 4256.0 224.0 104.0 and
13448.0 4256.0 472.0 124.0 thought
13980.0 4264.0 88.0 100.0 It
14112.0 4244.0 644.0 136.0 impossible
14768.0 4340.0 24.0 44.0 ,
14848.0 4288.0 124.0 80.0 as
15056.0 4268.0 916.0 104.0 thesMiuitoms

13172.0 4396.0 288.0 80.0 were
13504.0 4404.0 124.0 72.0 so
13676.0 4376.0 328.0 104.0 much
14056.0 4376.0 228.0 104.0 llko
14352.0 4380.0 300.0 104.0 what
14760.0 4380.0 264.0 140.0 they
15132.0 4380.0 212.0 104.0 had
15440.0 4384.0 272.0 100.0 been
15812.0 4412.0 164.0 76.0 nc-

13172.0 4492.0 580.0 108.0 customed
13800.0 4500.0 112.0 100.0 to
13963.0 4492.0 116.0 108.0 In
14136.0 4496.0 328.0 104.0 times
14512.0 4500.0 276.0 120.0 past.
14872.0 4488.0 264.0 116.0 Mrs.
15196.0 4496.0 496.0 108.0 Boecher
15747.0 4524.0 228.0 80.0 was

13168.0 4636.0 580.0 80.0 overcome
13800.0 4612.0 268.0 108.0 with
14120.0 4616.0 296.0 120.0 giief
14456.0 4616.0 324.0 104.0 when
14832.0 4620.0 204.0 100.0 she
15084.0 4616.0 288.0 124.0 fully
15488.0 4612.0 480.0 108.0 reall/ed

13172.0 4724.0 192.0 104.0 the
13412.0 4732.0 296.0 100.0 trutn
13724.0 4804.0 24.0 40.0 ,
13804.0 4732.0 200.0 100.0 but
14044.0 4732.0 260.0 104.0 boto
14352.0 4756.0 152.0 104.0 up
14548.0 4736.0 456.0 108.0 bravely
15087.0 4736.0 328.0 104.0 when
15516.0 4760.0 424.0 80.0 encour-

13172.0 4848.0 280.0 116.0 aged
13680.0 4848.0 140.0 124.0 by
14040.0 4856.0 200.0 96.0 her
14436.0 4876.0 236.0 80.0 son.
14924.0 4840.0 188.0 116.0 Dr.
15328.0 4848.0 644.0 108.0 Hammond

13172.0 4984.0 104.0 76.0 BI
13303.0 4960.0 312.0 108.0 rived
13880.0 4964.0 116.0 104.0 at
14272.0 4972.0 64.0 96.0 3
14608.0 4964.0 432.0 112.0 o'clock
15048.0 5040.0 24.0 40.0 ,
15364.0 4972.0 84.0 100.0 It
15736.0 4992.0 236.0 80.0 was

13172.0 5080.0 276.0 100.0 then
13731.0 5080.0 460.0 108.0 evident
14476.0 5080.0 244.0 112.0 that
15004.0 5084.0 488.0 108.0 Beecher
15728.0 5112.0 236.0 76.0 was

13180.0 5196.0 432.0 116.0 falling.
13784.0 5192.0 216.0 108.0 His
14103.0 5204.0 748.0 120.0 temperature
14959.0 5228.0 228.0 80.0 was
15276.0 5208.0 368.0 100.0 1001-5
15744.0 5200.0 232.0 104.0 anil

13172.0 5308.0 176.0 104.0 his
13395.0 5312.0 728.0 108.0 respirations
14171.0 5340.0 288.0 80.0 were
14504.0 5324.0 124.0 96.0 of
14704.0 5348.0 64.0 72.0 a
14855.0 5320.0 492.0 108.0 peculiar
15435.0 5320.0 540.0 112.0 irregular

13172.0 5428.0 568.0 104.0 character
13784.0 5432.0 420.0 104.0 known
14276.0 5460.0 124.0 76.0 as
14480.0 5436.0 284.0 124.0 Chej
14800.0 5460.0 140.0 76.0 UP
14983.0 5440.0 436.0 100.0 strokes
15508.0 5440.0 464.0 120.0 rosplta-

13172.0 5544.0 280.0 108.0 tlon.
13511.0 5548.0 632.0 112.0 Indlc.itlnc
14188.0 5552.0 428.0 100.0 serious
14659.0 5552.0 484.0 108.0 cerebral
15191.0 5552.0 468.0 104.0 disease.
15732.0 5552.0 244.0 104.0 The

13172.0 5664.0 356.0 116.0 paralj
13564.0 5664.0 152.0 100.0 sis
13764.0 5664.0 220.0 104.0 had
14084.0 5664.0 572.0 108.0 Incicased
14744.0 5688.0 228.0 88.0 ana
15064.0 5672.0 316.0 104.0 there
15483.0 5696.0 232.0 76.0 was
15828.0 5692.0 152.0 76.0 no

13172.0 5804.0 376.0 80.0 power
13592.0 5784.0 116.0 96.0 ot
13760.0 5808.0 332.0 92.0 grasp
14140.0 5792.0 564.0 96.0 whatever
14787.0 5787.0 208.0 100.0 left
15104.0 5792.0 112.0 96.0 In
15331.0 5787.0 188.0 100.0 the
15628.0 5787.0 340.0 100.0 hand.

13180.0 5892.0 168.0 124.0 By
13592.0 5900.0 484.0 112.0 tickling
14311.0 5908.0 188.0 96.0 the
14772.0 5904.0 424.0 104.0 botlom
15440.0 5900.0 120.0 104.0 of
15804.0 5904.0 176.0 100.0 his

13175.0 6012.0 240.0 100.0 foot
13540.0 6036.0 168.0 76.0 wo
13828.0 6012.0 404.0 104.0 caused
14388.0 6016.0 228.0 104.0 him
14784.0 6028.0 116.0 92.0 to
15064.0 6019.0 308.0 104.0 draw
15544.0 6019.0 84.0 100.0 It
15792.0 6040.0 148.0 100.0 up
15948.0 6092.0 24.0 48.0 ,

13175.0 6124.0 620.0 124.0 moduclng
13916.0 6160.0 68.0 72.0 a
14088.0 6128.0 336.0 104.0 lellex
14531.0 6132.0 424.0 104.0 motion
14971.0 6204.0 24.0 52.0 ,
15072.0 6140.0 196.0 96.0 but
15367.0 6132.0 600.0 104.0 otherwise

13175.0 6244.0 184.0 100.0 the
13404.0 6244.0 280.0 104.0 limb
13731.0 6272.0 228.0 80.0 was
13996.0 6244.0 520.0 128.0 helpless.
14652.0 6248.0 172.0 104.0 He
14876.0 6276.0 228.0 76.0 was
15152.0 6251.0 228.0 100.0 still
15428.0 6251.0 552.0 120.0 suffering

13175.0 6368.0 288.0 96.0 troin
13576.0 6364.0 260.0 124.0 pain
13951.0 6364.0 228.0 104.0 and
14260.0 6364.0 548.0 120.0 managed
14920.0 6372.0 112.0 96.0 to
15135.0 6392.0 200.0 92.0 say
15420.0 6396.0 128.0 72.0 so
15636.0 6372.0 308.0 96.0 indis

13172.0 6472.0 440.0 124.0 tinctly.
13780.0 6476.0 212.0 108.0 Ills
14040.0 6479.0 712.0 104.0 articulation
14808.0 6508.0 232.0 76.0 was
15087.0 6508.0 304.0 80.0 moio
15435.0 6483.0 548.0 120.0 Impaired

13172.0 6592.0 276.0 104.0 than
13540.0 6620.0 264.0 80.0 ever
13808.0 6668.0 28.0 48.0 ,
13928.0 6596.0 224.0 104.0 and
14244.0 6600.0 176.0 100.0 his
14496.0 6600.0 692.0 104.0 pxtiemltles
15251.0 6596.0 216.0 108.0 had
15536.0 6604.0 448.0 100.0 become

13172.0 6708.0 452.0 120.0 equally
13672.0 6740.0 376.0 80.0 warm.
14183.0 6711.0 216.0 108.0 His
14448.0 6715.0 244.0 104.0 face
14736.0 6720.0 116.0 100.0 at
14896.0 6715.0 188.0 100.0 the
15128.0 6715.0 272.0 100.0 time
15435.0 6744.0 228.0 76.0 was
15716.0 6740.0 264.0 92.0 very

13172.0 6832.0 332.0 96.0 much
13552.0 6828.0 424.0 104.0 Hushed
13992.0 6900.0 28.0 44.0 ,
14072.0 6832.0 224.0 100.0 and
14364.0 6840.0 116.0 92.0 at
14528.0 6860.0 148.0 76.0 no
14724.0 6832.0 268.0 100.0 time
15028.0 6856.0 228.0 80.0 was
15304.0 6836.0 88.0 96.0 it
15435.0 6836.0 280.0 120.0 pale.
15804.0 6832.0 180.0 100.0 Ho

13172.0 6947.0 400.0 100.0 moved
13624.0 6947.0 172.0 100.0 his
13844.0 6943.0 296.0 116.0 light
14180.0 6972.0 232.0 80.0 aim
14468.0 6947.0 224.0 104.0 and
14744.0 6947.0 176.0 124.0 leg
14964.0 6952.0 520.0 116.0 uneasily
15516.0 6976.0 124.0 76.0 as
15691.0 6952.0 88.0 100.0 If
15844.0 6943.0 140.0 108.0 ho

13180.0 7084.0 288.0 80.0 were
13511.0 7064.0 556.0 120.0 Buttering
14152.0 7068.0 304.0 124.0 pain.
14656.0 7064.0 172.0 104.0 Ho
14924.0 7064.0 576.0 104.0 lemalned
15568.0 7088.0 144.0 80.0 on
15807.0 7064.0 176.0 100.0 his

13172.0 7175.0 288.0 104.0 back
13620.0 7179.0 228.0 104.0 nnd
14040.0 7188.0 324.0 96.0 made
14543.0 7204.0 156.0 80.0 no
14860.0 7192.0 476.0 104.0 attempt
15496.0 7184.0 116.0 100.0 to
15771.0 7184.0 208.0 100.0 toll

13172.0 7316.0 292.0 84.0 over.
13712.0 7296.0 340.0 104.0 Fiom
14236.0 7300.0 176.0 104.0 his
14576.0 7300.0 364.0 104.0 whole
15116.0 7296.0 580.0 108.0 condition
15872.0 7304.0 116.0 96.0 at

13175.0 7416.0 116.0 96.0 at
13484.0 7411.0 248.0 104.0 that
13932.0 7416.0 272.0 100.0 time
14427.0 7416.0 88.0 100.0 It
14700.0 7440.0 224.0 84.0 was
15152.0 7420.0 188.0 100.0 the
15504.0 7416.0 476.0 124.0 opinion

13175.0 7528.0 120.0 96.0 of
13344.0 7524.0 184.0 108.0 Dr.
13588.0 7528.0 644.0 104.0 Hammond
14308.0 7532.0 232.0 104.0 and
14628.0 7536.0 416.0 120.0 myself
15128.0 7536.0 248.0 100.0 that
15464.0 7536.0 176.0 100.0 his
15716.0 7559.0 208.0 76.0 con-

13175.0 7639.0 364.0 104.0 dition
13596.0 7672.0 232.0 76.0 was
13871.0 7648.0 620.0 124.0 c\tnmely
14536.0 7676.0 460.0 76.0 serious.
15140.0 7652.0 200.0 100.0 Wo
15411.0 7652.0 564.0 100.0 therefore

13175.0 7760.0 460.0 104.0 advised
13688.0 7768.0 188.0 96.0 the
13924.0 7764.0 404.0 116.0 family
14376.0 7772.0 112.0 92.0 to
14536.0 7768.0 380.0 120.0 notify
14959.0 7764.0 148.0 104.0 all
15160.0 7768.0 404.0 100.0 absent
15648.0 7791.0 288.0 76.0 mem

13180.0 7871.0 276.0 108.0 bers.
13588.0 7880.0 100.0 100.0 It
13743.0 7880.0 96.0 100.0 Is
13883.0 7880.0 460.0 104.0 evident
14392.0 7880.0 244.0 104.0 that
14683.0 7884.0 184.0 104.0 the
14912.0 7884.0 488.0 104.0 efluslon
15476.0 7888.0 128.0 96.0 of
15648.0 7880.0 332.0 104.0 blood

13184.0 7992.0 244.0 100.0 Into
13532.0 7996.0 192.0 104.0 tlio
13808.0 7996.0 300.0 112.0 right
14207.0 7996.0 712.0 112.0 hemisphere
15028.0 8004.0 124.0 96.0 of
15256.0 8000.0 188.0 100.0 the
15512.0 8000.0 316.0 100.0 brain
15887.0 8000.0 96.0 100.0 is

13180.0 8107.0 232.0 100.0 still
13520.0 8112.0 640.0 124.0 spieaiMmr.
14352.0 8116.0 56.0 100.0 1
14519.0 8140.0 228.0 76.0 was
14855.0 8116.0 204.0 100.0 not
15188.0 8116.0 568.0 120.0 surprised
15868.0 8120.0 116.0 96.0 at

13184.0 8224.0 588.0 104.0 Beecher's
13812.0 8232.0 404.0 100.0 attack.
14408.0 8228.0 64.0 104.0 1
14567.0 8236.0 280.0 96.0 have
14940.0 8232.0 420.0 100.0 known
15440.0 8236.0 180.0 96.0 for
15667.0 8236.0 312.0 96.0 three

13180.0 8364.0 324.0 96.0 yeus
13328.0 8372.0 16.0 68.0 ;
13588.0 8348.0 256.0 124.0 past
13908.0 8348.0 244.0 100.0 that
14252.0 8344.0 140.0 104.0 ho
14496.0 8344.0 220.0 104.0 had
14828.0 8344.0 548.0 124.0 Incipient
15492.0 8344.0 488.0 128.0 Urlght's

13180.0 8456.0 436.0 104.0 disease
13664.0 8472.0 116.0 92.0 In
13832.0 8491.0 64.0 72.0 a
13940.0 8460.0 276.0 104.0 mild
14264.0 8468.0 324.0 96.0 ioun.
14724.0 8460.0 104.0 108.0 It
14867.0 8464.0 200.0 100.0 has
15111.0 8464.0 280.0 104.0 been
15488.0 8464.0 176.0 104.0 Ills
15747.0 8487.0 196.0 80.0 cus-

13184.0 8576.0 228.0 100.0 tom
13484.0 8580.0 180.0 96.0 tor
13704.0 8604.0 316.0 76.0 somn
14064.0 8584.0 276.0 96.0 time
14424.0 8584.0 252.0 112.0 past
14780.0 8580.0 344.0 104.0 while
15227.0 8580.0 556.0 124.0 studying
15875.0 8588.0 112.0 96.0 to

13184.0 8715.0 304.0 88.0 wiap
13535.0 8719.0 148.0 96.0 up
13731.0 8696.0 172.0 100.0 his
13951.0 8696.0 224.0 100.0 feet
14228.0 8696.0 112.0 100.0 In
14392.0 8719.0 256.0 100.0 rags
14692.0 8700.0 116.0 104.0 to
14860.0 8704.0 284.0 112.0 keep
15212.0 8700.0 308.0 100.0 them
15592.0 8723.0 340.0 76.0 warm
15948.0 8768.0 24.0 32.0 ,

13196.0 8808.0 168.0 100.0 lie
13412.0 8836.0 228.0 76.0 was
13688.0 8812.0 508.0 104.0 troubled
14244.0 8812.0 272.0 104.0 with
14560.0 8844.0 68.0 72.0 a
14671.0 8812.0 480.0 124.0 rushing
15239.0 8820.0 124.0 96.0 of
15452.0 8812.0 324.0 108.0 blood
15863.0 8820.0 116.0 96.0 to

13187.0 8924.0 176.0 100.0 his
13416.0 8928.0 316.0 104.0 head.
13748.0 8924.0 64.0 60.0 "

13303.0 9040.0 212.0 100.0 For
13560.0 9044.0 188.0 104.0 the
13796.0 9040.0 212.0 108.0 last
14052.0 9048.0 396.0 100.0 month
14496.0 9072.0 128.0 76.0 or
14656.0 9072.0 128.0 76.0 so
14855.0 9044.0 496.0 104.0 Beechrr
15440.0 9048.0 200.0 104.0 has
15688.0 9048.0 288.0 100.0 been

13184.0 9152.0 900.0 124.0 busllvpngaL'cd
14136.0 9168.0 116.0 96.0 In
14308.0 9160.0 456.0 104.0 vvrltlmr
14844.0 9164.0 192.0 100.0 the
15080.0 9172.0 412.0 96.0 second
15544.0 9168.0 440.0 100.0 volume

13184.0 9276.0 120.0 96.0 of
13392.0 9276.0 172.0 100.0 his
13636.0 9276.0 204.0 108.0 life
13924.0 9284.0 128.0 96.0 of
14112.0 9280.0 408.0 104.0 Christ.
14652.0 9280.0 180.0 100.0 He
14920.0 9284.0 200.0 96.0 has
15208.0 9284.0 276.0 100.0 been
15572.0 9280.0 416.0 120.0 closely

13180.0 9392.0 516.0 104.0 confined
13748.0 9400.0 116.0 96.0 at
13908.0 9392.0 176.0 104.0 his
14132.0 9400.0 304.0 100.0 work
14448.0 9468.0 24.0 48.0 ,
14528.0 9419.0 120.0 76.0 as
14716.0 9396.0 140.0 100.0 ho
14903.0 9396.0 428.0 104.0 wished
15420.0 9404.0 116.0 96.0 to
15624.0 9396.0 344.0 104.0 linlsii

13187.0 9504.0 88.0 104.0 It
13324.0 9516.0 176.0 92.0 tor
13544.0 9512.0 684.0 116.0 publication
14280.0 9516.0 116.0 96.0 In
14492.0 9512.0 188.0 100.0 the
14763.0 9512.0 304.0 124.0 early
15116.0 9536.0 536.0 80.0 summer.
15804.0 9512.0 176.0 100.0 He

13187.0 9624.0 200.0 100.0 has
13436.0 9636.0 200.0 92.0 not
13684.0 9628.0 276.0 100.0 bepn
14012.0 9656.0 320.0 76.0 awav
14380.0 9628.0 288.0 104.0 from
14763.0 9632.0 172.0 100.0 his
15012.0 9632.0 356.0 100.0 house
15435.0 9632.0 320.0 100.0 since
15800.0 9628.0 180.0 104.0 his

13187.0 9748.0 380.0 96.0 return
13684.0 9752.0 288.0 92.0 Irom
14088.0 9744.0 436.0 116.0 Europe
14628.0 9752.0 396.0 116.0 pxcept
15128.0 9752.0 116.0 96.0 to
15352.0 9772.0 208.0 76.0 run
15652.0 9772.0 152.0 100.0 up
15868.0 9752.0 116.0 96.0 to

13192.0 9856.0 568.0 104.0 IVeksklll
13832.0 9860.0 224.0 104.0 and
14103.0 9864.0 176.0 100.0 his
14323.0 9868.0 476.0 120.0 rountiy
14848.0 9868.0 240.0 100.0 seat
15123.0 9868.0 176.0 100.0 for
15343.0 9888.0 64.0 76.0 a
15452.0 9864.0 220.0 120.0 day
15752.0 9868.0 116.0 96.0 at
15920.0 9888.0 64.0 76.0 a

13187.0 9972.0 300.0 104.0 time.
13620.0 9976.0 240.0 100.0 The
13904.0 9976.0 300.0 104.0 close
14248.0 9980.0 764.0 104.0 conlinemPiit
15075.0 10004.0 300.0 80.0 wore
15452.0 10008.0 144.0 72.0 on
15712.0 9980.0 264.0 100.0 him.

13187.0 10088.0 276.0 104.0 Mis.
13532.0 10092.0 472.0 104.0 Boechei
14060.0 10096.0 288.0 100.0 tiled
14456.0 10100.0 112.0 96.0 to
14676.0 10096.0 404.0 104.0 Induce
15188.0 10096.0 224.0 104.0 htm
15520.0 10103.0 120.0 96.0 to
15724.0 10096.0 264.0 104.0 take

13192.0 10208.0 496.0 104.0 fcxerciso
13696.0 10288.0 24.0 36.0 ,
13792.0 10212.0 196.0 100.0 but
14052.0 10212.0 140.0 100.0 ho
14240.0 10212.0 476.0 104.0 refused.
14848.0 10216.0 496.0 100.0 Beecher
15447.0 10216.0 220.0 100.0 had
15776.0 10216.0 172.0 96.0 fre-

13192.0 10331.0 352.0 112.0 quent
13584.0 10324.0 408.0 104.0 bilious
14079.0 10331.0 468.0 96.0 attacks.
14680.0 10331.0 168.0 96.0 On
14964.0 10328.0 472.0 124.0 Sunday
15536.0 10331.0 220.0 100.0 last
15844.0 10331.0 140.0 100.0 he

13184.0 10448.0 552.0 112.0 preached
13975.0 10456.0 224.0 92.0 two
14332.0 10444.0 48.0 120.0 ]
14468.0 10444.0 704.0 120.0 remarkably
15456.0 10448.0 524.0 116.0 vigorous

13187.0 10584.0 540.0 76.0 sermons.
13859.0 10560.0 172.0 100.0 On
14236.0 10556.0 528.0 124.0 Tuesday
14988.0 10563.0 136.0 100.0 he
15343.0 10567.0 308.0 100.0 went
15868.0 10567.0 116.0 92.0 to

13192.0 10672.0 572.0 104.0 Peekskill
13812.0 10676.0 224.0 104.0 and
14088.0 10684.0 524.0 96.0 returned
14659.0 10700.0 148.0 84.0 on
14876.0 10676.0 752.0 124.0 Wednesday.
15804.0 10676.0 180.0 108.0 Ho

13192.0 10792.0 216.0 100.0 had
13456.0 10820.0 64.0 72.0 a
13564.0 10792.0 348.0 120.0 slight
13956.0 10792.0 560.0 104.0 headaclip
14524.0 10868.0 24.0 44.0 ,
14644.0 10795.0 200.0 104.0 but
14928.0 10795.0 480.0 112.0 thought
15492.0 10795.0 492.0 116.0 nothing

13187.0 10908.0 120.0 96.0 of
13356.0 10908.0 116.0 100.0 It.
13604.0 10908.0 180.0 100.0 Ho
13864.0 10908.0 456.0 104.0 worked
14368.0 10912.0 148.0 100.0 all
14564.0 10908.0 220.0 128.0 day
14867.0 10940.0 148.0 72.0 on
15116.0 10912.0 176.0 100.0 his
15372.0 10912.0 292.0 100.0 book
15740.0 10916.0 232.0 100.0 and

13192.0 11031.0 304.0 92.0 went
13540.0 11027.0 200.0 96.0 out
13788.0 11024.0 108.0 104.0 In
13951.0 11027.0 192.0 100.0 the
14188.0 11027.0 492.0 116.0 evening
14728.0 11027.0 272.0 104.0 with
15087.0 11031.0 272.0 96.0 Mrs.
15459.0 11027.0 512.0 104.0 Bcooher.

13184.0 11136.0 600.0 124.0 Thursday
13871.0 11140.0 184.0 104.0 the
14144.0 11148.0 228.0 96.0 two
14456.0 11168.0 312.0 76.0 came
14844.0 11168.0 264.0 80.0 over
15176.0 11156.0 116.0 88.0 to
15331.0 11144.0 288.0 104.0 New
15667.0 11144.0 316.0 100.0 York

13192.0 11259.0 508.0 116.0 together
13784.0 11255.0 112.0 100.0 to
13996.0 11255.0 332.0 124.0 bring
14432.0 11259.0 572.0 104.0 fmulture
15108.0 11263.0 176.0 96.0 for
15331.0 11263.0 188.0 96.0 the
15563.0 11259.0 416.0 104.0 church

13187.0 11372.0 400.0 144.0 parlor.
13720.0 11376.0 340.0 100.0 After
14100.0 11404.0 68.0 72.0 a
14207.0 11388.0 224.0 104.0 day
14484.0 11376.0 116.0 100.0 in
14640.0 11376.0 188.0 100.0 the
14872.0 11376.0 232.0 120.0 city
15148.0 11376.0 264.0 124.0 they
15456.0 11380.0 528.0 100.0 relumed

13192.0 11476.0 356.0 124.0 home.
13731.0 11495.0 164.0 96.0 At
13975.0 11516.0 412.0 96.0 supper
14476.0 11491.0 136.0 104.0 he
14700.0 11495.0 180.0 96.0 ate
14964.0 11495.0 176.0 96.0 six
15239.0 11495.0 308.0 100.0 roast
15631.0 11495.0 356.0 100.0 clams

13192.0 11604.0 224.0 100.0 and
13584.0 11604.0 408.0 104.0 iPtired
14160.0 11612.0 336.0 96.0 about
14656.0 11612.0 120.0 96.0 10
14936.0 11608.0 460.0 108.0 o'clock.
15643.0 11612.0 344.0 120.0 Eaily

13192.0 11719.0 416.0 112.0 Filday
13696.0 11719.0 528.0 120.0 moining
14308.0 11727.0 356.0 116.0 began
14784.0 11719.0 176.0 108.0 his
15087.0 11727.0 424.0 104.0 illness.
15708.0 11727.0 268.0 100.0 Mis.

13187.0 11836.0 500.0 104.0 Beecher
13728.0 11864.0 228.0 76.0 was
13999.0 11844.0 116.0 96.0 at
14160.0 11848.0 192.0 96.0 the
14432.0 11836.0 468.0 108.0 bedside
14980.0 11844.0 124.0 96.0 of
15191.0 11844.0 196.0 100.0 her
15468.0 11844.0 516.0 104.0 huiband

13187.0 11951.0 152.0 104.0 all
13404.0 11955.0 256.0 120.0 day.
13840.0 11955.0 464.0 104.0 Colonel
14396.0 11955.0 492.0 104.0 Bcechor
14971.0 11955.0 412.0 104.0 visited
15471.0 11963.0 188.0 100.0 tlw
15744.0 11959.0 248.0 108.0 sick-

13187.0 12092.0 312.0 80.0 room
13584.0 12072.0 492.0 120.0 to-night
14156.0 12072.0 228.0 104.0 and
14476.0 12100.0 232.0 80.0 was
14787.0 12080.0 612.0 116.0 recognize
15440.0 12084.0 36.0 96.0 I
15584.0 12076.0 144.0 120.0 by
15812.0 12076.0 180.0 104.0 his

13187.0 12187.0 404.0 104.0 father.
13724.0 12191.0 108.0 96.0 A
13912.0 12187.0 448.0 104.0 trained
14444.0 12216.0 344.0 80.0 muse
14876.0 12191.0 200.0 100.0 has
15140.0 12191.0 280.0 104.0 been
15471.0 12195.0 516.0 116.0 engaged

13187.0 12308.0 112.0 96.0 to
13344.0 12304.0 264.0 100.0 take
13680.0 12332.0 252.0 76.0 care
13975.0 12308.0 128.0 100.0 of
14168.0 12308.0 264.0 100.0 him.
14564.0 12308.0 344.0 104.0 Much
14992.0 12312.0 680.0 100.0 excitement
15756.0 12335.0 236.0 80.0 was

13187.0 12419.0 396.0 104.0 caused
13639.0 12423.0 116.0 100.0 in
13808.0 12419.0 572.0 128.0 Brooklyn
14439.0 12431.0 140.0 116.0 by
14628.0 12427.0 188.0 100.0 the
14896.0 12431.0 928.0 96.0 announcement
15872.0 12431.0 120.0 96.0 of

13187.0 12536.0 596.0 104.0 Beecher's
13828.0 12536.0 424.0 104.0 illness.
14388.0 12540.0 568.0 104.0 Immense
14992.0 12544.0 996.0 120.0 ciowdsgatheied

13192.0 12676.0 276.0 80.0 near
13528.0 12651.0 188.0 104.0 the
13784.0 12651.0 348.0 104.0 house
14171.0 12659.0 228.0 100.0 and
14468.0 12659.0 264.0 100.0 read
14780.0 12659.0 188.0 100.0 the
15016.0 12655.0 572.0 108.0 bulletins.
15780.0 12663.0 200.0 100.0 All

13187.0 12772.0 484.0 116.0 thiough
13720.0 12772.0 188.0 100.0 the
13951.0 12776.0 492.0 120.0 evening
14488.0 12776.0 648.0 120.0 prominent
15180.0 12780.0 476.0 100.0 citi/ens
15700.0 12803.0 292.0 80.0 were

13187.0 12883.0 424.0 124.0 calling
13651.0 12887.0 228.0 100.0 and
13928.0 12891.0 452.0 108.0 leaving
14424.0 12891.0 324.0 104.0 cauls
14784.0 12900.0 116.0 92.0 at
14944.0 12891.0 188.0 104.0 the
15180.0 12891.0 300.0 108.0 door.
15608.0 12900.0 112.0 96.0 A
15812.0 12924.0 136.0 92.0 po-

13187.0 13004.0 476.0 100.0 liceman
13724.0 13027.0 228.0 76.0 was
13996.0 13008.0 556.0 100.0 stationed
14608.0 13012.0 116.0 96.0 in
14775.0 13008.0 312.0 104.0 fiont
15132.0 13016.0 116.0 92.0 ot
15343.0 13012.0 188.0 100.0 the
15640.0 13016.0 352.0 100.0 house

13187.0 13123.0 112.0 96.0 to
13352.0 13119.0 284.0 116.0 keep
13680.0 13119.0 188.0 104.0 the
13968.0 13123.0 376.0 104.0 crowd
14448.0 13152.0 360.0 88.0 away.
14936.0 13123.0 500.0 108.0 Beecher
15532.0 13127.0 92.0 100.0 Is
15732.0 13156.0 116.0 80.0 ov
15880.0 13156.0 116.0 76.0 ei

13184.0 13240.0 728.0 108.0 seventy-live
13960.0 13263.0 320.0 92.0 jears
14328.0 13244.0 120.0 96.0 of
14500.0 13267.0 232.0 88.0 ago.

13296.0 13359.0 20.0 84.0 :
13328.0 13359.0 28.0 88.0 !
13400.0 13380.0 92.0 76.0 a.
13568.0 13380.0 140.0 80.0 in.
13844.0 13351.0 180.0 108.0 No
14067.0 13359.0 432.0 120.0 change
14548.0 13359.0 116.0 100.0 in
14748.0 13355.0 212.0 108.0 Mr.
15040.0 13359.0 588.0 108.0 Beecher's
15716.0 13388.0 212.0 80.0 con

13184.0 13460.0 400.0 120.0 dition.
14560.0 13604.0 68.0 12.0 _

13308.0 13688.0 1404.0 100.0 APPKOPKIATION
14796.0 13696.0 1076.0 100.0 AGGKKGATE.

13184.0 13891.0 276.0 96.0 The
13508.0 13891.0 320.0 96.0 Sum
13892.0 13895.0 232.0 96.0 Set
14195.0 13899.0 432.0 112.0 Apart
14720.0 13895.0 192.0 120.0 By
15004.0 13904.0 660.0 108.0 Congress
15732.0 13899.0 268.0 96.0 For

13755.0 14035.0 904.0 96.0 Government
14712.0 14035.0 712.0 112.0 i'JxpenscH.

13296.0 14164.0 888.0 108.0 WASHINGTON
14188.0 14240.0 24.0 52.0 ,
14264.0 14168.0 388.0 108.0 March
14704.0 14176.0 104.0 100.0 5.
14948.0 14172.0 244.0 104.0 The
15236.0 14176.0 604.0 124.0 aggregate
15884.0 14180.0 124.0 100.0 of

13184.0 14308.0 188.0 104.0 the
13416.0 14312.0 840.0 124.0 appioprlation
14308.0 14312.0 264.0 104.0 bills
14620.0 14316.0 404.0 124.0 passed
15116.0 14316.0 144.0 124.0 by
15348.0 14316.0 192.0 104.0 the
15624.0 14320.0 388.0 124.0 Forty-

13184.0 14448.0 340.0 104.0 ninth
13627.0 14476.0 528.0 80.0 concress
14268.0 14456.0 96.0 96.0 Is
14472.0 14456.0 340.0 104.0 about
14896.0 14460.0 32.0 108.0 ?
14928.0 14419.0 700.0 156.0 52jO,6oo,000.
15764.0 14464.0 244.0 100.0 The

13184.0 14587.0 276.0 100.0 total
13511.0 14587.0 96.0 104.0 Is
13651.0 14591.0 564.0 104.0 exclusive
14264.0 14596.0 128.0 96.0 of
14436.0 14596.0 192.0 100.0 the
14680.0 14600.0 1132.0 120.0 snmsappropilated
15863.0 14616.0 140.0 108.0 by

13184.0 14727.0 188.0 104.0 the
13419.0 14731.0 296.0 100.0 river
13755.0 14731.0 232.0 104.0 and
14040.0 14731.0 404.0 104.0 harbor
14488.0 14731.0 228.0 104.0 and
14768.0 14731.0 624.0 132.0 deficiency
15440.0 14743.0 516.0 120.0 appropri-

13184.0 14872.0 308.0 104.0 ation
13544.0 14872.0 256.0 104.0 bills
13808.0 14948.0 24.0 48.0 ,
13892.0 14875.0 364.0 104.0 which
14304.0 14875.0 340.0 104.0 tailed
14744.0 14879.0 124.0 104.0 of
14952.0 14883.0 676.0 104.0 enactment.
15764.0 14883.0 244.0 104.0 The

13184.0 15016.0 912.0 120.0 appropriations
14144.0 15020.0 176.0 100.0 for
14364.0 15020.0 188.0 100.0 the
14623.0 15024.0 456.0 104.0 current
15168.0 15024.0 300.0 104.0 fiscal
15516.0 15055.0 44.0 92.0 3
15596.0 15051.0 192.0 80.0 car
15828.0 15055.0 140.0 92.0 ag-

13187.0 15160.0 456.0 116.0 gregate
13748.0 15160.0 696.0 120.0 52(54,000,000
13883.0 15164.0 24.0 76.0 (
14448.0 15236.0 24.0 52.0 ,
14596.0 15164.0 368.0 100.0 which
15072.0 15183.0 472.0 88.0 amount
15628.0 15172.0 372.0 104.0 would

13192.0 15300.0 280.0 100.0 have
13544.0 15300.0 276.0 104.0 been
13916.0 15304.0 516.0 120.0 equalled
14543.0 15304.0 144.0 124.0 by
14800.0 15312.0 188.0 96.0 the
15096.0 15312.0 908.0 120.0 appropriations

13184.0 15443.0 336.0 100.0 voted
13564.0 15443.0 144.0 120.0 by
13748.0 15443.0 188.0 104.0 the
13984.0 15443.0 220.0 104.0 last
14252.0 15472.0 540.0 96.0 congicss
14872.0 15448.0 220.0 104.0 had
15160.0 15452.0 192.0 104.0 the
15400.0 15452.0 252.0 104.0 bills
15703.0 15480.0 256.0 80.0 men-

13187.0 15579.0 392.0 108.0 tioned
13627.0 15587.0 448.0 100.0 became
14120.0 15587.0 308.0 104.0 laws.
14567.0 15591.0 332.0 104.0 Some
14956.0 15591.0 248.0 104.0 Idea
15248.0 15595.0 124.0 100.0 of
15464.0 15595.0 192.0 100.0 the
15700.0 15624.0 260.0 76.0 man-

13192.0 15747.0 208.0 80.0 ner
13448.0 15723.0 112.0 100.0 In
13615.0 15723.0 364.0 108.0 which
14028.0 15727.0 188.0 104.0 the
14264.0 15727.0 724.0 124.0 Koity-nlntli
15019.0 15760.0 536.0 96.0 congicss
15592.0 15739.0 416.0 104.0 wound

13187.0 15891.0 152.0 92.0 up
13380.0 15868.0 144.0 100.0 its
13580.0 15868.0 312.0 104.0 woik
13944.0 15872.0 432.0 112.0 maybe
14432.0 15876.0 352.0 104.0 tound
14848.0 15876.0 108.0 100.0 in
15040.0 15876.0 188.0 104.0 the
15316.0 15879.0 684.0 104.0 declaration

13184.0 16012.0 124.0 96.0 of
13416.0 16039.0 64.0 72.0 a
13592.0 16012.0 492.0 104.0 member
14171.0 16016.0 124.0 100.0 of
14376.0 16016.0 272.0 120.0 long
14739.0 16020.0 664.0 124.0 experience
15492.0 16024.0 240.0 104.0 that
15819.0 16028.0 192.0 100.0 the

13187.0 16156.0 388.0 100.0 recoul
13796.0 16156.0 512.0 104.0 revealed
14531.0 16160.0 188.0 100.0 the
14924.0 16168.0 232.0 100.0 fact
15348.0 16168.0 248.0 100.0 that
15756.0 16195.0 260.0 76.0 one-

13187.0 16300.0 452.0 120.0 quarter
13760.0 16300.0 120.0 96.0 ot
14008.0 16300.0 192.0 100.0 the
14323.0 16300.0 636.0 120.0 legislation
15092.0 16308.0 128.0 100.0 of
15319.0 16304.0 188.0 108.0 the
15572.0 16312.0 432.0 104.0 session

13192.0 16435.0 220.0 108.0 had
13600.0 16439.0 276.0 104.0 been
14067.0 16443.0 468.0 104.0 enacted
14708.0 16443.0 116.0 108.0 In
15016.0 16447.0 188.0 104.0 the
15392.0 16452.0 212.0 100.0 last
15783.0 16456.0 228.0 104.0 few

13192.0 16579.0 688.0 124.0 legislatives
13975.0 16583.0 312.0 108.0 davs.
14484.0 16591.0 188.0 96.0 An
14784.0 16591.0 572.0 124.0 cniolllng
15456.0 16595.0 312.0 100.0 elcik
15887.0 16604.0 124.0 96.0 ot

13192.0 16723.0 404.0 104.0 twelve
13639.0 16723.0 1080.0 128.0 years'experience
14812.0 16731.0 244.0 100.0 said
15148.0 16731.0 244.0 104.0 that
15476.0 16764.0 348.0 80.0 never
15887.0 16739.0 116.0 104.0 In

13196.0 16864.0 244.0 104.0 that
13544.0 16868.0 396.0 120.0 length
14032.0 16872.0 120.0 100.0 of
14264.0 16876.0 276.0 96.0 tlmo
14623.0 16868.0 216.0 108.0 had
14932.0 16876.0 140.0 100.0 ho
15152.0 16879.0 604.0 104.0 witnessed
15824.0 16879.0 188.0 104.0 the

13196.0 17008.0 320.0 104.0 haste
13560.0 17008.0 572.0 108.0 exhibited
14188.0 17012.0 112.0 100.0 In
14360.0 17016.0 188.0 96.0 the
14596.0 17016.0 212.0 104.0 last
14855.0 17016.0 740.0 116.0 twenty-four
15664.0 17020.0 340.0 108.0 hours

13196.0 17127.0 124.0 92.0 of
13444.0 17127.0 188.0 100.0 the
13716.0 17152.0 536.0 92.0 congiess
14340.0 17131.0 372.0 104.0 which
14828.0 17143.0 204.0 88.0 has
15152.0 17135.0 240.0 120.0 just
15512.0 17139.0 492.0 120.0 expired.

13196.0 17240.0 484.0 120.0 Enough
13776.0 17267.0 396.0 100.0 papeis
14260.0 17256.0 116.0 88.0 to
14439.0 17248.0 152.0 100.0 till
14644.0 17275.0 64.0 72.0 a
14760.0 17252.0 384.0 100.0 bushel
15196.0 17256.0 380.0 100.0 basket
15596.0 17328.0 24.0 24.0 ,
15672.0 17256.0 144.0 104.0 all
15887.0 17260.0 124.0 100.0 of

13204.0 17359.0 300.0 100.0 them
13556.0 17359.0 732.0 104.0 niesidentlal
14356.0 17367.0 380.0 96.0 vetoes
14820.0 17371.0 128.0 92.0 of
15048.0 17367.0 352.0 100.0 house
15483.0 17367.0 256.0 104.0 bills
15747.0 17447.0 24.0 44.0 ,
15828.0 17376.0 184.0 120.0 lay

13204.0 17476.0 112.0 100.0 in
13368.0 17499.0 68.0 76.0 a
13480.0 17468.0 224.0 128.0 pile
13748.0 17499.0 144.0 76.0 on
13948.0 17480.0 188.0 96.0 the
14180.0 17476.0 280.0 104.0 lloor
14543.0 17488.0 104.0 92.0 ot
14772.0 17480.0 188.0 104.0 the
15048.0 17484.0 764.0 104.0 eloik'solheo
15884.0 17492.0 116.0 100.0 in

13199.0 17591.0 188.0 96.0 the
13436.0 17591.0 344.0 100.0 house
13832.0 17591.0 220.0 100.0 win
14079.0 17671.0 48.0 24.0 ,
14103.0 17620.0 36.0 44.0 '
14224.0 17595.0 124.0 96.0 of
14448.0 17595.0 192.0 100.0 the
14704.0 17599.0 412.0 124.0 capital
15168.0 17603.0 224.0 100.0 this
15440.0 17628.0 560.0 96.0 morning.

13199.0 17708.0 316.0 116.0 They
13568.0 17708.0 456.0 100.0 numbei
14091.0 17712.0 164.0 96.0 101
14308.0 17735.0 120.0 76.0 in
14480.0 17712.0 184.0 104.0 all.

13320.0 17819.0 304.0 120.0 Only
13688.0 17831.0 260.0 92.0 tour
13992.0 17827.0 120.0 96.0 of
14180.0 17831.0 188.0 96.0 the
14476.0 17823.0 632.0 124.0 presidents
15220.0 17831.0 784.0 108.0 nominations

13208.0 17940.0 316.0 100.0 made
13572.0 17940.0 412.0 116.0 during
14036.0 17940.0 184.0 104.0 the
14268.0 17944.0 428.0 100.0 session
14768.0 17948.0 220.0 112.0 just
15032.0 17952.0 368.0 100.0 closed
15464.0 17979.0 288.0 76.0 weio
15844.0 17983.0 116.0 72.0 re

13196.0 18051.0 372.0 120.0 jected
13672.0 18055.0 148.0 112.0 by
13920.0 18063.0 192.0 96.0 the
14216.0 18067.0 396.0 92.0 senate
14616.0 18135.0 24.0 40.0 ,
14756.0 18088.0 124.0 76.0 as
14959.0 18063.0 448.0 104.0 tollows
15432.0 18092.0 28.0 92.0 ;
15648.0 18072.0 116.0 100.0 J.
15875.0 18072.0 116.0 104.0 C.

13204.0 18172.0 600.0 104.0 Matthews
13812.0 18248.0 28.0 44.0 ,
13892.0 18176.0 124.0 96.0 of
14056.0 18172.0 456.0 116.0 Albany
14516.0 18248.0 24.0 40.0 ,
14596.0 18187.0 116.0 88.0 to
14760.0 18180.0 132.0 100.0 bo
14940.0 18184.0 508.0 100.0 recorder
15496.0 18187.0 124.0 96.0 of
15664.0 18168.0 344.0 120.0 deeds

13204.0 18287.0 160.0 100.0 foi
13424.0 18287.0 192.0 100.0 the
13672.0 18287.0 460.0 104.0 District
14176.0 18295.0 124.0 96.0 of
14344.0 18295.0 584.0 104.0 Columbia
14952.0 18324.0 32.0 88.0 ;
15036.0 18299.0 324.0 104.0 Chas.
15444.0 18299.0 164.0 108.0 W.
15667.0 18304.0 288.0 104.0 Irish
15972.0 18375.0 28.0 44.0 ,

13204.0 18408.0 124.0 96.0 of
13380.0 18408.0 208.0 100.0 kid
13608.0 18408.0 24.0 96.0 1
13648.0 18431.0 136.0 76.0 an
13804.0 18435.0 60.0 72.0 a
13871.0 18480.0 24.0 40.0 ,
13951.0 18408.0 116.0 100.0 to
14112.0 18408.0 136.0 100.0 bo
14352.0 18435.0 540.0 88.0 surveyor
14995.0 18416.0 456.0 112.0 general
15560.0 18423.0 124.0 96.0 of
15792.0 18419.0 172.0 104.0 Ne-

13204.0 18519.0 288.0 104.0 vada
13516.0 18544.0 28.0 84.0 ;
13596.0 18523.0 460.0 100.0 Charles
14112.0 18523.0 116.0 108.0 K.
14284.0 18523.0 432.0 124.0 Dalloy.
14768.0 18531.0 116.0 96.0 to
14932.0 18527.0 132.0 104.0 be
15108.0 18536.0 476.0 104.0 register
15624.0 18540.0 124.0 96.0 of
15816.0 18540.0 192.0 100.0 the

13204.0 18636.0 616.0 104.0 landolllco
13868.0 18651.0 112.0 88.0 at
14024.0 18640.0 440.0 104.0 Tucson
14484.0 18716.0 24.0 44.0 ,
14560.0 18644.0 488.0 104.0 Aii/ona
15075.0 18671.0 24.0 80.0 :
15160.0 18648.0 384.0 104.0 Oliver
15648.0 18651.0 308.0 108.0 Shan-

13204.0 18776.0 228.0 80.0 non
13448.0 18827.0 24.0 44.0 ,
13584.0 18759.0 116.0 96.0 to
13804.0 18755.0 132.0 100.0 bo
14040.0 18759.0 488.0 104.0 receiver
14608.0 18768.0 124.0 92.0 ot
14836.0 18763.0 384.0 116.0 public
15324.0 18792.0 468.0 96.0 moneys
15887.0 18776.0 124.0 100.0 at

13204.0 18868.0 364.0 104.0 North
13615.0 18872.0 400.0 100.0 Platte.

13320.0 18983.0 244.0 104.0 The
13608.0 18987.0 592.0 120.0 following
14240.0 19016.0 188.0 76.0 are
14472.0 19016.0 304.0 76.0 fome
14820.0 18995.0 128.0 100.0 of
14992.0 18995.0 188.0 100.0 the
15224.0 19000.0 784.0 104.0 nominations

13204.0 19100.0 364.0 104.0 which
13620.0 19092.0 576.0 116.0 remained
14244.0 19111.0 488.0 100.0 unacted
14780.0 19131.0 300.0 100.0 upon
15128.0 19115.0 232.0 100.0 nnd
15447.0 19119.0 564.0 100.0 theioloro

13199.0 19215.0 264.0 104.0 died
13511.0 19223.0 328.0 100.0 when
13892.0 19219.0 188.0 108.0 the
14124.0 19227.0 432.0 96.0 session
14600.0 19223.0 368.0 104.0 ended
14995.0 19256.0 28.0 76.0 :
15156.0 19227.0 348.0 108.0 Israel
15600.0 19236.0 360.0 100.0 Cieen
15976.0 19303.0 28.0 40.0 ,

13199.0 19336.0 124.0 96.0 of
13388.0 19336.0 484.0 104.0 Indiana
13883.0 19412.0 24.0 48.0 ,
13960.0 19347.0 344.0 108.0 agent
14348.0 19347.0 112.0 96.0 at
14507.0 19343.0 500.0 104.0 Sisseton
15024.0 19419.0 24.0 48.0 ,
15148.0 19343.0 448.0 108.0 Dakota
15620.0 19375.0 28.0 92.0 ;
15712.0 19355.0 108.0 96.0 J.
15884.0 19351.0 120.0 100.0 K.

13212.0 19447.0 624.0 112.0 Whlteslde
13835.0 19527.0 28.0 44.0 ,
13980.0 19459.0 468.0 108.0 register
14531.0 19459.0 124.0 100.0 of
14720.0 19459.0 268.0 104.0 land
15068.0 19464.0 316.0 104.0 olllce
15468.0 19472.0 120.0 96.0 at
15655.0 19464.0 308.0 104.0 Deadwood
15972.0 19519.0 36.0 24.0 -

13204.0 19572.0 316.0 100.0 wood
13535.0 19640.0 24.0 48.0 ,
13684.0 19568.0 280.0 108.0 Dak.
14136.0 19575.0 756.0 104.0 Postmasters
14916.0 19603.0 28.0 76.0 :
15080.0 19579.0 128.0 104.0 O.
15340.0 19579.0 168.0 108.0 W.
15631.0 19583.0 332.0 108.0 L-iVls
15972.0 19659.0 24.0 44.0 ,

13204.0 19683.0 348.0 104.0 Black
13660.0 19687.0 348.0 104.0 Itiver
14112.0 19687.0 332.0 112.0 Fails.
14572.0 19691.0 264.0 104.0 WIs.
14876.0 19720.0 28.0 72.0 :
15036.0 19700.0 108.0 100.0 b.
15268.0 19696.0 408.0 108.0 Brown
15688.0 19776.0 24.0 40.0 ,
15819.0 19727.0 140.0 76.0 sr.
15976.0 19776.0 24.0 44.0 ,

13204.0 19800.0 776.0 104.0 Itavcnswood
13987.0 19876.0 28.0 44.0 ,
14072.0 19804.0 176.0 100.0 III.
14280.0 19831.0 32.0 92.0 ;
14380.0 19807.0 128.0 100.0 K.
14584.0 19807.0 44.0 96.0 (
14640.0 19811.0 84.0 100.0 I.
14812.0 19807.0 516.0 108.0 Gardner
15331.0 19887.0 24.0 48.0 ,
15452.0 19800.0 524.0 120.0 Koeiielle
15984.0 19895.0 24.0 40.0 ,

13199.0 19915.0 176.0 104.0 111.
13412.0 19944.0 28.0 76.0 :
13508.0 19928.0 108.0 96.0 J.
13712.0 19919.0 148.0 100.0 H.
13908.0 19919.0 524.0 104.0 Johnson
14448.0 19999.0 24.0 44.0 ,
14560.0 19923.0 692.0 108.0 Woodstock
15260.0 20004.0 24.0 40.0 ,
15340.0 19932.0 172.0 104.0 111.
15551.0 19959.0 28.0 80.0 :
15655.0 19932.0 168.0 108.0 W.
15880.0 19936.0 96.0 100.0 T
15979.0 19895.0 28.0 144.0 !

13208.0 20020.0 284.0 116.0 Kirk
13499.0 20108.0 24.0 48.0 ,
13624.0 20039.0 508.0 104.0 Atlanta.
14236.0 20039.0 168.0 104.0 HI.
14439.0 20067.0 28.0 96.0 ;
14540.0 20039.0 108.0 104.0 S.
14751.0 20039.0 120.0 104.0 P.
14968.0 20043.0 340.0 100.0 Tutts
15316.0 20119.0 24.0 48.0 ,
15396.0 20051.0 608.0 108.0 Centialla.

13204.0 20151.0 180.0 100.0 HI1
13412.0 20176.0 28.0 88.0 ;
13572.0 20151.0 172.0 104.0 W.
13856.0 20151.0 116.0 104.0 F.
14096.0 20151.0 372.0 108.0 White
14472.0 20231.0 28.0 44.0 ,
14612.0 20160.0 360.0 116.0 Bairy
14980.0 20231.0 24.0 44.0 ,
15135.0 20164.0 180.0 100.0 111.
15348.0 20188.0 28.0 92.0 ;
15532.0 20164.0 480.0 108.0 Uichard

13199.0 20267.0 380.0 100.0 Bnike
13588.0 20343.0 24.0 40.0 ,
13731.0 20267.0 480.0 108.0 Keokuk
14219.0 20343.0 28.0 52.0 ,
14360.0 20271.0 156.0 104.0 la.
14552.0 20295.0 28.0 100.0 ;
14644.0 20275.0 112.0 104.0 J.
14832.0 20275.0 116.0 104.0 P.
15048.0 20279.0 516.0 104.0 Carleton
15584.0 20355.0 28.0 48.0 ,
15703.0 20283.0 316.0 108.0 Iowa

13208.0 20383.0 304.0 104.0 Falls
13520.0 20459.0 24.0 52.0 ,
13604.0 20383.0 156.0 108.0 la.

13535.0 20632.0 272.0 96.0 The
13883.0 20632.0 300.0 96.0 Iron
14264.0 20636.0 712.0 100.0 Mountain
15056.0 20640.0 628.0 108.0 Flooded.

13316.0 20767.0 192.0 104.0 ST.
13560.0 20767.0 388.0 108.0 LOIHI
13960.0 20847.0 20.0 48.0 ,
14032.0 20771.0 212.0 100.0 Mo.
14264.0 20843.0 24.0 52.0 ,
14340.0 20771.0 388.0 104.0 Maich
14816.0 20780.0 88.0 96.0 5.
15040.0 20784.0 112.0 96.0 A
15203.0 20784.0 48.0 92.0 (
15268.0 20780.0 756.0 108.0 ilohe-Demo-

13196.0 20911.0 240.0 100.0 crat
13499.0 20911.0 416.0 124.0 special
13984.0 20919.0 296.0 96.0 from
14360.0 20915.0 416.0 104.0 Desoto
14787.0 20991.0 20.0 44.0 ,
14864.0 20919.0 220.0 104.0 Mo.
15104.0 20995.0 24.0 48.0 ,
15184.0 20923.0 256.0 100.0 tolls
15483.0 20923.0 124.0 100.0 of
15667.0 20923.0 288.0 104.0 Hood

13199.0 21079.0 144.0 72.0 on
13400.0 21051.0 188.0 104.0 the
13639.0 21051.0 260.0 104.0 Iron
13960.0 21055.0 600.0 104.0 Mountain
14616.0 21059.0 468.0 120.0 railway
15135.0 21063.0 244.0 104.0 that
15447.0 21067.0 280.0 104.0 have
15780.0 21092.0 248.0 80.0 cov-

13199.0 21195.0 260.0 104.0 eicd
13511.0 21195.0 188.0 100.0 the
13748.0 21195.0 376.0 104.0 tiacKs
14176.0 21223.0 272.0 80.0 near
14496.0 21207.0 236.0 96.0 that
14787.0 21203.0 356.0 124.0 point.
15319.0 21207.0 244.0 100.0 Thn
15652.0 21211.0 332.0 100.0 south

13196.0 21311.0 388.0 100.0 bound
13740.0 21311.0 368.0 104.0 Texas
14256.0 21344.0 460.0 92.0 express
14848.0 21344.0 200.0 76.0 ran
15144.0 21324.0 160.0 100.0 off
15396.0 21328.0 188.0 100.0 the
15667.0 21328.0 352.0 104.0 tiack.

13196.0 21427.0 1028.0 116.0 Nothingdelinito
14316.0 21435.0 96.0 100.0 is
14496.0 21443.0 188.0 112.0 yet
14772.0 21431.0 460.0 112.0 known.
15400.0 21443.0 196.0 100.0 All
15664.0 21447.0 364.0 100.0 trains

13199.0 21572.0 184.0 76.0 me
13436.0 21543.0 260.0 104.0 held
13740.0 21543.0 292.0 108.0 heie.

13624.0 21788.0 276.0 96.0 The
13956.0 21792.0 472.0 96.0 Cotton
14488.0 21796.0 336.0 92.0 Seoil
14932.0 21800.0 204.0 92.0 Oil
15188.0 21800.0 388.0 96.0 Move
15580.0 21868.0 28.0 36.0 ,

13320.0 21899.0 576.0 104.0 Cmc.uio
13904.0 21975.0 24.0 40.0 ,
14028.0 21903.0 388.0 104.0 Maicli
14507.0 21907.0 88.0 100.0 5.
14728.0 21903.0 244.0 108.0 The
15099.0 21911.0 616.0 104.0 statement
15804.0 21944.0 232.0 76.0 was

13199.0 22039.0 452.0 124.0 printed
13700.0 22043.0 588.0 124.0 yesterday
14344.0 22043.0 224.0 104.0 and
14620.0 22047.0 372.0 124.0 to-day
15028.0 22055.0 112.0 96.0 to
15188.0 22051.0 188.0 104.0 the
15416.0 22059.0 328.0 104.0 ollect
15792.0 22059.0 192.0 100.0 tha

13199.0 22188.0 496.0 100.0 Armour
13740.0 22184.0 104.0 100.0 ifc
13948.0 22188.0 184.0 104.0 Co.
14207.0 22192.0 220.0 100.0 had
14536.0 22192.0 472.0 108.0 effected
15120.0 22223.0 68.0 76.0 a
15292.0 22199.0 744.0 124.0 compiomlse

13204.0 22324.0 272.0 104.0 with
13523.0 22332.0 188.0 96.0 the
13760.0 22328.0 320.0 104.0 other
14168.0 22332.0 408.0 104.0 Cotton
14671.0 22336.0 288.0 108.0 Seed
15052.0 22336.0 176.0 108.0 Oil
15319.0 22340.0 348.0 104.0 Trust
15747.0 22371.0 248.0 76.0 com-

13212.0 22492.0 304.0 100.0 pany
13564.0 22471.0 228.0 100.0 and
13859.0 22471.0 220.0 104.0 had
14171.0 22471.0 672.0 112.0 abandoned
14936.0 22480.0 188.0 104.0 the
15196.0 22480.0 264.0 124.0 plan
15575.0 22500.0 116.0 88.0 to
15776.0 22515.0 212.0 76.0 con-

13199.0 22591.0 360.0 96.0 struct
13668.0 22587.0 640.0 108.0 opposition
14427.0 22595.0 536.0 108.0 factories
15072.0 22599.0 680.0 120.0 throughout
15844.0 22607.0 192.0 100.0 the

13199.0 22703.0 376.0 100.0 f.outh.
13708.0 22712.0 100.0 92.0 A
13883.0 22712.0 900.0 116.0 representative
14872.0 22720.0 116.0 92.0 ot
15099.0 22720.0 444.0 100.0 Amour
15648.0 22724.0 100.0 96.0 Je
15840.0 22724.0 156.0 100.0 Co

13204.0 22819.0 496.0 108.0 to-night
13748.0 22819.0 512.0 104.0 dccliicd
14304.0 22823.0 312.0 104.0 there
14664.0 22851.0 232.0 80.0 was
14932.0 22855.0 148.0 72.0 no
15120.0 22835.0 304.0 100.0 truth
15464.0 22835.0 576.0 104.0 whatever

13208.0 22935.0 116.0 100.0 in
13388.0 22935.0 188.0 100.0 the
13627.0 22940.0 616.0 100.0 statement
14320.0 22940.0 228.0 100.0 and
14659.0 22944.0 248.0 100.0 that
15016.0 22944.0 188.0 104.0 the
15312.0 22971.0 256.0 80.0 new
15660.0 22952.0 376.0 104.0 works

13208.0 23051.0 368.0 104.0 would
13632.0 23051.0 128.0 100.0 be
13812.0 23051.0 284.0 104.0 built
14144.0 23055.0 112.0 100.0 In
14311.0 23059.0 192.0 96.0 the
14572.0 23055.0 452.0 108.0 vailous
15111.0 23067.0 548.0 100.0 southern
15712.0 23067.0 324.0 104.0 cities

13204.0 23195.0 124.0 76.0 as
13380.0 23176.0 232.0 96.0 lust
13668.0 23172.0 716.0 112.0 announced.

13400.0 23416.0 620.0 96.0 Crooked
14112.0 23416.0 548.0 116.0 Whisky
14775.0 23412.0 300.0 104.0 Men
15156.0 23424.0 688.0 104.0 Arrested.

13344.0 23551.0 580.0 104.0 CmcAoo
13928.0 23627.0 28.0 40.0 ,
14052.0 23551.0 388.0 104.0 Marcli
14524.0 23556.0 88.0 104.0 C.
14748.0 23551.0 300.0 112.0 John
15148.0 23560.0 236.0 104.0 Hill
15396.0 23636.0 28.0 44.0 ,
15527.0 23564.0 500.0 108.0 William

13216.0 23691.0 364.0 104.0 Tolan
13676.0 23691.0 228.0 104.0 and
13992.0 23695.0 376.0 104.0 Christ
14464.0 23695.0 388.0 108.0 Worth
14867.0 23771.0 24.0 48.0 ,
14976.0 23699.0 576.0 128.0 employes
15652.0 23707.0 116.0 100.0 in
15840.0 23707.0 196.0 104.0 the

13224.0 23835.0 400.0 104.0 Peoria
13668.0 23835.0 560.0 124.0 distillery
14276.0 23843.0 124.0 96.0 of
14444.0 23835.0 228.0 108.0 Xell
14688.0 23915.0 24.0 40.0 ,
14808.0 23839.0 796.0 112.0 Schwafacher
15648.0 23847.0 100.0 100.0 k
15800.0 23847.0 184.0 104.0 Co.

13212.0 23999.0 292.0 84.0 wore
13556.0 23975.0 252.0 104.0 held
13876.0 23979.0 116.0 100.0 to
14036.0 23979.0 192.0 104.0 the
14276.0 23979.0 428.0 104.0 federal
14748.0 23991.0 360.0 112.0 grand
15156.0 23983.0 260.0 124.0 Jury
15500.0 23991.0 144.0 116.0 by
15691.0 23991.0 268.0 104.0 Com-

13216.0 24119.0 604.0 104.0 missioner
13868.0 24119.0 416.0 128.0 Hoyno
14335.0 24123.0 112.0 104.0 In
14504.0 24123.0 360.0 108.0 bonds
14916.0 24131.0 112.0 96.0 ot
15080.0 24127.0 356.0 124.0 S'2,000
15480.0 24131.0 268.0 104.0 each
15759.0 24207.0 24.0 40.0 ,
15916.0 24135.0 112.0 100.0 A

13212.0 24264.0 228.0 100.0 few
13484.0 24260.0 284.0 128.0 days
13812.0 24291.0 212.0 92.0 ago
14072.0 24264.0 240.0 108.0 Hill
14364.0 24268.0 360.0 104.0 touud
14772.0 24291.0 64.0 80.0 a
14884.0 24268.0 356.0 104.0 barrel
15336.0 24268.0 244.0 108.0 half
15648.0 24272.0 216.0 108.0 lull
15911.0 24303.0 64.0 72.0 o

13216.0 24379.0 448.0 144.0 whisky
13712.0 24379.0 116.0 104.0 In
13924.0 24379.0 192.0 104.0 the
14207.0 24383.0 448.0 104.0 bonded
14744.0 24387.0 648.0 104.0 vvaiehoiiso
15471.0 24391.0 232.0 100.0 and
15795.0 24420.0 240.0 76.0 was

13212.0 24496.0 412.0 116.0 caught
13668.0 24500.0 536.0 116.0 carrying
14252.0 24500.0 468.0 104.0 buckets
14763.0 24503.0 124.0 100.0 of
14940.0 24503.0 444.0 128.0 whisky
15464.0 24511.0 288.0 96.0 1rom
15844.0 24511.0 192.0 100.0 the

13216.0 24611.0 412.0 108.0 cistern
13688.0 24640.0 304.0 76.0 room
14048.0 24619.0 228.0 100.0 and
14332.0 24615.0 360.0 120.0 tilling
14744.0 24619.0 116.0 108.0 It.
14952.0 24619.0 360.0 108.0 Tolan
15367.0 24623.0 228.0 104.0 and
15643.0 24623.0 304.0 108.0 Wort
15968.0 24631.0 24.0 96.0 !

13212.0 24755.0 296.0 80.0 went
13552.0 24735.0 460.0 120.0 picsent
14060.0 24735.0 116.0 100.0 at
14240.0 24735.0 188.0 100.0 the
14476.0 24735.0 304.0 104.0 time.

14028.0 25003.0 308.0 96.0 Fire
14427.0 25007.0 300.0 108.0 line
14792.0 25007.0 428.0 104.0 Work.

13328.0 25135.0 492.0 108.0 JEIISKV
13868.0 25139.0 308.0 104.0 CITY
14180.0 25215.0 24.0 48.0 ,
14264.0 25139.0 136.0 108.0 N.
14451.0 25143.0 108.0 104.0 J.
14576.0 25215.0 28.0 48.0 ,
14656.0 25143.0 388.0 104.0 March
15084.0 25151.0 104.0 104.0 5.
15328.0 25147.0 244.0 104.0 Thn
15640.0 25176.0 340.0 88.0 super-

13224.0 25283.0 600.0 104.0 intendent
13871.0 25283.0 120.0 104.0 of
14079.0 25283.0 188.0 104.0 the
14368.0 25283.0 404.0 128.0 Jersey
14879.0 25287.0 256.0 124.0 City
15203.0 25291.0 400.0 108.0 ferries
15648.0 25299.0 120.0 100.0 of
15816.0 25295.0 192.0 108.0 the

13220.0 25427.0 856.0 120.0 1'eiinsjlvanla
14120.0 25427.0 480.0 108.0 lallroad
14671.0 25431.0 232.0 108.0 tills
14992.0 25435.0 528.0 124.0 morning
15604.0 25439.0 368.0 108.0 discov-

13216.0 25572.0 260.0 104.0 ered
13556.0 25595.0 252.0 80.0 new
13880.0 25572.0 600.0 108.0 evidences
14548.0 25576.0 128.0 100.0 of
14716.0 25603.0 68.0 80.0 a
14832.0 25576.0 484.0 108.0 fiendish
15404.0 25580.0 476.0 128.0 attempt
15928.0 25583.0 116.0 104.0 to

13220.0 25687.0 280.0 104.0 burn
13560.0 25687.0 188.0 100.0 the
13792.0 25691.0 668.0 120.0 company's
14552.0 25695.0 300.0 120.0 terry
14944.0 25707.0 348.0 88.0 house
15360.0 25699.0 228.0 100.0 and
15660.0 25703.0 336.0 108.0 depot

13216.0 25804.0 248.0 104.0 The
13516.0 25804.0 848.0 124.0 Pennsylvania
14412.0 25808.0 480.0 108.0 railroad
14964.0 25831.0 564.0 100.0 company
15580.0 25815.0 196.0 100.0 lias
15819.0 25843.0 176.0 76.0 cm

13224.0 25919.0 404.0 124.0 ployed
13736.0 25947.0 68.0 76.0 a
13904.0 25947.0 300.0 100.0 gang
14308.0 25927.0 120.0 96.0 of
14536.0 25927.0 632.0 104.0 watchmen
15264.0 25935.0 112.0 96.0 to
15444.0 25931.0 360.0 120.0 patrol
15856.0 25935.0 116.0 104.0 th

13224.0 26040.0 372.0 108.0 wharf
13644.0 26040.0 316.0 100.0 fiont
14020.0 26040.0 224.0 124.0 day
14287.0 26040.0 228.0 104.0 and
14567.0 26043.0 360.0 120.0 night.

13752.0 26283.0 272.0 100.0 Tlio
14096.0 26283.0 532.0 100.0 Record
14704.0 26287.0 160.0 100.0 of
14944.0 26287.0 556.0 100.0 Striken.

13344.0 26424.0 308.0 108.0 Nr.w
13720.0 26420.0 372.0 108.0 Yonic
14096.0 26500.0 28.0 48.0 ,
14216.0 26420.0 384.0 108.0 Marcli
14647.0 26428.0 104.0 104.0 5.
14903.0 26428.0 20.0 128.0 (
14952.0 26428.0 440.0 128.0 Special
15452.0 26428.0 552.0 124.0 Telegrau

13228.0 26572.0 116.0 104.0 to
13392.0 26568.0 192.0 104.0 the
13632.0 26568.0 292.0 108.0 BCK.
13960.0 26568.0 20.0 124.0 |
14124.0 26568.0 704.0 112.0 Bradstrects
14916.0 26576.0 376.0 124.0 report
15416.0 26576.0 244.0 104.0 that
15703.0 26576.0 348.0 116.0 09,800

13228.0 26739.0 260.0 80.0 men
13540.0 26711.0 384.0 104.0 struck
14028.0 26711.0 312.0 108.0 work
14396.0 26711.0 112.0 108.0 in
14560.0 26715.0 516.0 124.0 January
15164.0 26715.0 228.0 104.0 and
15452.0 26715.0 560.0 124.0 February
16015.0 26791.0 28.0 44.0 ,

13232.0 26859.0 240.0 96.0 Ibb7
13480.0 26927.0 28.0 56.0 ,
13556.0 26855.0 452.0 124.0 ugahibt
14048.0 26859.0 348.0 120.0 .17,900
14484.0 26859.0 184.0 104.0 the
14744.0 26884.0 308.0 80.0 same
15099.0 26863.0 456.0 104.0 months
15604.0 26863.0 124.0 104.0 of
15780.0 26867.0 268.0 104.0 IbW.

13236.0 26999.0 156.0 104.0 Of
13436.0 27011.0 316.0 88.0 these
13800.0 27003.0 332.0 96.0 10.000
14176.0 27027.0 192.0 80.0 are
14412.0 26999.0 232.0 108.0 still
14736.0 27003.0 188.0 104.0 out
14932.0 27075.0 28.0 52.0 ,
15007.0 27003.0 340.0 128.0 2,5'J3
15072.0 27011.0 20.0 84.0 ;
15096.0 27007.0 32.0 92.0 )
15459.0 27032.0 256.0 84.0 uccc
15788.0 27007.0 224.0 104.0 siui
16024.0 27079.0 28.0 56.0 ,

13232.0 27120.0 224.0 104.0 and
13504.0 27123.0 340.0 132.0 50,777
13892.0 27120.0 392.0 108.0 failed.

13272.0 27459.0 44.0 40.0 .
13776.0 27331.0 432.0 136.0 Dentil
14256.0 27371.0 160.0 96.0 of
14468.0 27375.0 544.0 96.0 Colonel
15092.0 27375.0 420.0 96.0 Scott.

13380.0 27531.0 888.0 120.0 WASIU.SOTON
14276.0 27611.0 28.0 48.0 ,
14360.0 27535.0 128.0 108.0 D.
14588.0 27535.0 116.0 112.0 C.
14720.0 27607.0 24.0 52.0 ,
14840.0 27535.0 388.0 108.0 March
15312.0 27539.0 88.0 104.0 5.
15544.0 27535.0 528.0 108.0 Llenten-

13240.0 27699.0 208.0 100.0 ant
13520.0 27687.0 464.0 108.0 Colonel
14103.0 27683.0 128.0 108.0 H.
14348.0 27679.0 140.0 112.0 N.
14596.0 27679.0 316.0 108.0 Scott
14924.0 27755.0 24.0 52.0 ,
15060.0 27679.0 356.0 108.0 Thlid
15527.0 27679.0 500.0 124.0 artillery
16032.0 27751.0 28.0 52.0 ,

13240.0 27835.0 308.0 104.0 chief
13588.0 27835.0 124.0 100.0 of
13760.0 27831.0 188.0 104.0 the
13996.0 27827.0 688.0 136.0 publication
14736.0 27827.0 316.0 104.0 ofllce
15096.0 27827.0 124.0 104.0 of
15307.0 27851.0 228.0 76.0 war
15631.0 27823.0 440.0 104.0 recoids

13244.0 27960.0 120.0 96.0 of
13416.0 27955.0 184.0 104.0 the
13648.0 27931.0 536.0 124.0 rebellion
14204.0 28023.0 24.0 48.0 ,
14280.0 27947.0 260.0 104.0 died
14592.0 27955.0 112.0 96.0 at
14751.0 27943.0 184.0 112.0 his
14980.0 27939.0 576.0 108.0 residence
15640.0 27947.0 112.0 100.0 hi
15848.0 27943.0 224.0 104.0 this

13248.0 28071.0 224.0 128.0 city
13523.0 28071.0 856.0 108.0 UiidaUuinoou
14400.0 28139.0 28.0 56.0 ,
14476.0 28067.0 120.0 100.0 of
14671.0 28063.0 728.0 120.0 pucuuioiiU.
15652.0 28131.0 24.0 36.0 .
15759.0 28159.0 20.0 36.0 ,

16696.0 2640.0 780.0 104.0 1M.IIDONS
17555.0 2636.0 548.0 108.0 ACT11D
18176.0 2640.0 252.0 104.0 ON.

16164.0 2844.0 260.0 100.0 Tlio
16559.0 2844.0 724.0 108.0 President
17392.0 2856.0 500.0 92.0 Grunts
17888.0 2944.0 24.0 32.0 ,
18036.0 2848.0 544.0 100.0 Sovernl
18700.0 2836.0 272.0 104.0 nnd

17484.0 2992.0 336.0 116.0 Only
17880.0 3000.0 316.0 92.0 One.

17340.0 3128.0 388.0 112.0 March
17832.0 3136.0 92.0 100.0 5.
18060.0 3132.0 240.0 104.0 The
18391.0 3124.0 584.0 124.0 president

16220.0 3268.0 248.0 104.0 eted
16516.0 3296.0 144.0 80.0 on
16716.0 3304.0 60.0 72.0 n
16832.0 3272.0 304.0 108.0 largo
17187.0 3272.0 480.0 108.0 number
17707.0 3280.0 124.0 96.0 of
17884.0 3276.0 420.0 128.0 pardon
18360.0 3304.0 316.0 76.0 eases
18732.0 3300.0 244.0 100.0 jes-

16199.0 3408.0 388.0 132.0 uiday.
16732.0 3412.0 500.0 108.0 Noiman
17303.0 3416.0 132.0 104.0 H.
17523.0 3416.0 356.0 128.0 Camp
17888.0 3496.0 20.0 44.0 ,
18016.0 3420.0 252.0 104.0 who
18376.0 3444.0 232.0 76.0 was
18700.0 3440.0 280.0 80.0 con-

16228.0 3548.0 288.0 116.0 Icted
16636.0 3564.0 120.0 96.0 of
16848.0 3552.0 868.0 112.0 rmbc77lcmcnt
17808.0 3560.0 224.0 104.0 nnd
18144.0 3560.0 612.0 108.0 sentenced
18855.0 3548.0 112.0 112.0 In

16232.0 3720.0 432.0 104.0 anuary
16672.0 3772.0 28.0 48.0 ,
16748.0 3704.0 236.0 100.0 IbbO
16987.0 3776.0 20.0 40.0 ,
17068.0 3712.0 112.0 92.0 to
17231.0 3700.0 208.0 108.0 live
17484.0 3728.0 44.0 96.0 j
17564.0 3700.0 276.0 104.0 ears'
17896.0 3696.0 872.0 128.0 Imprisonment
18864.0 3700.0 116.0 104.0 at

16192.0 3836.0 232.0 108.0 iard
16479.0 3840.0 304.0 104.0 labor
16836.0 3840.0 108.0 108.0 in
16999.0 3840.0 192.0 108.0 the
17243.0 3840.0 596.0 112.0 territorial
17891.0 3844.0 380.0 120.0 piKoti
18367.0 3848.0 128.0 100.0 of
18587.0 3840.0 348.0 108.0 Idaho
18944.0 3916.0 24.0 52.0 ,

16228.0 3980.0 152.0 104.0 nd
16428.0 3984.0 112.0 108.0 to
16592.0 4008.0 212.0 100.0 pay
16856.0 4016.0 64.0 76.0 n
16972.0 3984.0 220.0 108.0 line
17240.0 3988.0 120.0 104.0 of
17463.0 3992.0 360.0 116.0 Sl.OOO
17912.0 3984.0 228.0 112.0 and
18251.0 3988.0 344.0 108.0 stand
18684.0 4012.0 292.0 84.0 com-

16228.0 4120.0 320.0 112.0 lilted
16595.0 4128.0 292.0 104.0 until
16943.0 4128.0 84.0 104.0 H
17076.0 4128.0 284.0 108.0 shall
17475.0 4132.0 132.0 108.0 be
17688.0 4128.0 256.0 132.0 paid
17960.0 4208.0 28.0 48.0 ,
18111.0 4132.0 188.0 104.0 the
18391.0 4128.0 584.0 120.0 pipsldent

16188.0 4292.0 28.0 92.0 ;
16232.0 4268.0 392.0 108.0 rantcd
16672.0 4300.0 64.0 76.0 n
16779.0 4268.0 428.0 132.0 pardon
17264.0 4272.0 112.0 104.0 In
17432.0 4264.0 228.0 116.0 this
17707.0 4304.0 256.0 80.0 case
18012.0 4304.0 144.0 76.0 on
18256.0 4276.0 192.0 104.0 the
18531.0 4276.0 440.0 120.0 ground

16211.0 4408.0 176.0 104.0 liat
16448.0 4408.0 308.0 112.0 there
16800.0 4444.0 188.0 76.0 are
17032.0 4444.0 336.0 96.0 grave
17416.0 4416.0 404.0 108.0 doubts
17868.0 4444.0 120.0 80.0 as
18040.0 4424.0 112.0 104.0 to
18200.0 4420.0 188.0 104.0 the
18483.0 4416.0 288.0 128.0 guilt
18852.0 4424.0 124.0 92.0 of

16211.0 4552.0 128.0 108.0 ho
16384.0 4555.0 484.0 112.0 convict.
17004.0 4564.0 108.0 100.0 A
17163.0 4564.0 424.0 124.0 pauton
17644.0 4588.0 232.0 80.0 was
17924.0 4560.0 240.0 108.0 also
18248.0 4555.0 480.0 136.0 granted
18852.0 4555.0 116.0 104.0 lu

16199.0 4696.0 140.0 104.0 ho
16384.0 4728.0 248.0 80.0 case
16675.0 4704.0 124.0 100.0 of
16848.0 4700.0 176.0 112.0 Ho
17076.0 4704.0 308.0 124.0 Ylng
17432.0 4708.0 228.0 104.0 and
17716.0 4704.0 176.0 108.0 Ho
17956.0 4704.0 328.0 116.0 Lunir
18296.0 4776.0 24.0 48.0 ,
18376.0 4700.0 252.0 108.0 who
18679.0 4728.0 288.0 80.0 wcie

16211.0 4844.0 524.0 112.0 onvlctcd
16788.0 4844.0 116.0 108.0 In
16955.0 4844.0 188.0 108.0 the
17187.0 4860.0 448.0 92.0 eastern
17688.0 4848.0 264.0 108.0 dish
17987.0 4848.0 148.0 108.0 let
18188.0 4856.0 120.0 96.0 of
18355.0 4844.0 600.0 108.0 Arkansas

16148.0 4984.0 128.0 104.0 of
16320.0 4980.0 552.0 128.0 violating
16919.0 4988.0 496.0 108.0 Internal
17528.0 5020.0 488.0 80.0 revenue
18103.0 5004.0 188.0 92.0 tax
18400.0 4988.0 228.0 112.0 and
18732.0 5016.0 248.0 76.0 sen-

16199.0 5124.0 348.0 112.0 cnced
16600.0 5136.0 112.0 96.0 to
16803.0 5132.0 348.0 124.0 thlity
17243.0 5136.0 316.0 116.0 days'
17651.0 5136.0 772.0 108.0 coullnement
18531.0 5132.0 228.0 108.0 and
18860.0 5144.0 116.0 96.0 to

16192.0 5296.0 180.0 96.0 iay
16464.0 5300.0 64.0 80.0 a
16636.0 5272.0 224.0 104.0 line
16955.0 5276.0 124.0 100.0 of
17180.0 5280.0 220.0 108.0 SKK
17400.0 5284.0 32.0 92.0 )
17451.0 5348.0 24.0 36.0 .
17651.0 5276.0 244.0 108.0 The
18036.0 5280.0 580.0 124.0 president
18727.0 5276.0 240.0 108.0 also

16188.0 5440.0 28.0 92.0 ;
16228.0 5416.0 396.0 104.0 iantod
16668.0 5448.0 64.0 72.0 n
16779.0 5416.0 428.0 128.0 pinion
17264.0 5420.0 112.0 104.0 In
17436.0 5420.0 188.0 104.0 the
17668.0 5448.0 256.0 80.0 cise
17975.0 5428.0 120.0 96.0 of
18140.0 5420.0 108.0 108.0 J.
18316.0 5420.0 160.0 108.0 W.
18536.0 5420.0 372.0 104.0 Alden
18932.0 5488.0 28.0 44.0 ,

16216.0 5555.0 520.0 112.0 omlcted
16779.0 5564.0 120.0 100.0 of
16952.0 5555.0 552.0 132.0 violating
17612.0 5568.0 188.0 104.0 the
17908.0 5564.0 360.0 128.0 postal
18364.0 5564.0 276.0 104.0 laws
18727.0 5559.0 228.0 108.0 and

16211.0 5700.0 1244.0 120.0 eiitenccdSeptember
17508.0 5711.0 108.0 96.0 10
17624.0 5784.0 20.0 44.0 ,
17707.0 5711.0 88.0 96.0 is
17796.0 5748.0 28.0 60.0 >
17832.0 5716.0 112.0 92.0 sf
17880.0 5724.0 28.0 80.0 (
17951.0 5784.0 24.0 44.0 ,
18088.0 5716.0 116.0 96.0 to
18292.0 5732.0 220.0 80.0 one
18592.0 5704.0 376.0 124.0 jicar's

16204.0 5840.0 824.0 128.0 mprlsoniueut
17115.0 5844.0 112.0 104.0 In
17332.0 5848.0 184.0 104.0 the
17644.0 5848.0 440.0 112.0 United
18188.0 5848.0 372.0 112.0 States
18671.0 5848.0 308.0 128.0 pent-

16208.0 5984.0 448.0 128.0 entlary
16764.0 5996.0 116.0 100.0 at
16976.0 5988.0 588.0 108.0 McNelll's
17659.0 5996.0 384.0 104.0 Island
18055.0 6072.0 28.0 44.0 ,
18212.0 5988.0 756.0 128.0 Washington

16204.0 6132.0 512.0 124.0 crrltory.
16883.0 6132.0 176.0 108.0 Hu
17187.0 6136.0 556.0 104.0 endorsed
17912.0 6140.0 188.0 100.0 the
18224.0 6136.0 684.0 128.0 application
18944.0 6160.0 24.0 80.0 :

16204.0 6272.0 528.0 108.0 'Oianted
16788.0 6300.0 296.0 100.0 upon
17139.0 6276.0 188.0 108.0 the
17368.0 6280.0 436.0 112.0 ground
17847.0 6284.0 244.0 104.0 that
18140.0 6280.0 384.0 128.0 owing
18575.0 6292.0 116.0 92.0 to
18787.0 6276.0 192.0 108.0 the

16232.0 6416.0 272.0 100.0 outh
16547.0 6416.0 124.0 104.0 of
16720.0 6420.0 184.0 104.0 the
16948.0 6444.0 264.0 80.0 coin
17248.0 6416.0 144.0 108.0 let
17436.0 6424.0 232.0 104.0 and
17784.0 6424.0 188.0 104.0 the
18088.0 6424.0 892.0 104.0 circumstances

16199.0 6559.0 80.0 100.0 if
16327.0 6559.0 184.0 104.0 the
16568.0 6588.0 252.0 80.0 case
16827.0 6639.0 24.0 44.0 ,
16916.0 6568.0 52.0 96.0 I
17016.0 6592.0 180.0 76.0 am
17236.0 6568.0 496.0 104.0 satisfied
17847.0 6568.0 236.0 104.0 that
18168.0 6568.0 192.0 104.0 the
18464.0 6572.0 288.0 100.0 ends
18860.0 6572.0 120.0 96.0 of

16216.0 6700.0 352.0 104.0 ustlco
16616.0 6704.0 224.0 104.0 will
16892.0 6711.0 132.0 96.0 bo
17068.0 6736.0 124.0 76.0 ns
17240.0 6708.0 248.0 104.0 well
17540.0 6711.0 612.0 104.0 subserved
18207.0 6715.0 140.0 116.0 by
18400.0 6711.0 184.0 104.0 thn
18676.0 6736.0 304.0 100.0 pun-

16204.0 6824.0 444.0 100.0 shnient
16699.0 6824.0 456.0 124.0 already
17200.0 6828.0 488.0 100.0 sutleicd
17740.0 6828.0 220.0 104.0 and
18016.0 6828.0 184.0 100.0 the
18248.0 6832.0 732.0 124.0 piospectsot

16211.0 6936.0 136.0 100.0 ho
16392.0 6940.0 216.0 116.0 boy
16651.0 6968.0 124.0 72.0 as
16824.0 6940.0 256.0 100.0 well
17127.0 6960.0 460.0 84.0 secured
17644.0 6952.0 132.0 104.0 by
17820.0 6943.0 192.0 104.0 the
18088.0 6943.0 892.0 112.0 Imprisonment

16167.0 7056.0 124.0 96.0 ot
16455.0 7060.0 176.0 96.0 six
16756.0 7056.0 456.0 104.0 months
17371.0 7060.0 456.0 120.0 already
17956.0 7064.0 488.0 100.0 sulleied
18572.0 7088.0 120.0 76.0 as
18860.0 7064.0 92.0 96.0 It

16180.0 7168.0 140.0 100.0 ho
16368.0 7196.0 292.0 76.0 wcie
16711.0 7168.0 388.0 116.0 longer
17139.0 7179.0 524.0 100.0 conlined
17716.0 7179.0 112.0 96.0 In
17903.0 7175.0 176.0 104.0 his
18147.0 7175.0 312.0 124.0 place
18560.0 7179.0 124.0 96.0 of
18792.0 7175.0 192.0 104.0 Im-

16199.0 7288.0 700.0 104.0 irlsoinnont.
16919.0 7292.0 64.0 52.0 "
17112.0 7292.0 460.0 104.0 Similar
17676.0 7288.0 376.0 108.0 action
18168.0 7320.0 232.0 76.0 was
18447.0 7296.0 344.0 100.0 taken
18852.0 7296.0 120.0 100.0 in

16211.0 7407.0 136.0 96.0 ho
16392.0 7432.0 256.0 76.0 case
16692.0 7411.0 124.0 96.0 of
16856.0 7407.0 428.0 124.0 Joseph
17335.0 7407.0 140.0 108.0 11.
17564.0 7407.0 372.0 108.0 Kvans
17948.0 7487.0 24.0 44.0 ,
18067.0 7411.0 252.0 100.0 who
18388.0 7436.0 228.0 80.0 was
18720.0 7436.0 264.0 80.0 con-

16199.0 7524.0 320.0 104.0 'Icted
16568.0 7524.0 124.0 96.0 of
16735.0 7536.0 604.0 112.0 polygamy
17404.0 7536.0 228.0 92.0 and
17736.0 7528.0 556.0 104.0 unlawful
18403.0 7528.0 556.0 108.0 cohabitn-

16228.0 7635.0 180.0 100.0 ion
16508.0 7635.0 228.0 108.0 and
16820.0 7643.0 608.0 104.0 sentenced
17540.0 7643.0 644.0 104.0 November
18280.0 7652.0 84.0 100.0 S.
18488.0 7652.0 216.0 92.0 1KM
18720.0 7719.0 20.0 48.0 ,
18860.0 7652.0 116.0 96.0 to

16196.0 7756.0 312.0 100.0 three
16552.0 7784.0 48.0 92.0 >
16628.0 7784.0 244.0 76.0 eus
16699.0 7788.0 20.0 72.0 ;
16919.0 7760.0 224.0 100.0 and
17192.0 7768.0 176.0 96.0 six
17416.0 7764.0 460.0 100.0 mouths
17939.0 7764.0 108.0 100.0 in
18108.0 7764.0 184.0 104.0 the
18355.0 7764.0 288.0 100.0 Utah
18700.0 7788.0 280.0 100.0 pen-

16204.0 7871.0 488.0 120.0 tontiary
16748.0 7880.0 224.0 96.0 and
17023.0 7884.0 108.0 96.0 to
17180.0 7904.0 216.0 92.0 pay
17439.0 7908.0 68.0 72.0 a
17555.0 7892.0 224.0 88.0 line
17823.0 7884.0 120.0 96.0 of
18064.0 7884.0 80.0 96.0 3.
18135.0 7884.0 36.0 24.0 "
18159.0 7920.0 20.0 52.0 >
18183.0 7888.0 88.0 100.0 0.
18343.0 7880.0 244.0 100.0 The
18635.0 7880.0 336.0 112.0 presl-

16204.0 7988.0 232.0 100.0 lent
16503.0 7988.0 548.0 108.0 endorsed
17136.0 7996.0 224.0 100.0 this
17439.0 7996.0 684.0 124.0 application
18239.0 8023.0 120.0 76.0 us
18468.0 7996.0 448.0 104.0 follows
18944.0 8020.0 24.0 80.0 :

16204.0 8103.0 564.0 104.0 'Granted.
16936.0 8107.0 244.0 104.0 This
17260.0 8116.0 448.0 100.0 convict
17780.0 8112.0 96.0 100.0 Is
17987.0 8116.0 388.0 120.0 noiuly
18480.0 8120.0 480.0 112.0 seventy

16235.0 8244.0 244.0 76.0 oais
16528.0 8224.0 184.0 100.0 old
16756.0 8228.0 228.0 100.0 anil
17035.0 8251.0 224.0 76.0 was
17296.0 8232.0 580.0 100.0 convicted
17920.0 8236.0 120.0 92.0 of
18091.0 8232.0 596.0 120.0 polvgamy
18736.0 8232.0 228.0 100.0 and

16199.0 8335.0 516.0 104.0 inlawful
16760.0 8339.0 788.0 108.0 cohabitation.
17688.0 8344.0 176.0 100.0 Ho
17912.0 8344.0 200.0 104.0 has
18159.0 8348.0 272.0 100.0 been
18531.0 8352.0 272.0 104.0 limn
18836.0 8352.0 136.0 96.0 Is-

16192.0 8452.0 260.0 100.0 med
16503.0 8472.0 308.0 84.0 more
16883.0 8456.0 268.0 104.0 than
17207.0 8468.0 224.0 92.0 two
17516.0 8483.0 324.0 112.0 years
17884.0 8464.0 224.0 100.0 anil
18164.0 8464.0 176.0 104.0 his
18388.0 8468.0 424.0 120.0 paulon
18872.0 8468.0 96.0 96.0 Is

16204.0 8563.0 372.0 124.0 irayed
16632.0 8576.0 180.0 96.0 tor
16848.0 8571.0 144.0 120.0 by
17040.0 8576.0 172.0 100.0 his
17260.0 8563.0 284.0 136.0 legal
17596.0 8580.0 300.0 104.0 wife.
18024.0 8580.0 472.0 120.0 Though
18552.0 8584.0 136.0 100.0 ho
18736.0 8608.0 76.0 76.0 vv
18848.0 8580.0 120.0 100.0 111

16199.0 8684.0 164.0 100.0 mt
16408.0 8688.0 488.0 116.0 promise
16943.0 8700.0 112.0 92.0 to
17100.0 8692.0 276.0 116.0 obey
17448.0 8692.0 192.0 100.0 the
17748.0 8696.0 216.0 100.0 law
18076.0 8696.0 444.0 112.0 against
18592.0 8696.0 336.0 120.0 polyg-

16160.0 8824.0 260.0 88.0 amy
16424.0 8871.0 28.0 40.0 ,
16503.0 8812.0 192.0 112.0 yet
16744.0 8808.0 48.0 96.0 1
16836.0 8832.0 180.0 76.0 am
17068.0 8808.0 700.0 104.0 determined
17816.0 8812.0 248.0 96.0 that
18147.0 8812.0 188.0 104.0 the
18427.0 8799.0 540.0 136.0 hardship

16160.0 8920.0 120.0 96.0 ot
16327.0 8920.0 176.0 100.0 his
16547.0 8947.0 252.0 76.0 ease
16848.0 8924.0 284.0 104.0 shall
17180.0 8928.0 192.0 96.0 not
17424.0 8924.0 132.0 100.0 bo
17600.0 8924.0 292.0 104.0 cited
17948.0 8932.0 112.0 96.0 to
18128.0 8928.0 312.0 104.0 show
18488.0 8932.0 244.0 100.0 that
18780.0 8928.0 188.0 104.0 the

16204.0 9064.0 20.0 84.0 ;
16235.0 9048.0 676.0 92.0 o\eminent
16960.0 9044.0 92.0 96.0 Is
17103.0 9040.0 492.0 104.0 Inclined
17651.0 9048.0 112.0 96.0 to
17811.0 9040.0 132.0 104.0 bo
17992.0 9040.0 616.0 108.0 vindictive
18659.0 9052.0 112.0 96.0 In
18831.0 9044.0 140.0 100.0 its

16184.0 9156.0 456.0 100.0 ittcmnt
16684.0 9164.0 112.0 88.0 to
16860.0 9156.0 544.0 124.0 extirpate
17487.0 9160.0 192.0 100.0 the
17784.0 9160.0 484.0 112.0 practice
18372.0 9164.0 124.0 96.0 of
18596.0 9160.0 376.0 120.0 poljg-

16167.0 9292.0 292.0 92.0 aiuy.
16476.0 9255.0 72.0 72.0 "
16672.0 9272.0 512.0 104.0 Pardons
17231.0 9300.0 292.0 76.0 weie
17576.0 9276.0 484.0 120.0 granted
18111.0 9284.0 116.0 92.0 to
18272.0 9276.0 188.0 104.0 the
18552.0 9276.0 428.0 100.0 follow-

16208.0 9404.0 148.0 96.0 ng
16384.0 9407.0 24.0 76.0 :
16600.0 9388.0 416.0 104.0 Alfiod
17228.0 9388.0 620.0 108.0 Kotherion
17864.0 9460.0 28.0 44.0 ,
18100.0 9392.0 592.0 108.0 convicted
18855.0 9396.0 124.0 96.0 of

16155.0 9500.0 664.0 124.0 conspiracy
16999.0 9512.0 112.0 100.0 to
17312.0 9516.0 236.0 96.0 cast
17772.0 9536.0 324.0 96.0 away
18316.0 9540.0 68.0 72.0 a
18604.0 9508.0 364.0 104.0 vessel

16192.0 9616.0 120.0 96.0 of
16436.0 9612.0 364.0 112.0 which
16924.0 9620.0 140.0 104.0 lie
17184.0 9647.0 232.0 80.0 was
17540.0 9632.0 416.0 92.0 master
18076.0 9620.0 224.0 108.0 and
18367.0 9624.0 608.0 104.0 sentenced

16199.0 9732.0 220.0 112.0 Hay
16460.0 9744.0 24.0 80.0 :
16491.0 9736.0 28.0 92.0 i
16528.0 9808.0 24.0 44.0 ,
16607.0 9740.0 228.0 96.0 IbbO
16839.0 9812.0 24.0 48.0 ,
16940.0 9744.0 116.0 96.0 to
17139.0 9764.0 220.0 76.0 one
17424.0 9740.0 364.0 120.0 year's
17880.0 9744.0 868.0 120.0 Imprisonment
18840.0 9740.0 112.0 100.0 In

16216.0 9848.0 136.0 100.0 ho
16419.0 9848.0 612.0 108.0 Biiltlmoie
17076.0 9852.0 200.0 124.0 jail
17328.0 9856.0 228.0 104.0 and
17603.0 9868.0 112.0 88.0 to
17764.0 9879.0 216.0 100.0 pay
18028.0 9888.0 64.0 72.0 n
18144.0 9860.0 216.0 100.0 line
18396.0 9860.0 120.0 96.0 of
18560.0 9860.0 352.0 116.0 31,000
18935.0 9879.0 32.0 96.0 ;

16184.0 9964.0 852.0 108.0 lames'Jordon
17052.0 10044.0 24.0 40.0 ,
17136.0 9972.0 536.0 100.0 violation
17743.0 9976.0 120.0 96.0 of
17956.0 9972.0 600.0 124.0 polygamy
18644.0 9976.0 272.0 100.0 laws
18944.0 9996.0 28.0 92.0 ;

16167.0 10080.0 268.0 104.0 Mrs.
16488.0 10080.0 524.0 108.0 Malnlna
17059.0 10076.0 428.0 124.0 Knight
17496.0 10164.0 28.0 40.0 ,
17627.0 10088.0 544.0 104.0 violation
18263.0 10096.0 124.0 96.0 of
18480.0 10080.0 492.0 112.0 fntcinal

16164.0 10220.0 488.0 84.0 revenue
16699.0 10204.0 276.0 104.0 laws
17023.0 10204.0 112.0 104.0 in
17192.0 10204.0 656.0 120.0 Kentucky.
18028.0 10212.0 108.0 96.0 A
18224.0 10208.0 424.0 120.0 pardon
18748.0 10232.0 228.0 76.0 was

16160.0 10320.0 476.0 104.0 giantcd
16716.0 10324.0 112.0 100.0 in
16924.0 10320.0 188.0 104.0 tlio
17196.0 10347.0 252.0 76.0 case
17535.0 10328.0 116.0 96.0 ot
17743.0 10324.0 328.0 104.0 Oseai
18168.0 10308.0 140.0 120.0 T.
18408.0 10324.0 516.0 104.0 Baldwin
18944.0 10396.0 24.0 48.0 ,

16164.0 10432.0 584.0 108.0 convicted
16820.0 10440.0 124.0 100.0 of
17047.0 10436.0 1080.0 128.0 misappropriating
18212.0 10444.0 308.0 100.0 bank
18620.0 10444.0 352.0 100.0 funds

16160.0 10548.0 228.0 100.0 and
16440.0 10556.0 424.0 100.0 makiiii
16864.0 10584.0 40.0 76.0 ;
16972.0 10556.0 288.0 104.0 false
17344.0 10563.0 424.0 96.0 entries
17832.0 10584.0 128.0 76.0 as
18043.0 10563.0 436.0 96.0 cashier
18584.0 10571.0 124.0 88.0 ot
18780.0 10560.0 188.0 96.0 the

16199.0 10664.0 604.0 108.0 Mechanics
16856.0 10668.0 332.0 104.0 Bank
17231.0 10676.0 124.0 96.0 of
17404.0 10672.0 484.0 104.0 Nevvaik
17900.0 10748.0 24.0 44.0 ,
17980.0 10672.0 140.0 104.0 N.
18171.0 10672.0 120.0 104.0 J.
18316.0 10748.0 24.0 44.0 ,
18396.0 10676.0 228.0 100.0 and
18715.0 10700.0 200.0 76.0 sen-

16160.0 10784.0 404.0 104.0 tenced
16604.0 10788.0 512.0 112.0 Januaiy
17151.0 10792.0 56.0 92.0 4
17219.0 10864.0 24.0 40.0 ,
17320.0 10792.0 228.0 96.0 ibSJ
17555.0 10864.0 24.0 44.0 ,
17676.0 10799.0 120.0 88.0 to
17884.0 10795.0 384.0 96.0 litteen
18360.0 10816.0 324.0 88.0 years
18780.0 10792.0 196.0 100.0 1m-

16160.0 10896.0 744.0 112.0 pilsonniPiit.
17032.0 10892.0 244.0 112.0 The
17380.0 10904.0 680.0 116.0 president's
18168.0 10904.0 808.0 104.0 eiidoiseiuent

16204.0 11035.0 188.0 80.0 vas
16419.0 11039.0 28.0 76.0 :
16552.0 11020.0 348.0 100.0 "This
16943.0 11024.0 452.0 100.0 convict
17439.0 11020.0 200.0 100.0 1ms
17704.0 11024.0 280.0 100.0 been
18036.0 11024.0 396.0 104.0 totally
18480.0 11020.0 488.0 104.0 lelleved

16223.0 11152.0 236.0 84.0 loin
16512.0 11128.0 872.0 128.0 imprisonment
17472.0 11160.0 304.0 84.0 upon
17859.0 11164.0 68.0 72.0 n
18019.0 11140.0 252.0 100.0 wilt
18352.0 11140.0 120.0 96.0 of
18563.0 11140.0 412.0 100.0 habeas

16199.0 11271.0 16.0 68.0 :
16228.0 11267.0 328.0 104.0 oipus
16604.0 11252.0 224.0 100.0 nnd
16876.0 11252.0 184.0 100.0 the
17108.0 11252.0 268.0 116.0 only
17424.0 11252.0 332.0 100.0 cited
17796.0 11259.0 116.0 88.0 ol
17968.0 11252.0 184.0 100.0 the
18200.0 11255.0 424.0 116.0 pardon
18720.0 11280.0 256.0 76.0 news

16211.0 11384.0 52.0 68.0 s
16312.0 11368.0 112.0 96.0 to
16472.0 11372.0 420.0 96.0 icstoio
16943.0 11368.0 224.0 100.0 him
17219.0 11372.0 116.0 96.0 to
17383.0 11364.0 176.0 104.0 his
17648.0 11368.0 360.0 116.0 rights
18120.0 11396.0 120.0 72.0 as
18348.0 11396.0 64.0 72.0 a
18516.0 11368.0 452.0 104.0 cltl/en.

16188.0 11472.0 260.0 112.0 1'lils
16479.0 11484.0 56.0 104.0 1
16580.0 11508.0 180.0 76.0 am
16812.0 11480.0 484.0 128.0 entiiely
17344.0 11480.0 436.0 120.0 willing
17823.0 11487.0 116.0 96.0 to
18024.0 11480.0 148.0 104.0 do
18263.0 11484.0 116.0 100.0 in
18476.0 11487.0 292.0 100.0 view
18855.0 11491.0 120.0 92.0 ol

16204.0 11600.0 144.0 100.0 its
16392.0 11600.0 548.0 116.0 standing
16984.0 11600.0 224.0 100.0 and
17300.0 11596.0 836.0 124.0 respectability
18204.0 11608.0 308.0 104.0 prior
18604.0 11608.0 116.0 92.0 to
18807.0 11600.0 172.0 100.0 his

16160.0 11716.0 636.0 104.0 conviction
16912.0 11719.0 228.0 100.0 and
17231.0 11712.0 116.0 104.0 In
17460.0 11719.0 188.0 100.0 the
17764.0 11712.0 340.0 104.0 belief
18207.0 11719.0 248.0 96.0 that
18540.0 11716.0 424.0 120.0 society

16172.0 11832.0 232.0 108.0 will
16687.0 11844.0 204.0 96.0 not
17160.0 11832.0 136.0 104.0 bo
17579.0 11828.0 452.0 124.0 Injured
18316.0 11832.0 144.0 120.0 by
18700.0 11844.0 272.0 88.0 sucli

16164.0 11944.0 700.0 112.0 restoration.
16992.0 11948.0 244.0 104.0 The
17279.0 11948.0 580.0 120.0 president
17912.0 11948.0 516.0 104.0 declined
18480.0 11951.0 116.0 96.0 to
18647.0 11948.0 336.0 104.0 inter-

16196.0 12100.0 12.0 68.0 :
16220.0 12092.0 180.0 80.0 cro
16452.0 12068.0 116.0 104.0 In
16619.0 12068.0 188.0 100.0 the
16892.0 12092.0 252.0 80.0 case
17207.0 12080.0 108.0 88.0 ot
17395.0 12068.0 460.0 104.0 Charles
17944.0 12068.0 120.0 100.0 C.
18123.0 12064.0 436.0 104.0 B.irnea
18568.0 12140.0 24.0 40.0 ,
18691.0 12064.0 280.0 104.0 alias

16167.0 12183.0 460.0 108.0 Chailcs
16735.0 12183.0 612.0 120.0 McGregor
17347.0 12256.0 28.0 40.0 ,
17475.0 12183.0 260.0 100.0 who
17840.0 12204.0 244.0 80.0 was
18176.0 12183.0 592.0 104.0 convicted
18860.0 12187.0 120.0 92.0 ot

16172.0 12300.0 460.0 124.0 poijury
16699.0 12304.0 228.0 100.0 and
17032.0 12304.0 616.0 100.0 sentenced
17752.0 12300.0 120.0 100.0 to
17975.0 12300.0 680.0 116.0 tlueoycais
18768.0 12300.0 216.0 100.0 im-

16208.0 12419.0 692.0 100.0 irlsoiiment
17011.0 12419.0 112.0 96.0 In
17175.0 12415.0 192.0 104.0 the
17475.0 12427.0 480.0 92.0 westoin
18016.0 12411.0 768.0 128.0 penitentiary
18864.0 12415.0 120.0 100.0 of

16196.0 12532.0 824.0 120.0 L'onnsylvania
17064.0 12540.0 228.0 96.0 and
17340.0 12540.0 112.0 96.0 to
17499.0 12556.0 216.0 100.0 pay
17760.0 12560.0 64.0 72.0 a
17871.0 12536.0 224.0 100.0 line
18180.0 12528.0 124.0 104.0 ot
18364.0 12536.0 284.0 104.0 Sioo.
18792.0 12532.0 172.0 100.0 Ho

16172.0 12647.0 552.0 108.0 endoised
16776.0 12655.0 184.0 96.0 the
16996.0 12651.0 684.0 124.0 application
17736.0 12655.0 300.0 96.0 fora
18108.0 12651.0 420.0 108.0 paulon
18580.0 12651.0 116.0 100.0 In
18760.0 12647.0 224.0 100.0 this

16164.0 12795.0 256.0 80.0 case
16464.0 12795.0 128.0 80.0 as
16640.0 12768.0 440.0 104.0 follows
17108.0 12795.0 28.0 76.0 :
17332.0 12768.0 548.0 100.0 "Denied.
18072.0 12764.0 280.0 104.0 This
18400.0 12792.0 256.0 76.0 man
18756.0 12792.0 228.0 76.0 was

16167.0 12891.0 608.0 96.0 sentenced
16824.0 12891.0 112.0 96.0 to
16987.0 12883.0 872.0 124.0 imprisonment
17932.0 12883.0 180.0 100.0 for
18200.0 12879.0 312.0 104.0 three
18599.0 12908.0 360.0 88.0 years.

16172.0 13004.0 176.0 100.0 Ho
16396.0 13004.0 200.0 104.0 has
16648.0 13008.0 204.0 96.0 not
16931.0 13008.0 188.0 112.0 yet
17200.0 13000.0 392.0 104.0 served
17695.0 13024.0 252.0 80.0 one.
18120.0 13000.0 240.0 104.0 The
18436.0 13000.0 344.0 104.0 cilmo
18855.0 13000.0 124.0 96.0 of

16192.0 13119.0 432.0 140.0 perjury
16672.0 13123.0 96.0 96.0 Is
16812.0 13144.0 124.0 76.0 so
17020.0 13115.0 428.0 104.0 hateful
17535.0 13115.0 228.0 104.0 nnd
17852.0 13144.0 128.0 76.0 so
18024.0 13111.0 636.0 112.0 dangerous
18748.0 13115.0 228.0 100.0 nnd

16192.0 13240.0 168.0 100.0 the
16400.0 13240.0 292.0 112.0 guilt
16735.0 13259.0 116.0 76.0 in
16904.0 13236.0 224.0 100.0 this
17175.0 13259.0 248.0 76.0 case
17472.0 13232.0 340.0 120.0 being
17891.0 13236.0 592.0 100.0 confessed
18500.0 13304.0 24.0 44.0 ,
18623.0 13236.0 52.0 96.0 1
18724.0 13259.0 208.0 76.0 can-

16172.0 13359.0 204.0 92.0 not
16419.0 13359.0 328.0 112.0 bring
16796.0 13376.0 184.0 100.0 my
17023.0 13351.0 320.0 100.0 mind
17392.0 13355.0 116.0 96.0 to
17548.0 13355.0 540.0 120.0 granting
18176.0 13380.0 64.0 76.0 a
18331.0 13351.0 428.0 124.0 paulon
18852.0 13376.0 116.0 76.0 in

16172.0 13476.0 228.0 96.0 this
16455.0 13495.0 288.0 80.0 case.
16756.0 13468.0 76.0 56.0 "

16880.0 13739.0 464.0 96.0 DEAD
17439.0 13735.0 844.0 100.0 OKAMVJS.

16196.0 13944.0 324.0 104.0 GOT.
16612.0 13944.0 480.0 96.0 Torres
17180.0 13940.0 508.0 96.0 Ordcrn
17755.0 13940.0 388.0 96.0 Ucnt
18144.0 14004.0 36.0 32.0 ,
18292.0 13936.0 700.0 100.0 Gtilttcrcz

16760.0 14076.0 940.0 100.0 Surrendered
17752.0 14084.0 168.0 112.0 by
17975.0 14080.0 452.0 96.0 Force.

17108.0 14212.0 300.0 108.0 ArU
17424.0 14288.0 28.0 44.0 ,
17632.0 14216.0 384.0 104.0 March
18188.0 14220.0 88.0 100.0 5.
18412.0 14216.0 584.0 108.0 Governor

16180.0 14359.0 408.0 104.0 Toireb
16600.0 14435.0 20.0 44.0 ,
16675.0 14363.0 124.0 96.0 of
16844.0 14359.0 428.0 104.0 Sonora
17288.0 14431.0 28.0 44.0 ,
17368.0 14355.0 444.0 108.0 Mexico
17816.0 14435.0 24.0 44.0 ,
17896.0 14355.0 232.0 104.0 and
18176.0 14359.0 268.0 104.0 staff
18447.0 14431.0 28.0 52.0 ,
18572.0 14388.0 376.0 76.0 accom-

16180.0 14499.0 420.0 128.0 panied
16720.0 14499.0 140.0 116.0 by
16972.0 14499.0 464.0 100.0 Colonel
17532.0 14499.0 512.0 104.0 Aivln/u
18060.0 14571.0 24.0 48.0 ,
18216.0 14499.0 440.0 104.0 ailived
18763.0 14503.0 232.0 100.0 this

16184.0 14640.0 872.0 120.0 moinlngfiom
17112.0 14640.0 720.0 104.0 Hermosillo.
17932.0 14640.0 1012.0 108.0 GovernorToires
18952.0 14720.0 24.0 44.0 ,

16180.0 14811.0 144.0 72.0 on
16375.0 14784.0 520.0 112.0 Icainlng
16952.0 14788.0 188.0 100.0 the
17184.0 14780.0 668.0 128.0 pattlculais
17956.0 14784.0 124.0 100.0 of
18176.0 14788.0 188.0 100.0 the
18471.0 14784.0 328.0 104.0 affair
18867.0 14792.0 120.0 96.0 ol

16180.0 14928.0 596.0 120.0 Thursday
16779.0 15000.0 24.0 44.0 ,
16919.0 14928.0 552.0 100.0 censured
17579.0 14924.0 188.0 104.0 tbo
17876.0 14924.0 520.0 108.0 Mexican
18548.0 14932.0 396.0 100.0 consul
18956.0 15004.0 24.0 48.0 ,

16180.0 15072.0 364.0 100.0 Scnor
16588.0 15068.0 492.0 104.0 Labadie
17088.0 15140.0 24.0 44.0 ,
17168.0 15068.0 112.0 100.0 in
17340.0 15068.0 752.0 104.0 unmeasured
18140.0 15076.0 340.0 96.0 terms
18563.0 15072.0 180.0 100.0 for
18792.0 15076.0 204.0 100.0 not

16180.0 15211.0 636.0 120.0 delivuiing
16868.0 15211.0 688.0 100.0 Lieutenant
17603.0 15216.0 564.0 100.0 Gultteie/
18183.0 15287.0 20.0 44.0 ,
18251.0 15216.0 252.0 100.0 who
18580.0 15216.0 172.0 104.0 led
18804.0 15216.0 188.0 104.0 tlio

16180.0 15351.0 480.0 108.0 soldiers
16756.0 15351.0 116.0 104.0 in
16928.0 15351.0 188.0 104.0 the
17163.0 15355.0 380.0 100.0 attacK
17600.0 15380.0 148.0 76.0 on
17799.0 15355.0 188.0 100.0 the
18079.0 15355.0 672.0 104.0 Americans
18760.0 15431.0 24.0 48.0 ,
18876.0 15363.0 116.0 96.0 to

16184.0 15495.0 188.0 104.0 the
16535.0 15495.0 604.0 104.0 Ameiican
17332.0 15495.0 668.0 108.0 authoiitics
18164.0 15499.0 812.0 124.0 Immediately.

16184.0 15636.0 456.0 108.0 Colonel
16696.0 15636.0 416.0 108.0 Aivl/u
17127.0 15712.0 24.0 48.0 ,
17212.0 15640.0 116.0 100.0 in
17428.0 15640.0 328.0 104.0 order
17868.0 15644.0 112.0 100.0 to
18088.0 15644.0 296.0 100.0 clear
18492.0 15644.0 460.0 104.0 himself
18959.0 15720.0 24.0 48.0 ,

16184.0 15776.0 364.0 108.0 stated
16600.0 15784.0 112.0 100.0 to
16756.0 15784.0 192.0 100.0 the
17032.0 15807.0 556.0 92.0 governor
17692.0 15784.0 244.0 104.0 that
18031.0 15784.0 188.0 100.0 the
18323.0 15780.0 672.0 108.0 Americans

16192.0 15924.0 288.0 76.0 were
16532.0 15899.0 112.0 100.0 In
16699.0 15899.0 288.0 100.0 limit
16992.0 15967.0 28.0 48.0 ,
17071.0 15903.0 680.0 120.0 whereupon
17868.0 15903.0 192.0 96.0 the
18156.0 15928.0 564.0 96.0 goveinor
18816.0 15932.0 136.0 72.0 ex-

16180.0 16016.0 480.0 100.0 claimed
16687.0 16039.0 28.0 76.0 :
16796.0 16016.0 312.0 100.0 "i'ho
17156.0 16020.0 680.0 96.0 Americans
17880.0 16043.0 188.0 76.0 aio
18120.0 16024.0 196.0 96.0 not
18427.0 16020.0 116.0 100.0 in
18659.0 16024.0 324.0 100.0 fault.

16184.0 16131.0 320.0 120.0 They
16556.0 16160.0 292.0 76.0 weio
16895.0 16139.0 200.0 100.0 not
17144.0 16131.0 112.0 100.0 in
17312.0 16131.0 444.0 100.0 Mexico
17808.0 16135.0 484.0 116.0 lighting
18340.0 16164.0 248.0 92.0 jou.
18652.0 16135.0 340.0 104.0 What

16192.0 16252.0 520.0 100.0 business
16796.0 16248.0 224.0 100.0 had
17103.0 16271.0 284.0 96.0 your
17487.0 16248.0 480.0 104.0 soldieis
18055.0 16252.0 112.0 100.0 In
18260.0 16256.0 188.0 96.0 the
18560.0 16252.0 428.0 104.0 United

16188.0 16367.0 372.0 104.0 States
16607.0 16363.0 376.0 104.0 armed
17032.0 16363.0 228.0 100.0 and
17312.0 16363.0 480.0 116.0 tiL'hting
17840.0 16371.0 188.0 96.0 the
18128.0 16363.0 424.0 112.0 United
18620.0 16376.0 376.0 100.0 States

16192.0 16484.0 696.0 100.0 authoilties.
16904.0 16480.0 64.0 56.0 "
17103.0 16488.0 588.0 96.0 Governor
17731.0 16480.0 404.0 108.0 Tones
18188.0 16488.0 92.0 100.0 Is
18352.0 16488.0 392.0 120.0 highly
18836.0 16488.0 156.0 100.0 In-

16184.0 16595.0 488.0 104.0 diinumt
16716.0 16612.0 116.0 88.0 at
16880.0 16599.0 184.0 100.0 the
17100.0 16599.0 368.0 100.0 action
17540.0 16604.0 124.0 96.0 of
17787.0 16599.0 188.0 104.0 the
18084.0 16604.0 276.0 100.0 locol
18471.0 16604.0 512.0 100.0 Mexican

16184.0 16716.0 708.0 100.0 authoiitles.
17052.0 16716.0 320.0 120.0 Upon
17548.0 16716.0 528.0 120.0 learning
18219.0 16720.0 244.0 100.0 that
18632.0 16723.0 364.0 100.0 Seuor

16196.0 16827.0 508.0 124.0 Yasques
16711.0 16903.0 24.0 48.0 ,
16791.0 16831.0 296.0 100.0 chief
17139.0 16836.0 124.0 96.0 of
17364.0 16831.0 188.0 100.0 tlio
17636.0 16836.0 520.0 100.0 Mexican
18272.0 16836.0 356.0 140.0 police
18635.0 16911.0 24.0 44.0 ,
18772.0 16840.0 220.0 100.0 had

16188.0 16948.0 280.0 100.0 been
16520.0 16948.0 520.0 104.0 removed
17092.0 16952.0 180.0 96.0 lor
17316.0 16952.0 512.0 100.0 letusiim
17920.0 16955.0 116.0 92.0 to
18144.0 16955.0 260.0 96.0 take
18512.0 16979.0 68.0 72.0 a
18684.0 16952.0 308.0 104.0 hand

16188.0 17063.0 448.0 100.0 airainst
16680.0 17063.0 188.0 100.0 the
16928.0 17063.0 672.0 104.0 Americans
17608.0 17139.0 24.0 44.0 ,
17740.0 17068.0 132.0 96.0 ho
17972.0 17068.0 760.0 120.0 immediately
18840.0 17100.0 160.0 72.0 le-

16192.0 17164.0 488.0 120.0 iiTstated
16732.0 17180.0 268.0 104.0 him.
17144.0 17180.0 172.0 100.0 Ho
17424.0 17207.0 232.0 76.0 was
17764.0 17184.0 472.0 100.0 oidered
18340.0 17191.0 116.0 92.0 to
18560.0 17191.0 264.0 96.0 take
18932.0 17215.0 68.0 76.0 a

16192.0 17300.0 304.0 96.0 force
16540.0 17300.0 120.0 96.0 of
16708.0 17320.0 252.0 76.0 men
17016.0 17300.0 112.0 96.0 to
17175.0 17324.0 388.0 76.0 secure
17668.0 17295.0 700.0 108.0 Lieutenant
18471.0 17300.0 528.0 104.0 Gutteiez

16188.0 17412.0 224.0 100.0 and
16464.0 17419.0 264.0 96.0 turn
16779.0 17412.0 232.0 100.0 him
17064.0 17439.0 264.0 76.0 over
17371.0 17423.0 112.0 92.0 to
17532.0 17416.0 192.0 100.0 the
17804.0 17416.0 432.0 104.0 United
18343.0 17419.0 376.0 100.0 States
18816.0 17447.0 188.0 76.0 an-

16188.0 17527.0 560.0 104.0 thoiltit's.
16883.0 17527.0 244.0 100.0 The
17187.0 17527.0 300.0 104.0 clilot
17600.0 17532.0 624.0 112.0 thereupon
18335.0 17536.0 664.0 116.0 dispatched

16184.0 17648.0 192.0 100.0 ten
16431.0 17671.0 256.0 80.0 men
16740.0 17671.0 140.0 72.0 on
16936.0 17648.0 616.0 104.0 horseback
17603.0 17648.0 288.0 104.0 fullv
17980.0 17659.0 384.0 96.0 aimed
18451.0 17659.0 116.0 96.0 to
18676.0 17679.0 328.0 80.0 scour

16184.0 17768.0 192.0 96.0 the
16408.0 17764.0 480.0 116.0 country
16936.0 17764.0 224.0 100.0 and
17212.0 17768.0 328.0 112.0 bring
17588.0 17768.0 528.0 100.0 Guttcici
18159.0 17768.0 288.0 104.0 dead
18495.0 17796.0 128.0 76.0 or
18671.0 17772.0 324.0 104.0 alive.

16180.0 17876.0 284.0 104.0 This
16476.0 17952.0 20.0 44.0 ,
16600.0 17883.0 88.0 96.0 It
16791.0 17883.0 96.0 96.0 is
16996.0 17879.0 496.0 104.0 believed
17504.0 17952.0 28.0 52.0 ,
17648.0 17883.0 232.0 100.0 will
17992.0 17891.0 468.0 108.0 pievent
18568.0 17891.0 440.0 100.0 further

16184.0 17996.0 468.0 108.0 trouble.

16756.0 18240.0 364.0 100.0 NEW
17219.0 18240.0 480.0 100.0 VOIIIC
17772.0 18244.0 660.0 104.0 STOCKS.

16192.0 18499.0 496.0 100.0 Cotton
16744.0 18499.0 340.0 96.0 Send
17144.0 18499.0 212.0 100.0 Oil
17451.0 18503.0 560.0 96.0 Creates
18128.0 18531.0 80.0 72.0 n
18299.0 18507.0 708.0 100.0 Sensation

17071.0 18648.0 132.0 92.0 fn
17255.0 18648.0 228.0 92.0 the
17540.0 18648.0 584.0 100.0 Market.

16304.0 18780.0 316.0 104.0 NKW
16744.0 18780.0 360.0 104.0 YOIIK
17112.0 18856.0 28.0 44.0 ,
17291.0 18784.0 392.0 100.0 Mnich
17828.0 18792.0 56.0 88.0 r
17908.0 18860.0 20.0 28.0 .
18084.0 18800.0 20.0 108.0 (
18135.0 18788.0 436.0 128.0 Special
18684.0 18792.0 276.0 104.0 Tele-

16188.0 18948.0 308.0 92.0 gram
16547.0 18928.0 116.0 96.0 to
16711.0 18924.0 188.0 100.0 the
16948.0 18924.0 352.0 124.0 Bnn.J
17439.0 18928.0 412.0 100.0 Cotton
17908.0 18932.0 260.0 100.0 seed
18207.0 18932.0 148.0 104.0 oil
18412.0 18936.0 600.0 104.0 furnished

16184.0 19092.0 64.0 76.0 a
16296.0 19063.0 584.0 100.0 sensation
16936.0 19063.0 112.0 100.0 in
17103.0 19063.0 188.0 100.0 the
17380.0 19067.0 316.0 100.0 stock
17808.0 19071.0 440.0 104.0 market
18355.0 19080.0 408.0 124.0 to-day.
18899.0 19080.0 112.0 104.0 It

16199.0 19232.0 220.0 76.0 was
16464.0 19227.0 300.0 100.0 icpoi
16796.0 19207.0 176.0 104.0 ted
17023.0 19203.0 244.0 104.0 that
17312.0 19211.0 144.0 96.0 Ai
17487.0 19232.0 320.0 80.0 mour
17852.0 19211.0 216.0 100.0 had
18152.0 19223.0 320.0 96.0 made
18519.0 19248.0 64.0 72.0 a
18696.0 19252.0 248.0 76.0 com-

16188.0 19347.0 488.0 112.0 promise
16767.0 19347.0 272.0 108.0 with
17156.0 19347.0 224.0 104.0 tills
17472.0 19379.0 560.0 100.0 company
18144.0 19359.0 228.0 104.0 and
18480.0 19363.0 248.0 104.0 that
18836.0 19367.0 176.0 104.0 his

16184.0 19492.0 448.0 104.0 scheme
16680.0 19496.0 112.0 96.0 to
16839.0 19492.0 160.0 104.0 foi
17032.0 19519.0 96.0 76.0 in
17180.0 19519.0 64.0 76.0 a
17288.0 19492.0 284.0 104.0 rival
17683.0 19523.0 560.0 100.0 company
18355.0 19507.0 228.0 104.0 and
18700.0 19507.0 312.0 108.0 build

16188.0 19636.0 304.0 104.0 mills
16540.0 19636.0 680.0 116.0 throughout
17272.0 19636.0 188.0 104.0 the
17504.0 19640.0 336.0 104.0 south
17956.0 19644.0 372.0 108.0 would
18459.0 19648.0 128.0 108.0 bo
18676.0 19651.0 288.0 108.0 aban

16188.0 19776.0 412.0 108.0 doned.
16732.0 19784.0 492.0 100.0 Armour
17272.0 19807.0 228.0 80.0 was
17608.0 19788.0 244.0 100.0 said
17968.0 19796.0 116.0 92.0 to
18188.0 19792.0 288.0 104.0 have
18568.0 19796.0 280.0 108.0 been
18947.0 19827.0 52.0 76.0 a

16192.0 19919.0 304.0 124.0 laigo
16571.0 19923.0 348.0 124.0 buyer
17011.0 19928.0 124.0 100.0 of
17267.0 19928.0 380.0 104.0 eotton
17748.0 19932.0 260.0 104.0 seed
18120.0 19936.0 152.0 108.0 oil
18379.0 19940.0 628.0 120.0 yesterday.

16188.0 20067.0 284.0 104.0 This
16520.0 20071.0 532.0 116.0 morning
17103.0 20067.0 88.0 104.0 it
17236.0 20071.0 432.0 124.0 opened
17768.0 20084.0 116.0 92.0 at
17984.0 20080.0 120.0 96.0 49
18212.0 20084.0 228.0 104.0 and
18552.0 20084.0 464.0 128.0 quickly

16192.0 20211.0 248.0 104.0 sold
16491.0 20231.0 152.0 96.0 up
16684.0 20211.0 104.0 124.0 4J
16912.0 20240.0 196.0 96.0 per
17151.0 20219.0 256.0 100.0 cent
17416.0 20291.0 24.0 48.0 ,
17499.0 20219.0 340.0 108.0 being
17888.0 20219.0 144.0 124.0 by
18132.0 20223.0 172.0 100.0 lar
18412.0 20227.0 188.0 104.0 the
18712.0 20256.0 304.0 80.0 more

16196.0 20351.0 356.0 108.0 active
16600.0 20359.0 488.0 124.0 security
17120.0 20355.0 300.0 108.0 dealt
17468.0 20359.0 156.0 108.0 in.
17755.0 20359.0 248.0 108.0 The
18052.0 20367.0 228.0 108.0 icst
18323.0 20371.0 120.0 100.0 ot
18495.0 20371.0 188.0 104.0 the
18736.0 20400.0 236.0 80.0 mar-

16199.0 20499.0 192.0 104.0 ket
16440.0 20523.0 228.0 80.0 was
16716.0 20499.0 376.0 104.0 rather
17132.0 20499.0 232.0 108.0 dull
17416.0 20507.0 228.0 104.0 and
17700.0 20507.0 360.0 124.0 heavy
18067.0 20583.0 24.0 52.0 ,
18168.0 20511.0 224.0 104.0 nnd
18444.0 20515.0 332.0 108.0 when
18828.0 20523.0 188.0 100.0 the

16199.0 20644.0 304.0 104.0 bank
16668.0 20648.0 608.0 104.0 statement
17284.0 20724.0 24.0 48.0 ,
17412.0 20652.0 528.0 120.0 showing
18108.0 20683.0 64.0 72.0 a
18256.0 20652.0 520.0 112.0 decrease
18899.0 20671.0 112.0 96.0 ol

16199.0 20788.0 64.0 104.0 &
16276.0 20788.0 500.0 124.0 2KH,000
16375.0 20796.0 20.0 84.0 ;
16824.0 20788.0 108.0 104.0 in
16984.0 20788.0 188.0 104.0 the
17219.0 20815.0 436.0 80.0 icserve
17659.0 20868.0 24.0 44.0 ,
17743.0 20823.0 228.0 76.0 was
18024.0 20796.0 588.0 108.0 published
18623.0 20876.0 24.0 48.0 ,
18708.0 20807.0 316.0 104.0 there

16199.0 20952.0 236.0 76.0 was
16479.0 20927.0 416.0 124.0 selling
16940.0 20932.0 452.0 120.0 nnoiigh
17439.0 20940.0 116.0 96.0 to
17608.0 20936.0 336.0 100.0 break
17992.0 20940.0 360.0 124.0 juices
18456.0 20940.0 344.0 108.0 about
18903.0 20952.0 120.0 116.0 y

16204.0 21096.0 192.0 84.0 per
16436.0 21075.0 292.0 96.0 cent.
16860.0 21071.0 240.0 100.0 The
17132.0 21075.0 608.0 104.0 continued
17780.0 21079.0 516.0 104.0 decrease
18340.0 21108.0 112.0 76.0 in
18492.0 21088.0 188.0 100.0 thn
18712.0 21092.0 308.0 100.0 bank

16204.0 21211.0 440.0 76.0 leseivo
16696.0 21191.0 196.0 96.0 has
16940.0 21191.0 360.0 112.0 begun
17356.0 21195.0 112.0 96.0 to
17532.0 21191.0 368.0 104.0 exclto
17980.0 21203.0 832.0 116.0 apprehension
18899.0 21211.0 124.0 96.0 of

16199.0 21303.0 296.0 116.0 tight
16547.0 21328.0 436.0 100.0 money.
17115.0 21303.0 240.0 104.0 The
17407.0 21311.0 508.0 100.0 heaviest
18000.0 21328.0 572.0 104.0 operators
18584.0 21392.0 24.0 48.0 ,
18727.0 21320.0 252.0 108.0 how-

16211.0 21443.0 264.0 76.0 ever
16479.0 21492.0 24.0 44.0 ,
16559.0 21443.0 292.0 76.0 weio
16895.0 21420.0 148.0 104.0 all
17096.0 21423.0 440.0 120.0 talking
17588.0 21427.0 400.0 100.0 bullish
18000.0 21503.0 24.0 44.0 ,
18103.0 21431.0 228.0 100.0 and
18420.0 21435.0 188.0 104.0 the
18696.0 21439.0 328.0 120.0 point

16208.0 21560.0 232.0 76.0 was
16491.0 21539.0 320.0 100.0 made
16864.0 21543.0 240.0 96.0 that
17148.0 21539.0 188.0 100.0 the
17419.0 21539.0 420.0 112.0 selling
17888.0 21552.0 116.0 92.0 ot
18096.0 21548.0 320.0 104.0 stock
18476.0 21579.0 232.0 76.0 was
18760.0 21579.0 256.0 80.0 now

16204.0 21648.0 404.0 108.0 almost
16656.0 21655.0 484.0 120.0 entliely
17184.0 21655.0 308.0 104.0 short
17540.0 21667.0 568.0 100.0 accounts.
18239.0 21663.0 112.0 112.0 S.
18415.0 21667.0 152.0 104.0 V.
18644.0 21667.0 376.0 108.0 Wliltu

16211.0 21792.0 232.0 80.0 was
16552.0 21800.0 64.0 72.0 a
16704.0 21771.0 308.0 124.0 quiet
17100.0 21775.0 344.0 104.0 buyer
17543.0 21780.0 128.0 96.0 of
17748.0 21780.0 284.0 104.0 New
18147.0 21780.0 528.0 124.0 England
18792.0 21796.0 228.0 100.0 and

16211.0 21884.0 836.0 112.0 Lackawanna.
17212.0 21891.0 372.0 104.0 There
17632.0 21919.0 296.0 80.0 weio
17972.0 21923.0 312.0 80.0 some
18331.0 21887.0 256.0 116.0 hear
18632.0 21907.0 384.0 124.0 points

16211.0 22028.0 144.0 72.0 on
16408.0 22007.0 236.0 100.0 coal
16699.0 22012.0 368.0 96.0 stocKs
17080.0 22083.0 20.0 44.0 ,
17156.0 22007.0 196.0 104.0 but
17392.0 22012.0 636.0 108.0 nodeclded
18067.0 22016.0 336.0 104.0 bleak
18447.0 22032.0 104.0 92.0 in
18604.0 22024.0 396.0 120.0 prhes.

16216.0 22115.0 812.0 124.0 Uepoitsliom
17120.0 22127.0 540.0 104.0 lallroads
17728.0 22135.0 684.0 116.0 thioiighout
18464.0 22143.0 184.0 96.0 the
18696.0 22168.0 284.0 80.0 coun

16211.0 22239.0 180.0 112.0 try
16479.0 22264.0 292.0 80.0 were
16851.0 22244.0 576.0 124.0 gcneially
17511.0 22248.0 124.0 100.0 of
17724.0 22279.0 64.0 72.0 a
17880.0 22275.0 268.0 100.0 veiy
18192.0 22252.0 412.0 108.0 bullish
18656.0 22268.0 352.0 100.0 tenor.

16208.0 22351.0 248.0 104.0 The
16540.0 22359.0 536.0 116.0 earnings
17163.0 22387.0 292.0 76.0 were
17523.0 22371.0 724.0 116.0 lepiesented
18340.0 22375.0 112.0 100.0 to
18519.0 22375.0 132.0 100.0 bo
18720.0 22379.0 308.0 108.0 laigo

16211.0 22488.0 228.0 88.0 and
16488.0 22471.0 524.0 104.0 business
17059.0 22480.0 356.0 120.0 heavy
17487.0 22484.0 452.0 116.0 enough
17992.0 22496.0 116.0 92.0 to
18195.0 22492.0 188.0 100.0 tax
18432.0 22492.0 188.0 100.0 the
18668.0 22496.0 308.0 104.0 facili

16216.0 22587.0 216.0 100.0 ties
16479.0 22595.0 172.0 92.0 tor
16732.0 22595.0 924.0 104.0 hanspoitatlon.
17792.0 22607.0 152.0 92.0 At
17995.0 22628.0 296.0 84.0 noon
18391.0 22607.0 188.0 104.0 the
18668.0 22611.0 360.0 104.0 whole

16216.0 22703.0 440.0 104.0 maiket
16708.0 22731.0 228.0 76.0 was
16980.0 22712.0 392.0 116.0 steady
17419.0 22716.0 108.0 100.0 at
17620.0 22716.0 344.0 104.0 about
18052.0 22724.0 500.0 120.0 opening
18599.0 22731.0 408.0 124.0 prices.

16216.0 22815.0 320.0 108.0 Sales
16600.0 22827.0 116.0 96.0 to
16784.0 22847.0 300.0 76.0 noon
17163.0 22851.0 284.0 80.0 weio
17535.0 22835.0 340.0 112.0 Wi.OOO
17944.0 22851.0 420.0 96.0 shares.
18504.0 22823.0 516.0 128.0 Wcstein

16216.0 22931.0 392.0 104.0 Union
16708.0 22963.0 228.0 76.0 was
17023.0 22940.0 576.0 112.0 advanced
17671.0 22960.0 116.0 92.0 to
17871.0 22956.0 120.0 96.0 70
18055.0 22979.0 144.0 80.0 on
18256.0 22983.0 64.0 76.0 a
18367.0 22971.0 372.0 108.0 icpoit
18787.0 22967.0 240.0 100.0 that

16216.0 23051.0 368.0 100.0 Gould
16675.0 23051.0 216.0 108.0 had
16984.0 23055.0 412.0 116.0 bought
17487.0 23092.0 64.0 72.0 u
17636.0 23071.0 696.0 116.0 continuing
18379.0 23075.0 472.0 108.0 Interest
18908.0 23079.0 112.0 104.0 in

16220.0 23168.0 188.0 100.0 the
16488.0 23168.0 616.0 108.0 Baltimore
17172.0 23180.0 92.0 96.0 it
17335.0 23180.0 292.0 104.0 Ohio
17712.0 23184.0 628.0 120.0 Telasuiph
18427.0 23219.0 592.0 100.0 company.

16211.0 23283.0 368.0 104.0 Theio
16628.0 23315.0 228.0 72.0 was
16900.0 23315.0 312.0 76.0 some
17255.0 23295.0 580.0 124.0 solllngof
17900.0 23307.0 380.0 96.0 stocks
18328.0 23332.0 140.0 76.0 on
18528.0 23311.0 496.0 120.0 political

16216.0 23404.0 492.0 100.0 tioubles
16796.0 23408.0 412.0 104.0 abroad
17316.0 23416.0 228.0 100.0 and
17683.0 23439.0 124.0 76.0 as
17920.0 23416.0 400.0 128.0 bu.vers
18427.0 23447.0 296.0 80.0 wern
18828.0 23435.0 204.0 92.0 not

16216.0 23519.0 540.0 116.0 plentiful
16820.0 23551.0 68.0 72.0 a
16952.0 23527.0 592.0 104.0 liactloual
17632.0 23531.0 444.0 104.0 decline
18140.0 23560.0 232.0 80.0 was
18459.0 23543.0 564.0 104.0 recorded.

16220.0 23632.0 336.0 108.0 Later
16559.0 23707.0 28.0 40.0 ,
16640.0 23636.0 524.0 108.0 however
17163.0 23716.0 28.0 44.0 ,
17243.0 23644.0 188.0 100.0 the
17520.0 23648.0 440.0 100.0 maiket
18055.0 23652.0 384.0 104.0 rallied
18540.0 23655.0 228.0 104.0 and
18840.0 23659.0 192.0 100.0 the

16211.0 23751.0 300.0 100.0 close
16564.0 23775.0 224.0 80.0 was
16836.0 23755.0 336.0 120.0 fairly
17219.0 23759.0 396.0 104.0 Kteadv
17707.0 23771.0 120.0 92.0 at
17912.0 23763.0 340.0 104.0 about
18340.0 23775.0 192.0 112.0 top
18628.0 23800.0 108.0 96.0 pi
18768.0 23771.0 252.0 104.0 Ices.

16211.0 23864.0 244.0 104.0 The
16503.0 23868.0 272.0 104.0 total
16820.0 23872.0 296.0 104.0 bales
17163.0 23899.0 284.0 76.0 weie
17496.0 23876.0 344.0 104.0 about
17891.0 23884.0 388.0 120.0 175,000
18320.0 23884.0 408.0 108.0 shaioi.

16760.0 24139.0 448.0 116.0 Houvy
17260.0 24143.0 392.0 96.0 Hnow
17692.0 24147.0 800.0 108.0 Jllockndps.

16332.0 24272.0 500.0 108.0 Bosio.v
16836.0 24348.0 28.0 44.0 ,
16980.0 24275.0 384.0 108.0 March
17472.0 24283.0 88.0 104.0 5.
17695.0 24287.0 108.0 100.0 A
17915.0 24291.0 420.0 108.0 special
18488.0 24299.0 288.0 100.0 liom
18867.0 24299.0 160.0 108.0 St.

16211.0 24412.0 304.0 104.0 John
16535.0 24488.0 20.0 52.0 ,
16616.0 24416.0 140.0 108.0 N.
16836.0 24416.0 124.0 108.0 B.
16976.0 24492.0 24.0 48.0 ,
17096.0 24424.0 120.0 100.0 to
17320.0 24420.0 192.0 108.0 the
17624.0 24424.0 424.0 112.0 Heiald
18156.0 24459.0 264.0 100.0 says
18447.0 24459.0 24.0 84.0 :
18604.0 24435.0 296.0 108.0 Such
18976.0 24471.0 68.0 76.0 a

16220.0 24555.0 576.0 108.0 universal
16851.0 24560.0 540.0 108.0 blockade
17436.0 24591.0 124.0 80.0 as
17608.0 24568.0 204.0 108.0 has
17859.0 24572.0 344.0 108.0 taken
18299.0 24576.0 312.0 124.0 place
18656.0 24607.0 144.0 76.0 on
18852.0 24583.0 192.0 104.0 the

16216.0 24695.0 284.0 108.0 New
16651.0 24703.0 672.0 108.0 Bimiswlck
17451.0 24711.0 528.0 124.0 railways
18096.0 24716.0 188.0 108.0 the
18388.0 24728.0 252.0 116.0 past
18732.0 24732.0 312.0 100.0 thico

16259.0 24819.0 592.0 104.0 veekshas
16936.0 24827.0 204.0 96.0 not
17228.0 24827.0 272.0 104.0 heen
17579.0 24831.0 428.0 104.0 known
18103.0 24843.0 184.0 104.0 lor
18391.0 24847.0 184.0 92.0 ten
18676.0 24868.0 356.0 92.0 jeats.

16220.0 24935.0 172.0 100.0 On
16503.0 24935.0 192.0 104.0 the
16791.0 24935.0 276.0 108.0 New
17175.0 24939.0 672.0 108.0 BtmibWlck
17980.0 24952.0 464.0 116.0 railway
18531.0 24960.0 504.0 104.0 between

16216.0 25051.0 424.0 104.0 Gibson
16656.0 25127.0 24.0 44.0 ,
16740.0 25051.0 680.0 108.0 Woodstock
17472.0 25063.0 228.0 104.0 and
17752.0 25063.0 340.0 104.0 Gieat
18188.0 25067.0 300.0 108.0 Falls
18543.0 25075.0 324.0 104.0 miles
18916.0 25079.0 124.0 96.0 of

16220.0 25171.0 312.0 104.0 track
16580.0 25171.0 280.0 104.0 have
16912.0 25171.0 272.0 104.0 been
17240.0 25176.0 388.0 108.0 burled
17724.0 25180.0 368.0 108.0 under
18171.0 25211.0 340.0 80.0 seven
18584.0 25199.0 236.0 100.0 leet
18923.0 25196.0 120.0 100.0 of

16216.0 25307.0 360.0 88.0 snow.

16756.0 25559.0 640.0 100.0 Strikers'
17484.0 25568.0 472.0 96.0 I'lnc.-H
18019.0 25572.0 480.0 104.0 Killed.

16344.0 25691.0 712.0 112.0 Pnrsnumi
17076.0 25771.0 24.0 56.0 ,
17200.0 25699.0 380.0 108.0 March
17668.0 25707.0 92.0 100.0 5.
17896.0 25703.0 244.0 108.0 The
18251.0 25711.0 376.0 120.0 places
18671.0 25715.0 124.0 100.0 of
18855.0 25720.0 196.0 104.0 the

16220.0 25835.0 472.0 108.0 shlkers
16740.0 25867.0 140.0 76.0 on
16936.0 25839.0 188.0 104.0 thn
17175.0 25843.0 396.0 104.0 Mount
17639.0 25847.0 528.0 108.0 Pleasant
18216.0 25851.0 420.0 108.0 blanch
18688.0 25859.0 124.0 100.0 of
18860.0 25855.0 192.0 108.0 the

16228.0 25952.0 612.0 108.0 Baltimore
16888.0 25960.0 100.0 96.0 &
17032.0 25960.0 292.0 104.0 Ohio
17368.0 25964.0 496.0 104.0 railroad
17915.0 25967.0 284.0 108.0 have
18248.0 25967.0 276.0 108.0 been
18580.0 25971.0 340.0 108.0 filled.

16668.0 26227.0 104.0 100.0 A
16827.0 26231.0 856.0 116.0 TavI'ayer'H
17740.0 26239.0 816.0 116.0 Coinplnint.

16344.0 26359.0 480.0 116.0 OMAUA
16839.0 26439.0 28.0 40.0 ,
16916.0 26363.0 388.0 112.0 Much
17352.0 26371.0 416.0 116.0 5,18S7.
17900.0 26371.0 172.0 108.0 To
18164.0 26375.0 188.0 108.0 the
18459.0 26375.0 364.0 108.0 editor
18928.0 26383.0 124.0 100.0 of

16228.0 26523.0 188.0 108.0 the
16467.0 26519.0 556.0 112.0 HKK--AS
17068.0 26543.0 68.0 76.0 a
17180.0 26515.0 544.0 124.0 taxpajer
17780.0 26515.0 32.0 104.0 1
17880.0 26515.0 368.0 108.0 would
18299.0 26519.0 212.0 104.0 call
18623.0 26523.0 192.0 104.0 tlio
18899.0 26531.0 112.0 96.0 at-

16228.0 26667.0 448.0 104.0 tention
16723.0 26656.0 128.0 108.0 of
16900.0 26659.0 184.0 104.0 the
17136.0 26659.0 336.0 100.0 board
17523.0 26659.0 120.0 100.0 of
17695.0 26659.0 396.0 108.0 Public
18147.0 26656.0 408.0 116.0 Woiks
18647.0 26671.0 112.0 96.0 to
18848.0 26667.0 192.0 104.0 the

16228.0 26804.0 592.0 116.0 condition
16856.0 26808.0 132.0 104.0 1n
17047.0 26795.0 356.0 112.0 which
17460.0 26800.0 580.0 108.0 Saunders
18100.0 26812.0 352.0 112.0 street
18500.0 26831.0 232.0 76.0 was
18807.0 26812.0 200.0 100.0 lett
19019.0 26884.0 28.0 48.0 ,

16235.0 26956.0 140.0 120.0 by
16424.0 26951.0 192.0 108.0 the
16663.0 26956.0 320.0 124.0 party
17040.0 26943.0 248.0 108.0 who
17376.0 26943.0 220.0 108.0 had
17692.0 26943.0 188.0 104.0 the
17956.0 26943.0 484.0 132.0 giading
18548.0 26947.0 508.0 108.0 contract

16235.0 27099.0 216.0 108.0 last
16503.0 27091.0 192.0 112.0 fall
16708.0 27167.0 28.0 48.0 ,
16788.0 27120.0 124.0 76.0 as
16960.0 27099.0 88.0 108.0 It
17100.0 27087.0 92.0 108.0 is
17236.0 27087.0 272.0 124.0 only
17555.0 27091.0 104.0 104.0 &t
17719.0 27087.0 188.0 108.0 the
17975.0 27087.0 240.0 108.0 risk
18287.0 27091.0 132.0 100.0 of
18507.0 27091.0 548.0 120.0 breaking

16235.0 27243.0 64.0 76.0 a
16348.0 27215.0 384.0 120.0 spring
16784.0 27211.0 240.0 104.0 that
17068.0 27235.0 220.0 76.0 one
17332.0 27211.0 268.0 100.0 dnre
17648.0 27207.0 316.0 108.0 drive
18052.0 27231.0 140.0 76.0 on
18311.0 27207.0 84.0 104.0 It
18507.0 27207.0 116.0 104.0 in
18744.0 27239.0 64.0 72.0 a
18879.0 27235.0 128.0 80.0 ve

16240.0 27331.0 336.0 108.0 hicle.
16708.0 27327.0 244.0 104.0 The
16996.0 27327.0 368.0 124.0 report
17407.0 27323.0 92.0 100.0 Is
17543.0 27323.0 604.0 124.0 circulated
18204.0 27319.0 240.0 108.0 that
18492.0 27327.0 188.0 100.0 thn
18715.0 27331.0 344.0 100.0 sheet

16244.0 27451.0 96.0 100.0 is
16392.0 27459.0 108.0 92.0 to
16552.0 27447.0 420.0 104.0 remain
17035.0 27443.0 112.0 104.0 in
17224.0 27443.0 140.0 104.0 Its
17436.0 27451.0 456.0 116.0 present
17960.0 27439.0 648.0 128.0 impassible
18652.0 27443.0 336.0 104.0 condi-

16244.0 27567.0 240.0 104.0 tion
16540.0 27563.0 144.0 100.0 all
16732.0 27583.0 524.0 80.0 summer.
17252.0 27643.0 16.0 12.0 .

16368.0 27683.0 168.0 104.0 As
16600.0 27679.0 184.0 104.0 the
16892.0 27675.0 268.0 108.0 time
17260.0 27675.0 92.0 104.0 Is
17463.0 27699.0 264.0 84.0 now
17835.0 27679.0 108.0 100.0 at
18055.0 27675.0 304.0 116.0 liund
18476.0 27675.0 320.0 116.0 when
18872.0 27675.0 184.0 104.0 the

16244.0 27795.0 480.0 128.0 grading
16767.0 27819.0 204.0 76.0 can
17052.0 27791.0 696.0 108.0 bo'tlnlshed.
17804.0 27791.0 44.0 104.0 1
17912.0 27804.0 284.0 92.0 tni't
18251.0 27795.0 184.0 100.0 the
18483.0 27799.0 340.0 100.0 bcuiil
18935.0 27795.0 112.0 100.0 tl

16252.0 27911.0 392.0 108.0 Public
16704.0 27911.0 388.0 104.0 worlii
17156.0 27911.0 212.0 104.0 wlS1
17432.0 27939.0 52.0 72.0 *
17668.0 27907.0 236.0 104.0 UlM
17963.0 27915.0 72.0 96.0 H
18144.0 27915.0 92.0 92.0 Jf
18328.0 27911.0 528.0 104.0 xiiemlv.
18952.0 27919.0 28.0 44.0 '
18959.0 27983.0 32.0 32.0 .

16247.0 28044.0 380.0 100.0 atouc
16636.0 28055.0 56.0 80.0 *
16699.0 28107.0 40.0 28.0 .
16788.0 28051.0 20.0 32.0 '
16800.0 28107.0 20.0 32.0 ,
16839.0 28103.0 20.0 28.0 .
17224.0 28135.0 24.0 20.0 .
17903.0 28135.0 24.0 20.0 .
18135.0 28019.0 60.0 108.0 r
18239.0 28063.0 36.0 68.0 >

19268.0 2636.0 240.0 240.0 HE
19640.0 2636.0 1160.0 244.0 SWALLOWED
20960.0 2648.0 116.0 232.0 A
21231.0 2644.0 692.0 244.0 LIZARD
21927.0 2824.0 44.0 68.0 ,

19256.0 3196.0 136.0 132.0 ho
19447.0 3196.0 464.0 168.0 Prompt
19988.0 3196.0 468.0 140.0 Arrival
20532.0 3216.0 132.0 124.0 of
20743.0 3256.0 72.0 84.0 a
20912.0 3212.0 416.0 132.0 Doctor
21376.0 3212.0 352.0 136.0 Saves
21784.0 3204.0 200.0 144.0 the

20088.0 3388.0 560.0 168.0 Roptilo's
20559.0 3388.0 24.0 64.0 '
20740.0 3396.0 292.0 132.0 Life.

19239.0 3836.0 16.0 48.0 i
19324.0 3780.0 312.0 112.0 DES
19703.0 3780.0 652.0 116.0 MOINES
20416.0 3784.0 800.0 116.0 WOMAN'S
21287.0 3788.0 688.0 124.0 MISHAP.

19188.0 4160.0 572.0 100.0 \ttlowa
19860.0 4160.0 568.0 104.0 rnrmcr
20528.0 4168.0 332.0 100.0 Kills
20943.0 4196.0 76.0 72.0 n
21115.0 4168.0 856.0 120.0 Nclghhorln

19491.0 4356.0 80.0 72.0 a
19684.0 4336.0 36.0 84.0 (
19732.0 4336.0 524.0 116.0 jnnrrol
20375.0 4344.0 356.0 92.0 Over
20815.0 4344.0 804.0 96.0 Cornstalks

19868.0 4504.0 72.0 92.0 'l
20100.0 4528.0 76.0 68.0 o
20232.0 4508.0 740.0 112.0 Dosiiernto
21052.0 4512.0 332.0 100.0 Ilnr-

19984.0 4672.0 368.0 124.0 glnrs
20407.0 4684.0 728.0 112.0 Cniiturcd.

19792.0 5036.0 104.0 96.0 A
19960.0 5028.0 340.0 128.0 Very
20359.0 5040.0 444.0 116.0 Lively
20864.0 5040.0 468.0 104.0 Drink.

19276.0 5164.0 252.0 112.0 Dr.s
19580.0 5164.0 528.0 116.0 MOI.NKS.
20175.0 5171.0 148.0 108.0 la.
20339.0 5247.0 24.0 44.0 ,
20419.0 5176.0 384.0 108.0 March
20852.0 5184.0 92.0 100.0 5.
21088.0 5184.0 24.0 124.0 (
21139.0 5180.0 440.0 128.0 Special
21652.0 5184.0 276.0 112.0 Tele
21935.0 5252.0 32.0 44.0 ,

19235.0 5340.0 228.0 80.0 ram
19508.0 5316.0 116.0 104.0 to
19672.0 5312.0 184.0 108.0 the
19916.0 5316.0 348.0 108.0 Bii.l
20064.0 5340.0 24.0 80.0 :
20151.0 5344.0 20.0 76.0 :
20404.0 5324.0 108.0 104.0 A
20564.0 5320.0 256.0 128.0 lady
20871.0 5320.0 512.0 128.0 residing
21415.0 5324.0 112.0 104.0 In
21576.0 5327.0 400.0 120.0 Soyas-

19203.0 5456.0 248.0 116.0 opol
19467.0 5532.0 20.0 40.0 ,
19544.0 5488.0 68.0 76.0 n
19655.0 5460.0 420.0 108.0 suburb
20124.0 5464.0 124.0 100.0 of
20296.0 5460.0 224.0 108.0 tills
20591.0 5464.0 228.0 128.0 city
20827.0 5540.0 24.0 40.0 ,
20948.0 5472.0 312.0 100.0 wont
21311.0 5476.0 112.0 100.0 to
21475.0 5468.0 188.0 108.0 the
21712.0 5472.0 260.0 108.0 well

19200.0 5604.0 168.0 100.0 ist
19411.0 5600.0 496.0 128.0 evening
19955.0 5612.0 296.0 100.0 after
20296.0 5608.0 280.0 104.0 daik
20627.0 5616.0 112.0 96.0 to
20815.0 5608.0 312.0 112.0 draw
21224.0 5644.0 64.0 76.0 a
21376.0 5612.0 404.0 112.0 bucket
21847.0 5620.0 128.0 104.0 ot

19196.0 5748.0 308.0 100.0 vater
19503.0 5816.0 28.0 44.0 ,
19587.0 5744.0 360.0 108.0 which
20000.0 5748.0 200.0 104.0 she
20243.0 5748.0 188.0 108.0 did
20448.0 5824.0 20.0 52.0 ,
20511.0 5752.0 224.0 104.0 and
20776.0 5752.0 340.0 124.0 being
21159.0 5756.0 404.0 128.0 thirsty
21596.0 5760.0 380.0 108.0 drank

19264.0 5884.0 568.0 128.0 dlppeifui
19884.0 5900.0 108.0 96.0 at
20044.0 5892.0 188.0 104.0 the
20324.0 5896.0 296.0 108.0 well.
20767.0 5892.0 128.0 112.0 In
20955.0 5900.0 712.0 124.0 swallowing
21751.0 5896.0 212.0 116.0 she

19212.0 6024.0 152.0 108.0 clt
19471.0 6032.0 644.0 120.0 something
20223.0 6040.0 484.0 104.0 unusual
20723.0 6116.0 24.0 32.0 ,
20883.0 6036.0 196.0 112.0 but
21224.0 6072.0 280.0 96.0 gave
21615.0 6044.0 88.0 108.0 It
21816.0 6072.0 164.0 84.0 no

19208.0 6171.0 424.0 124.0 bought
19676.0 6175.0 224.0 104.0 and
19955.0 6175.0 464.0 128.0 picking
20467.0 6208.0 148.0 104.0 up
20668.0 6184.0 192.0 104.0 her
20939.0 6188.0 408.0 108.0 bucket
21391.0 6188.0 200.0 108.0 she
21647.0 6196.0 312.0 104.0 went

19203.0 6320.0 200.0 100.0 nto
19452.0 6320.0 188.0 104.0 the
19687.0 6316.0 672.0 116.0 houseAt
20407.0 6331.0 184.0 96.0 the
20639.0 6352.0 412.0 104.0 supper
21120.0 6331.0 296.0 108.0 table
21504.0 6331.0 196.0 108.0 she
21751.0 6331.0 212.0 108.0 felt

19271.0 6456.0 480.0 124.0 tickling
19800.0 6468.0 588.0 104.0 sensation
20443.0 6468.0 116.0 104.0 In
20651.0 6472.0 192.0 100.0 her
20931.0 6472.0 372.0 104.0 throat
21347.0 6479.0 228.0 100.0 and
21664.0 6500.0 292.0 84.0 com-

19215.0 6604.0 408.0 104.0 iienccd
19676.0 6612.0 112.0 96.0 to
19839.0 6608.0 464.0 104.0 wonder
20356.0 6608.0 292.0 104.0 what
20707.0 6612.0 80.0 100.0 It
20844.0 6639.0 232.0 76.0 was
21124.0 6616.0 200.0 104.0 she
21371.0 6616.0 212.0 104.0 had
21639.0 6612.0 320.0 116.0 swal-

19200.0 6744.0 316.0 104.0 owed
19571.0 6744.0 328.0 104.0 while
19952.0 6752.0 108.0 104.0 at
20155.0 6748.0 188.0 104.0 the
20395.0 6752.0 284.0 104.0 well.
20811.0 6752.0 224.0 104.0 She
21132.0 6756.0 228.0 104.0 told
21456.0 6764.0 192.0 96.0 lur
21715.0 6760.0 256.0 104.0 lius-

19235.0 6860.0 220.0 100.0 aml
19508.0 6864.0 124.0 96.0 of
19676.0 6864.0 184.0 100.0 the
19911.0 6888.0 308.0 80.0 nccm
20252.0 6892.0 324.0 80.0 icncu
20663.0 6880.0 228.0 92.0 and
20968.0 6871.0 136.0 100.0 ho
21200.0 6871.0 768.0 128.0 Immediately

19212.0 7048.0 16.0 20.0 ,
19239.0 6984.0 108.0 92.0 nt
19404.0 6984.0 196.0 92.0 out
19648.0 6984.0 172.0 96.0 tor
19863.0 7008.0 64.0 72.0 a
19972.0 6976.0 388.0 108.0 doctor
20363.0 7052.0 24.0 44.0 ,
20448.0 6984.0 248.0 100.0 who
20764.0 7012.0 268.0 76.0 soon
21091.0 6992.0 432.0 100.0 arrived
21540.0 7064.0 24.0 40.0 ,
21623.0 6992.0 348.0 108.0 heard

19224.0 7092.0 124.0 100.0 lie
19396.0 7099.0 308.0 116.0 stoiy
19747.0 7096.0 224.0 100.0 and
20020.0 7099.0 620.0 104.0 concluded
20711.0 7103.0 196.0 100.0 she
21004.0 7108.0 216.0 100.0 had
21316.0 7088.0 652.0 124.0 swallowed

19220.0 7232.0 244.0 80.0 oiue
19515.0 7216.0 344.0 96.0 water
19904.0 7212.0 416.0 104.0 animal
20336.0 7288.0 20.0 52.0 ,
20419.0 7216.0 532.0 124.0 piobably
20987.0 7248.0 64.0 76.0 a
21100.0 7220.0 308.0 104.0 leech
21451.0 7251.0 124.0 72.0 or
21620.0 7224.0 336.0 108.0 snail.

19224.0 7324.0 112.0 100.0 IP
19384.0 7327.0 800.0 108.0 administered
20240.0 7360.0 64.0 72.0 a
20392.0 7340.0 544.0 112.0 powerful
21023.0 7340.0 412.0 104.0 emetic
21480.0 7344.0 224.0 100.0 and
21775.0 7344.0 196.0 104.0 the

19200.0 7448.0 216.0 116.0 ady
19464.0 7448.0 500.0 100.0 vomited
20015.0 7472.0 148.0 88.0 up
20211.0 7480.0 64.0 72.0 n
20324.0 7448.0 216.0 104.0 llvo
20588.0 7452.0 344.0 104.0 li/aul
20996.0 7452.0 344.0 108.0 about
21424.0 7480.0 224.0 80.0 ono
21731.0 7460.0 236.0 104.0 ami

19328.0 7559.0 236.0 100.0 hall
19676.0 7563.0 388.0 108.0 Inches
20168.0 7563.0 316.0 116.0 long.
20624.0 7567.0 224.0 104.0 Shu
20963.0 7596.0 228.0 80.0 was
21303.0 7584.0 192.0 96.0 not
21615.0 7576.0 356.0 104.0 reallv

19212.0 7680.0 584.0 116.0 nghtened
19952.0 7684.0 292.0 104.0 until
20351.0 7688.0 200.0 100.0 she
20660.0 7712.0 232.0 80.0 saw
20996.0 7696.0 192.0 96.0 the
21299.0 7692.0 672.0 112.0 long-tailed

19215.0 7800.0 432.0 100.0 icaturo
19699.0 7795.0 268.0 104.0 with
20027.0 7800.0 140.0 104.0 Its
20223.0 7804.0 276.0 100.0 head
20556.0 7804.0 376.0 104.0 reared
20984.0 7808.0 112.0 100.0 in
21156.0 7812.0 188.0 100.0 the
21436.0 7812.0 168.0 100.0 air
21692.0 7808.0 272.0 132.0 pad-

19235.0 7908.0 236.0 124.0 ling
19560.0 7916.0 336.0 100.0 about
19988.0 7912.0 112.0 108.0 In
20204.0 7920.0 184.0 100.0 the
20503.0 7928.0 304.0 100.0 wash
20919.0 7928.0 280.0 100.0 bowl
21212.0 7996.0 24.0 52.0 ,
21356.0 7928.0 332.0 104.0 when
21760.0 7928.0 204.0 104.0 she

19208.0 8027.0 420.0 108.0 ainted.

19392.0 8276.0 352.0 96.0 Iowa
19795.0 8284.0 648.0 96.0 Suiircmo
20496.0 8288.0 404.0 92.0 Court
20987.0 8288.0 728.0 104.0 Decisions.

19264.0 8411.0 256.0 104.0 Dis
19423.0 8440.0 28.0 80.0 :
19575.0 8415.0 476.0 104.0 MOINIS
19964.0 8440.0 24.0 80.0 ;
20059.0 8491.0 24.0 48.0 ,
20143.0 8415.0 156.0 108.0 In.
20320.0 8491.0 24.0 52.0 ,
20404.0 8420.0 384.0 104.0 March
20832.0 8428.0 88.0 100.0 5.
21071.0 8428.0 24.0 116.0 (
21115.0 8424.0 444.0 124.0 Special
21652.0 8424.0 316.0 112.0 Tele-

19227.0 8580.0 232.0 80.0 ram
19508.0 8567.0 116.0 92.0 to
19672.0 8559.0 184.0 104.0 the
19907.0 8559.0 348.0 128.0 Br.n.J
20395.0 8559.0 244.0 108.0 The
20731.0 8592.0 516.0 92.0 supreme
21311.0 8576.0 324.0 96.0 court
21719.0 8592.0 252.0 84.0 ren-

19227.0 8700.0 260.0 104.0 ercd
19532.0 8704.0 184.0 100.0 the
19764.0 8700.0 596.0 112.0 following
20428.0 8704.0 568.0 108.0 decisions
21043.0 8712.0 268.0 100.0 hero
21359.0 8712.0 376.0 124.0 to-day
21772.0 8736.0 24.0 80.0 :

19268.0 8840.0 124.0 104.0 L.
19491.0 8840.0 136.0 108.0 E.
19687.0 8844.0 440.0 108.0 Uussell
20143.0 8924.0 28.0 40.0 ,
20259.0 8848.0 568.0 128.0 appellant
20844.0 8928.0 24.0 44.0 ,
20927.0 8875.0 124.0 80.0 vs
21096.0 8852.0 364.0 104.0 Cedar
21543.0 8852.0 420.0 132.0 Haplds

19220.0 8980.0 548.0 88.0 nsiiiancc
19807.0 8988.0 564.0 100.0 company
20375.0 9040.0 24.0 52.0 ,
20484.0 8968.0 624.0 104.0 Uumboldt
21192.0 8972.0 428.0 108.0 clicuit.
21755.0 8972.0 216.0 108.0 Be-

19224.0 9076.0 392.0 100.0 ersed.

19268.0 9187.0 304.0 104.0 John
19640.0 9192.0 112.0 104.0 P.
19812.0 9192.0 280.0 108.0 Kirk
20128.0 9224.0 120.0 76.0 vs
20284.0 9196.0 460.0 108.0 Charles
20784.0 9200.0 468.0 108.0 Lltlerst
21255.0 9276.0 28.0 52.0 ,
21340.0 9204.0 588.0 124.0 appellant
21932.0 9272.0 32.0 64.0 ,

19227.0 9308.0 8.0 84.0 !
19247.0 9335.0 180.0 72.0 ass
19471.0 9308.0 472.0 104.0 district.
20071.0 9316.0 580.0 104.0 Afliuucd.

19271.0 9419.0 512.0 112.0 Sullivan
19839.0 9428.0 484.0 116.0 Savings
20375.0 9436.0 636.0 100.0 institution
21067.0 9464.0 128.0 76.0 vs
21263.0 9436.0 308.0 104.0 John
21632.0 9440.0 340.0 120.0 Cope-

19200.0 9540.0 220.0 100.0 ind
19471.0 9544.0 224.0 100.0 and
19747.0 9548.0 136.0 96.0 A.
19952.0 9544.0 28.0 100.0 1
20000.0 9548.0 32.0 96.0 !
20047.0 9616.0 20.0 28.0 .
20128.0 9548.0 452.0 104.0 Biewer
20583.0 9620.0 24.0 52.0 ,
20695.0 9548.0 636.0 128.0 appellants
21340.0 9628.0 24.0 48.0 ,
21427.0 9552.0 544.0 108.0 Fremont

19224.0 9651.0 352.0 108.0 Ircuit.
19708.0 9660.0 580.0 104.0 Aflhmed.

19271.0 9772.0 324.0 112.0 Mary
19640.0 9776.0 140.0 100.0 A.
19832.0 9780.0 684.0 120.0 Armstrong
20559.0 9803.0 128.0 76.0 vs
20743.0 9780.0 796.0 124.0 Incoiporntod
21588.0 9784.0 372.0 108.0 Town

19208.0 9888.0 72.0 96.0 if
19343.0 9888.0 436.0 124.0 Ackluy
19788.0 9964.0 24.0 44.0 ,
19868.0 9896.0 636.0 124.0 appellants
20511.0 9968.0 28.0 52.0 ,
20615.0 9896.0 220.0 104.0 Hat
20864.0 9900.0 196.0 100.0 din
21144.0 9900.0 480.0 108.0 district.
21760.0 9904.0 212.0 104.0 Ke-

19227.0 10012.0 312.0 96.0 crsed
19556.0 10076.0 24.0 40.0 ,

19264.0 10120.0 312.0 104.0 .lohn
19624.0 10128.0 140.0 100.0 A.
19815.0 10124.0 676.0 108.0 McFailand
20511.0 10204.0 16.0 40.0 ,
20583.0 10132.0 572.0 136.0 appellant
21168.0 10208.0 24.0 40.0 ,
21248.0 10160.0 132.0 84.0 vs
21487.0 10132.0 484.0 112.0 Belinda

19212.0 10236.0 28.0 100.0 :
19259.0 10240.0 188.0 100.0 ilot
19459.0 10316.0 24.0 40.0 ,
19536.0 10244.0 252.0 100.0 etal
19803.0 10316.0 24.0 48.0 ,
19896.0 10244.0 380.0 104.0 lloouo
20339.0 10236.0 432.0 116.0 ciicult.
20904.0 10252.0 576.0 104.0 Alllimod.

19268.0 10356.0 456.0 104.0 Uariiet
19824.0 10360.0 124.0 104.0 E.
20068.0 10364.0 516.0 104.0 Atwood.
20699.0 10368.0 580.0 120.0 appellant
21279.0 10444.0 28.0 40.0 ,
21412.0 10396.0 124.0 76.0 vs
21620.0 10368.0 104.0 108.0 1.
21804.0 10368.0 148.0 108.0 R.

19203.0 10472.0 356.0 104.0 Jrottii
19676.0 10480.0 228.0 100.0 and
20012.0 10480.0 376.0 104.0 others
20395.0 10552.0 24.0 40.0 ,
20532.0 10480.0 472.0 104.0 Momoo
21112.0 10487.0 428.0 100.0 circuit
21755.0 10491.0 212.0 100.0 At-

19232.0 10596.0 336.0 100.0 rmej.

19268.0 10704.0 696.0 128.0 Eikenborry
20076.0 10712.0 96.0 100.0 &
20259.0 10712.0 200.0 100.0 Co.
20568.0 10716.0 480.0 104.0 vs.l.A.
21139.0 10716.0 548.0 108.0 Edwards
21700.0 10792.0 24.0 52.0 ,
21775.0 10744.0 188.0 80.0 an-

19208.0 10824.0 364.0 100.0 icllant
19580.0 10900.0 28.0 40.0 ,
19660.0 10828.0 1168.0 116.0 Appanoosodlstilct
20827.0 10904.0 32.0 32.0 ,
20996.0 10836.0 588.0 104.0 Afhrmed.

19264.0 10940.0 120.0 104.0 J.
19508.0 10944.0 120.0 96.0 F.
19756.0 10944.0 304.0 124.0 King
20064.0 11016.0 24.0 36.0 ,
20163.0 10947.0 576.0 128.0 appellant
20748.0 11020.0 24.0 48.0 ,
20868.0 10972.0 128.0 76.0 vs
21043.0 10947.0 88.0 104.0 1.
21180.0 10951.0 108.0 104.0 J.
21356.0 10951.0 560.0 104.0 Williams
21924.0 11024.0 28.0 52.0 ,

19208.0 11056.0 32.0 52.0 >
19247.0 11084.0 204.0 84.0 agu
19496.0 11060.0 468.0 100.0 district.
20092.0 11064.0 92.0 96.0 A
20211.0 11064.0 456.0 100.0 tunned.

19271.0 11176.0 464.0 100.0 Buidett
19747.0 11248.0 24.0 36.0 ,
19827.0 11172.0 368.0 108.0 Smith
20271.0 11183.0 76.0 88.0 t
20392.0 11179.0 184.0 100.0 Co.
20591.0 11248.0 28.0 48.0 ,
20672.0 11176.0 636.0 124.0 appellants
21320.0 11255.0 24.0 48.0 ,
21400.0 11208.0 128.0 76.0 vs
21584.0 11179.0 164.0 108.0 W.
21804.0 11183.0 144.0 108.0 A.

19212.0 11288.0 668.0 100.0 Yoodwotth
19991.0 11288.0 100.0 100.0 &
20199.0 11292.0 184.0 100.0 Co.
20404.0 11360.0 24.0 48.0 ,
20540.0 11308.0 112.0 84.0 et
20755.0 11284.0 140.0 112.0 al.
20912.0 11364.0 24.0 48.0 ,
21052.0 11300.0 228.0 96.0 and
21371.0 11296.0 584.0 116.0 Michigan

19179.0 11404.0 440.0 112.0 Storage
19699.0 11427.0 560.0 96.0 company
20264.0 11476.0 28.0 44.0 ,
20375.0 11404.0 576.0 124.0 appellant
20963.0 11476.0 28.0 56.0 ,
21091.0 11436.0 128.0 80.0 vs
21275.0 11436.0 308.0 76.0 same
21591.0 11487.0 24.0 44.0 ,
21676.0 11411.0 304.0 124.0 Page

19224.0 11520.0 356.0 100.0 Ircuit.
19728.0 11520.0 580.0 104.0 Alliimcd.

19280.0 11640.0 312.0 100.0 State
19676.0 11659.0 140.0 76.0 ex
19907.0 11632.0 148.0 104.0 id
20071.0 11708.0 24.0 44.0 ,
20187.0 11643.0 452.0 96.0 etcvs
20687.0 11640.0 136.0 100.0 A.
20880.0 11636.0 140.0 104.0 H.
21084.0 11640.0 416.0 104.0 Botkln
21519.0 11712.0 24.0 52.0 ,
21603.0 11643.0 376.0 120.0 appol-

19200.0 11760.0 200.0 96.0 ant
19408.0 11824.0 24.0 40.0 ,
19548.0 11752.0 284.0 100.0 Polk
19943.0 11752.0 472.0 104.0 district.
20556.0 11752.0 700.0 124.0 Proceeding
21323.0 11756.0 144.0 120.0 by
21567.0 11760.0 416.0 104.0 habeas

19224.0 11891.0 336.0 100.0 orpus
19568.0 11944.0 24.0 36.0 ,
19652.0 11868.0 116.0 104.0 F.
19815.0 11868.0 112.0 100.0 .1.
19991.0 11864.0 212.0 108.0 Ket
20243.0 11868.0 328.0 104.0 nolds
20663.0 11871.0 336.0 116.0 being
21091.0 11871.0 520.0 116.0 plalntitl.
21748.0 11875.0 236.0 104.0 Ke-

19235.0 11988.0 364.0 100.0 crsed.
19780.0 11984.0 584.0 108.0 Kevnolds
20452.0 12012.0 228.0 80.0 was
20767.0 11988.0 592.0 104.0 convicted
21444.0 12000.0 124.0 96.0 of
21632.0 11992.0 348.0 124.0 being

19215.0 12100.0 304.0 104.0 ound
19575.0 12103.0 112.0 100.0 In
19788.0 12132.0 64.0 72.0 a
19896.0 12103.0 628.0 140.0 dlsoiderly
20595.0 12103.0 376.0 104.0 house.
21103.0 12107.0 280.0 100.0 This
21475.0 12132.0 504.0 80.0 reverses

19215.0 12220.0 136.0 100.0 ho
19435.0 12220.0 500.0 104.0 decision
19988.0 12224.0 112.0 96.0 ol
20180.0 12220.0 188.0 100.0 the
20455.0 12220.0 352.0 104.0 lower
20839.0 12232.0 320.0 92.0 court
21204.0 12224.0 252.0 100.0 that
21519.0 12228.0 188.0 96.0 the
21760.0 12228.0 216.0 104.0 law

19160.0 12332.0 652.0 112.0 prohlbitlm
19812.0 12364.0 40.0 76.0 :
19899.0 12360.0 472.0 100.0 persons
20419.0 12339.0 288.0 100.0 fiom
20788.0 12339.0 340.0 120.0 being
21175.0 12339.0 356.0 104.0 lotind
21591.0 12343.0 112.0 100.0 In
21755.0 12339.0 232.0 108.0 dls-
22075.0 12411.0 32.0 24.0 .
22120.0 12431.0 12.0 24.0 .

19196.0 12452.0 404.0 100.0 mlcrlv
19691.0 12452.0 408.0 108.0 houecs
20151.0 12480.0 228.0 76.0 was
20428.0 12452.0 252.0 104.0 void
20764.0 12456.0 468.0 104.0 because
21284.0 12460.0 88.0 96.0 It
21415.0 12464.0 204.0 116.0 put
21668.0 12484.0 308.0 92.0 upon

19215.0 12567.0 132.0 100.0 lit
19396.0 12571.0 632.0 100.0 defendant
20076.0 12571.0 188.0 100.0 the
20312.0 12571.0 428.0 100.0 bttiden
20823.0 12579.0 120.0 92.0 of
21011.0 12575.0 484.0 120.0 piovlng
21543.0 12575.0 244.0 104.0 that
21831.0 12575.0 148.0 104.0 he

19208.0 12712.0 188.0 76.0 vas
19440.0 12688.0 308.0 100.0 theio
19795.0 12696.0 156.0 88.0 lei
20015.0 12716.0 68.0 72.0 a
20131.0 12688.0 388.0 100.0 lawful
20571.0 12712.0 512.0 100.0 purpose.

19280.0 12803.0 312.0 100.0 State
19699.0 12828.0 128.0 76.0 vs
19931.0 12803.0 416.0 104.0 Kobett
20452.0 12807.0 484.0 100.0 Stovvait
20939.0 12879.0 28.0 48.0 ,
21079.0 12807.0 584.0 124.0 appellant
21671.0 12879.0 24.0 48.0 ,
21799.0 12807.0 184.0 108.0 six

19179.0 12944.0 288.0 76.0 Mses
19556.0 12920.0 360.0 104.0 under
19996.0 12944.0 308.0 80.0 same
20392.0 12920.0 248.0 104.0 title
20648.0 12996.0 24.0 44.0 ,
20723.0 12928.0 692.0 120.0 Appanooso
21487.0 12928.0 476.0 104.0 distilct.

19200.0 13035.0 224.0 100.0 Vllii
19459.0 13035.0 280.0 104.0 med.

19280.0 13152.0 304.0 104.0 Allio
19687.0 13152.0 152.0 104.0 M.
19955.0 13148.0 320.0 112.0 Stahl
20324.0 13180.0 128.0 76.0 vs
20535.0 13156.0 296.0 104.0 Alex
20895.0 13156.0 400.0 104.0 Hrown
21316.0 13232.0 24.0 48.0 ,
21427.0 13160.0 552.0 104.0 admlnls-

19215.0 13275.0 296.0 96.0 later
19515.0 13343.0 24.0 40.0 ,
19595.0 13267.0 644.0 108.0 atutotheiB
20247.0 13347.0 24.0 48.0 ,
20324.0 13275.0 636.0 120.0 appellants
20972.0 13347.0 24.0 48.0 ,
21071.0 13271.0 416.0 128.0 Jasper
21528.0 13275.0 440.0 108.0 chcuit.

19224.0 13388.0 532.0 104.0 teveised.
20603.0 13532.0 44.0 8.0 _

19568.0 13632.0 104.0 100.0 A
19747.0 13632.0 444.0 100.0 Miner
20259.0 13632.0 620.0 116.0 Tlorrlhly
20960.0 13632.0 600.0 120.0 Injured.

19283.0 13772.0 256.0 100.0 DES
19580.0 13768.0 492.0 116.0 MOINIS
19972.0 13796.0 28.0 80.0 :
20083.0 13844.0 20.0 48.0 ,
20163.0 13768.0 148.0 104.0 la.
20332.0 13840.0 28.0 52.0 ,
20407.0 13772.0 396.0 104.0 March
20864.0 13776.0 92.0 96.0 5.
21103.0 13772.0 36.0 112.0 [
21147.0 13772.0 448.0 124.0 Special
21676.0 13768.0 280.0 116.0 Tele-

19167.0 13936.0 312.0 88.0 gram
19604.0 13928.0 116.0 84.0 to
19839.0 13908.0 196.0 108.0 the
20119.0 13908.0 300.0 104.0 BEE.
20436.0 13912.0 40.0 124.0 ]
20612.0 13916.0 456.0 120.0 August
21192.0 13916.0 560.0 108.0 Swnnson
21768.0 13988.0 28.0 44.0 ,
21924.0 13944.0 76.0 80.0 a

19212.0 14051.0 328.0 100.0 ulner
19580.0 14047.0 524.0 124.0 working
20192.0 14051.0 116.0 104.0 In
20363.0 14051.0 640.0 104.0 Bedhead's
21091.0 14056.0 312.0 104.0 mine
21407.0 14131.0 28.0 44.0 ,
21487.0 14084.0 236.0 76.0 was
21792.0 14060.0 168.0 104.0 ter-

19172.0 14191.0 288.0 116.0 ribly
19508.0 14191.0 452.0 124.0 Injured
20056.0 14191.0 228.0 104.0 this
20375.0 14216.0 304.0 80.0 noon
20776.0 14195.0 144.0 120.0 by
20963.0 14224.0 64.0 76.0 a
21076.0 14195.0 328.0 112.0 blast.
21536.0 14199.0 180.0 100.0 Ho
21760.0 14224.0 240.0 84.0 was

19176.0 14336.0 520.0 124.0 woiklng
19744.0 14336.0 108.0 100.0 In
19907.0 14339.0 388.0 104.0 onoof
20392.0 14336.0 184.0 108.0 the
20627.0 14363.0 368.0 76.0 rooms
21043.0 14339.0 228.0 100.0 and
21367.0 14339.0 348.0 104.0 asked
21775.0 14368.0 224.0 80.0 ono

19167.0 14484.0 116.0 92.0 ot
19336.0 14476.0 184.0 104.0 tlio
19568.0 14480.0 320.0 100.0 other
19935.0 14480.0 424.0 100.0 mineis
20412.0 14480.0 96.0 100.0 If
20571.0 14480.0 140.0 100.0 he
20764.0 14480.0 544.0 104.0 Intended
21359.0 14488.0 116.0 96.0 to
21523.0 14491.0 328.0 96.0 make
21915.0 14511.0 76.0 80.0 a

19203.0 14644.0 28.0 72.0 >
19244.0 14616.0 244.0 104.0 last.
19619.0 14616.0 620.0 124.0 1'ecelvlng
20284.0 14647.0 64.0 72.0 a
20400.0 14620.0 524.0 104.0 negative
21004.0 14644.0 456.0 84.0 answer
21460.0 14700.0 28.0 48.0 ,
21548.0 14628.0 136.0 100.0 lie
21727.0 14647.0 212.0 84.0 con-

19164.0 14760.0 396.0 100.0 tinued
19676.0 14760.0 176.0 104.0 his
19943.0 14756.0 476.0 124.0 dlgclng
20424.0 14836.0 28.0 44.0 ,
20571.0 14764.0 324.0 100.0 when
21011.0 14768.0 564.0 140.0 suddenly
21623.0 14796.0 68.0 76.0 n
21755.0 14768.0 240.0 104.0 ills-

19164.0 14879.0 404.0 116.0 chaige
19616.0 14903.0 312.0 76.0 came
19972.0 14879.0 232.0 100.0 and
20255.0 14879.0 184.0 100.0 tlio
20511.0 14879.0 636.0 104.0 frairmunts
21231.0 14887.0 120.0 96.0 ot
21463.0 14883.0 192.0 100.0 the
21739.0 14887.0 252.0 100.0 coal

19167.0 14975.0 384.0 120.0 struck
19595.0 14996.0 552.0 100.0 Swansou
20163.0 15068.0 24.0 48.0 ,
20247.0 14996.0 332.0 100.0 break
20603.0 15000.0 196.0 100.0 hie
20852.0 15000.0 172.0 100.0 his
21091.0 15024.0 236.0 80.0 aim
21383.0 15004.0 224.0 100.0 and
21659.0 15004.0 340.0 108.0 fiact-

19208.0 15111.0 716.0 108.0 irlngonool
20008.0 15111.0 180.0 100.0 his
20252.0 15111.0 328.0 100.0 limbs
20591.0 15187.0 24.0 40.0 ,
20672.0 15115.0 364.0 100.0 which
21132.0 15144.0 232.0 76.0 was
21448.0 15127.0 192.0 92.0 cut
21715.0 15119.0 144.0 124.0 by
21924.0 15144.0 72.0 80.0 a

19196.0 15228.0 308.0 120.0 iliaip
19551.0 15232.0 308.0 120.0 piece
19863.0 15304.0 24.0 40.0 ,
19948.0 15232.0 464.0 112.0 making
20460.0 15260.0 64.0 72.0 a
20568.0 15228.0 304.0 104.0 slash
20951.0 15236.0 284.0 96.0 Irom
21332.0 15232.0 192.0 104.0 the
21615.0 15236.0 196.0 124.0 hip
21876.0 15240.0 120.0 100.0 tow

19184.0 15423.0 24.0 20.0 ,
19224.0 15343.0 136.0 100.0 \w
19224.0 15343.0 24.0 96.0 \
19408.0 15343.0 336.0 100.0 knee.
19880.0 15343.0 244.0 104.0 The
20172.0 15347.0 360.0 116.0 patrol
20588.0 15372.0 388.0 92.0 wagon
21076.0 15347.0 232.0 104.0 and
21352.0 15347.0 228.0 124.0 city
21627.0 15351.0 328.0 120.0 physi-

19164.0 15464.0 256.0 100.0 cian
19479.0 15488.0 284.0 76.0 weie
19807.0 15464.0 668.0 100.0 summoned
20523.0 15464.0 228.0 104.0 and
20808.0 15468.0 188.0 100.0 the
21043.0 15491.0 264.0 76.0 man
21364.0 15491.0 232.0 76.0 was
21644.0 15468.0 356.0 108.0 taken

19196.0 15604.0 88.0 72.0 .o
19336.0 15579.0 172.0 100.0 his
19595.0 15579.0 324.0 100.0 home
19928.0 15651.0 28.0 44.0 ,
20003.0 15583.0 180.0 92.0 Ol'J
20128.0 15583.0 16.0 52.0 '
20232.0 15579.0 276.0 100.0 East
20556.0 15579.0 440.0 104.0 Second
21088.0 15587.0 384.0 96.0 sheet.
21611.0 15583.0 392.0 104.0 Swan-

19167.0 15720.0 204.0 76.0 sun
19428.0 15700.0 92.0 96.0 is
19568.0 15700.0 692.0 104.0 twetitv-livo
20303.0 15723.0 328.0 92.0 ycais
20680.0 15704.0 184.0 96.0 old
20955.0 15704.0 228.0 96.0 and
21279.0 15704.0 692.0 104.0 nnmariied.

19179.0 15807.0 212.0 104.0 His
19479.0 15811.0 480.0 120.0 Injmles
20047.0 15836.0 188.0 76.0 aio
20320.0 15815.0 432.0 100.0 soiioiis
20760.0 15887.0 28.0 48.0 ,
20868.0 15815.0 196.0 100.0 but
21151.0 15815.0 512.0 100.0 whether
21727.0 15819.0 276.0 120.0 they

19200.0 15952.0 160.0 76.0 ire
19408.0 15928.0 276.0 100.0 fatal
19732.0 15932.0 424.0 100.0 cannot
20199.0 15928.0 132.0 100.0 bo
20380.0 15928.0 748.0 108.0 deteimined.
21212.0 15932.0 112.0 104.0 It
21367.0 15936.0 92.0 100.0 is
21516.0 15936.0 488.0 124.0 thought

19215.0 16072.0 96.0 76.0 le
19363.0 16043.0 96.0 100.0 is
19512.0 16043.0 452.0 124.0 injured
20035.0 16047.0 652.0 124.0 Internally.

19928.0 16320.0 104.0 96.0 A
20116.0 16316.0 384.0 96.0 Fntnl
20600.0 16320.0 624.0 116.0 Quarrel.

19292.0 16452.0 252.0 104.0 Dns
19607.0 16452.0 492.0 108.0 MOINKS
20112.0 16523.0 24.0 48.0 ,
20199.0 16452.0 152.0 104.0 la.
20375.0 16528.0 24.0 44.0 ,
20452.0 16452.0 384.0 108.0 March
20883.0 16460.0 100.0 104.0 5.
21144.0 16468.0 36.0 112.0 [
21192.0 16456.0 440.0 124.0 Special
21692.0 16456.0 324.0 112.0 Tele-

19191.0 16624.0 44.0 92.0 ;
19252.0 16624.0 224.0 76.0 iam
19600.0 16612.0 116.0 84.0 to
19824.0 16595.0 188.0 104.0 the
20119.0 16595.0 348.0 124.0 BiiK.J
20607.0 16599.0 308.0 100.0 John
21040.0 16599.0 632.0 108.0 McKcnzio
21751.0 16604.0 264.0 108.0 shot

19164.0 16739.0 308.0 104.0 John
19532.0 16739.0 352.0 116.0 Uiggs
19935.0 16739.0 112.0 104.0 in
20100.0 16735.0 764.0 128.0 Washington
20912.0 16743.0 580.0 128.0 township
21495.0 16823.0 28.0 48.0 ,
21564.0 16743.0 452.0 112.0 Adams

19167.0 16887.0 428.0 112.0 county
19600.0 16955.0 28.0 44.0 ,
19684.0 16879.0 352.0 116.0 to-das
20071.0 16955.0 24.0 48.0 ,
20155.0 16883.0 188.0 100.0 the
20392.0 16883.0 224.0 104.0 ball
20663.0 16883.0 532.0 120.0 enteiIng
21267.0 16887.0 188.0 104.0 the
21543.0 16891.0 472.0 124.0 lefteyo

19172.0 17028.0 228.0 100.0 and
19447.0 17024.0 456.0 124.0 coming
19952.0 17032.0 200.0 100.0 out
20196.0 17024.0 284.0 104.0 back
20532.0 17032.0 124.0 96.0 of
20716.0 17028.0 188.0 104.0 tlte.
20951.0 17028.0 284.0 108.0 head
21252.0 17104.0 28.0 40.0 ,
21335.0 17032.0 568.0 124.0 indicting
21947.0 17059.0 76.0 80.0 a
22323.0 17028.0 40.0 100.0 J

19172.0 17172.0 280.0 104.0 fatal
19500.0 17172.0 452.0 104.0 wound.
20148.0 17168.0 296.0 104.0 Both
20491.0 17195.0 188.0 76.0 aio
20743.0 17172.0 188.0 104.0 old
20984.0 17187.0 232.0 88.0 and
21272.0 17176.0 248.0 104.0 well
21579.0 17176.0 432.0 108.0 known
22311.0 17160.0 40.0 16.0 "

19188.0 17320.0 512.0 96.0 tanners.
19851.0 17312.0 244.0 108.0 The
20143.0 17312.0 552.0 128.0 difficulty
20743.0 17340.0 320.0 80.0 aiose
21124.0 17320.0 292.0 100.0 fiom
21468.0 17347.0 64.0 76.0 a
21579.0 17320.0 444.0 128.0 quarrel

19179.0 17484.0 276.0 76.0 over
19503.0 17456.0 352.0 108.0 thirty
19896.0 17480.0 312.0 84.0 acres
20255.0 17464.0 128.0 96.0 of
20424.0 17484.0 260.0 80.0 coin
20743.0 17460.0 360.0 104.0 stalks
21192.0 17488.0 144.0 76.0 on
21444.0 17464.0 188.0 100.0 the
21715.0 17464.0 304.0 108.0 farm

19188.0 17575.0 120.0 96.0 of
19348.0 17575.0 384.0 120.0 Uijrg.s
19788.0 17560.0 232.0 116.0 hall
20088.0 17579.0 116.0 96.0 ot
20255.0 17575.0 364.0 100.0 which
20719.0 17575.0 216.0 104.0 had
21031.0 17579.0 280.0 100.0 been
21412.0 17579.0 368.0 104.0 raised
21871.0 17579.0 152.0 124.0 by

19184.0 17692.0 648.0 100.0 MeKen/lo.
20003.0 17692.0 248.0 100.0 The
20300.0 17696.0 336.0 100.0 latter
20680.0 17696.0 392.0 100.0 claims
21127.0 17696.0 240.0 100.0 that
21419.0 17700.0 188.0 100.0 the
21656.0 17700.0 332.0 104.0 shoot-

19200.0 17811.0 184.0 116.0 ing
19471.0 17835.0 228.0 76.0 was
19776.0 17811.0 300.0 96.0 done
20163.0 17811.0 116.0 100.0 in
20375.0 17811.0 768.0 100.0 self-defense
21151.0 17883.0 24.0 48.0 ,
21279.0 17815.0 196.0 100.0 but
21611.0 17811.0 388.0 120.0 KICKS'

19200.0 17932.0 416.0 96.0 Iriends
19699.0 17924.0 408.0 104.0 clwriro
20199.0 17928.0 88.0 100.0 It
20375.0 17952.0 304.0 100.0 upon
20779.0 17928.0 624.0 104.0 McKoiulC
21472.0 17956.0 124.0 76.0 as
21639.0 17963.0 68.0 72.0 u
21748.0 17932.0 264.0 108.0 cold
22299.0 17971.0 68.0 72.0 n

19188.0 18039.0 472.0 104.0 blooded
19711.0 18039.0 480.0 108.0 muider.
22311.0 18043.0 64.0 124.0 |

19655.0 18316.0 308.0 96.0 Two
20035.0 18316.0 660.0 112.0 nurglnrH
20776.0 18320.0 744.0 120.0 Captured.
22072.0 18312.0 64.0 40.0 "
22316.0 18371.0 48.0 48.0 *

19307.0 18451.0 256.0 104.0 Dr.s
19628.0 18451.0 488.0 104.0 MOINFS
20124.0 18527.0 28.0 52.0 ,
20208.0 18451.0 156.0 104.0 la.
20380.0 18527.0 24.0 40.0 ,
20464.0 18451.0 384.0 108.0 March
20895.0 18460.0 24.0 88.0 !
20927.0 18495.0 24.0 52.0 >
20955.0 18527.0 28.0 32.0 .
21136.0 18455.0 32.0 128.0 [
21183.0 18455.0 464.0 120.0 Special
21692.0 18455.0 344.0 116.0 Tele-
22328.0 18472.0 44.0 48.0 "

19184.0 18620.0 312.0 88.0 cram
19548.0 18599.0 116.0 96.0 to
19711.0 18595.0 188.0 104.0 the
19955.0 18595.0 348.0 124.0 llin.l
20443.0 18595.0 244.0 104.0 The
20796.0 18603.0 228.0 100.0 two
21127.0 18599.0 520.0 124.0 burglars
21763.0 18603.0 260.0 108.0 who

19188.0 18739.0 384.0 104.0 laldcd
19624.0 18743.0 184.0 100.0 the
19851.0 18739.0 340.0 120.0 depot
20240.0 18747.0 120.0 96.0 at
20404.0 18739.0 504.0 124.0 Flaglcis
20916.0 18819.0 24.0 44.0 ,
21052.0 18739.0 400.0 108.0 Union
21548.0 18751.0 428.0 120.0 county
21975.0 18819.0 36.0 56.0 ,

19188.0 18911.0 64.0 72.0 a
19300.0 18883.0 220.0 104.0 few
19560.0 18883.0 392.0 116.0 nights
19996.0 18907.0 212.0 96.0 ago
20220.0 18956.0 24.0 44.0 ,
20351.0 18907.0 296.0 80.0 weio
20748.0 18887.0 540.0 120.0 captured
21395.0 18891.0 120.0 100.0 at
21623.0 18887.0 364.0 132.0 Percy
21983.0 18959.0 40.0 60.0 ,
22287.0 18887.0 92.0 144.0 $

19188.0 19051.0 256.0 76.0 neat
19508.0 19024.0 224.0 104.0 this
19780.0 19024.0 228.0 128.0 city
20015.0 19096.0 24.0 40.0 ,
20104.0 19024.0 272.0 104.0 vvitli
20431.0 19024.0 192.0 104.0 the
20668.0 19028.0 368.0 104.0 stolen
21088.0 19028.0 360.0 120.0 goods
21499.0 19032.0 116.0 104.0 In
21715.0 19035.0 308.0 108.0 their
22316.0 19067.0 28.0 44.0 <
22340.0 19104.0 16.0 28.0 -
22348.0 19067.0 24.0 108.0 ;

19188.0 19168.0 672.0 124.0 possession.
19988.0 19164.0 328.0 128.0 They
20419.0 19191.0 296.0 80.0 were
20820.0 19172.0 348.0 100.0 taken
21287.0 19176.0 116.0 100.0 to
21516.0 19176.0 520.0 124.0 Flaglers
22343.0 19184.0 28.0 60.0 '

19188.0 19283.0 592.0 140.0 jestculav
19783.0 19355.0 24.0 48.0 ,
19880.0 19279.0 328.0 124.0 plead
20255.0 19283.0 368.0 124.0 guilty
20687.0 19287.0 224.0 104.0 and
20972.0 19287.0 224.0 104.0 will
21252.0 19291.0 132.0 100.0 bo
21436.0 19291.0 408.0 124.0 lodged
21896.0 19299.0 124.0 104.0 In

19184.0 19392.0 204.0 132.0 jail
19435.0 19408.0 112.0 96.0 at
19592.0 19404.0 636.0 116.0 Slgouiney
20279.0 19404.0 784.0 104.0 tlilseveulmr.
21200.0 19404.0 828.0 116.0 Fromceitaia
22319.0 19416.0 60.0 104.0 ?

19191.0 19519.0 300.0 104.0 bank
19544.0 19544.0 400.0 96.0 papers
19991.0 19519.0 360.0 104.0 tound
20400.0 19544.0 148.0 80.0 on
20600.0 19519.0 296.0 104.0 their
20948.0 19548.0 476.0 96.0 persons
21516.0 19527.0 92.0 100.0 it
21695.0 19527.0 336.0 108.0 looks

19188.0 19663.0 124.0 72.0 as
19363.0 19644.0 76.0 96.0 it
19500.0 19640.0 264.0 136.0 they
19800.0 19636.0 220.0 104.0 had
20068.0 19636.0 280.0 104.0 been
20400.0 19640.0 516.0 120.0 engaged
20968.0 19644.0 116.0 100.0 in
21139.0 19667.0 312.0 80.0 some
21507.0 19644.0 184.0 124.0 Dig
21763.0 19648.0 244.0 104.0 rob-
22007.0 19691.0 28.0 36.0 *

19200.0 19751.0 260.0 124.0 beiy
19515.0 19755.0 120.0 100.0 in
19687.0 19751.0 484.0 108.0 Illinois.

19744.0 19999.0 400.0 96.0 Child
20220.0 19999.0 788.0 100.0 Murderers
21103.0 20004.0 388.0 104.0 Held.

19744.0 20155.0 420.0 96.0 .7.U.VIA.
20220.0 20139.0 172.0 104.0 la.
20412.0 20211.0 28.0 48.0 ,
20496.0 20139.0 384.0 104.0 Maich
20927.0 20143.0 88.0 104.0 5.
21168.0 20147.0 24.0 120.0 (
21219.0 20143.0 448.0 128.0 Special
21715.0 20143.0 280.0 116.0 Tele-

19191.0 20312.0 316.0 96.0 gram
19560.0 20287.0 112.0 100.0 to
19716.0 20287.0 192.0 100.0 the
20000.0 20283.0 308.0 124.0 Br.r.J
20448.0 20283.0 248.0 104.0 The
20803.0 20287.0 364.0 120.0 grand
21275.0 20287.0 272.0 128.0 jury
21656.0 20291.0 392.0 124.0 to-day

19200.0 20427.0 532.0 104.0 returned
19780.0 20459.0 64.0 72.0 a
19880.0 20423.0 588.0 112.0 veidictot
20516.0 20427.0 452.0 104.0 murder
21076.0 20427.0 116.0 104.0 in
21311.0 20431.0 192.0 104.0 the
21611.0 20435.0 436.0 108.0 second

19196.0 20572.0 404.0 124.0 degree
19643.0 20572.0 452.0 124.0 against
20180.0 20572.0 512.0 104.0 Andiovv
20808.0 20572.0 416.0 108.0 Brown
21352.0 20579.0 228.0 100.0 and
21692.0 20579.0 360.0 108.0 Chloa

19203.0 20716.0 576.0 104.0 Piohlnson
19800.0 20792.0 24.0 44.0 ,
19884.0 20720.0 184.0 100.0 the
20116.0 20716.0 452.0 104.0 colored
20603.0 20716.0 396.0 124.0 people
21031.0 20716.0 264.0 104.0 who
21335.0 20743.0 188.0 76.0 am
21552.0 20720.0 496.0 116.0 charged
22299.0 20704.0 84.0 132.0 $1

19203.0 20831.0 264.0 104.0 with
19524.0 20835.0 428.0 112.0 having
20000.0 20831.0 528.0 124.0 whipped
20576.0 20864.0 68.0 68.0 a
20687.0 20835.0 304.0 100.0 child
21043.0 20839.0 112.0 96.0 to
21204.0 20835.0 336.0 100.0 death
21635.0 20864.0 64.0 76.0 a
21816.0 20843.0 232.0 100.0 lew
22188.0 20883.0 52.0 24.0 -
22271.0 20876.0 48.0 32.0 -
22316.0 20843.0 56.0 88.0 *

19200.0 20952.0 376.0 100.0 weeks
19619.0 20975.0 240.0 92.0 ago.
19996.0 20948.0 340.0 104.0 Great
20387.0 20956.0 476.0 96.0 interest
20916.0 20952.0 92.0 100.0 Is
21103.0 20948.0 696.0 108.0 manifested
21915.0 20956.0 124.0 108.0 in
22299.0 21008.0 24.0 16.0 -
22352.0 20967.0 44.0 84.0 *

19200.0 21067.0 184.0 96.0 the
19432.0 21067.0 336.0 100.0 result
19780.0 21135.0 24.0 48.0 ,
19860.0 21092.0 120.0 72.0 as
20027.0 21067.0 432.0 100.0 sevei.il
20508.0 21063.0 856.0 120.0 organl/atlons
21403.0 21067.0 128.0 100.0 of
21576.0 21071.0 460.0 104.0 colored

19196.0 21184.0 400.0 136.0 people
19640.0 21207.0 188.0 76.0 aie
19884.0 21180.0 400.0 116.0 taking
20332.0 21207.0 148.0 100.0 up
20528.0 21184.0 188.0 96.0 the
20764.0 21188.0 476.0 100.0 defense
21347.0 21184.0 232.0 104.0 and
21683.0 21207.0 352.0 104.0 many

19200.0 21279.0 112.0 120.0 in
19368.0 21279.0 192.0 120.0 the
19600.0 21299.0 704.0 120.0 community
20356.0 21299.0 220.0 100.0 feel
20624.0 21299.0 228.0 104.0 like
20904.0 21299.0 524.0 124.0 handing
21472.0 21303.0 196.0 100.0 the
21784.0 21328.0 264.0 84.0 case

19196.0 21439.0 268.0 80.0 over
19508.0 21431.0 116.0 84.0 to
19664.0 21416.0 380.0 116.0 Judge
20095.0 21412.0 424.0 124.0 Lynch.

19324.0 21691.0 648.0 96.0 ArroRtod
20035.0 21687.0 264.0 96.0 For
20392.0 21691.0 568.0 96.0 Stallion

19319.0 21827.0 572.0 104.0 CuioAfio
19904.0 21899.0 24.0 48.0 ,
19979.0 21819.0 392.0 112.0 Maich
20467.0 21831.0 84.0 104.0 5.
20699.0 21827.0 268.0 104.0 Last
21020.0 21831.0 336.0 120.0 night
21451.0 21839.0 116.0 100.0 at
21676.0 21831.0 328.0 112.0 Crom-

19203.0 21971.0 244.0 104.0 well
19464.0 22043.0 24.0 48.0 ,
19607.0 21971.0 248.0 104.0 Ind.
19875.0 22043.0 24.0 40.0 ,
20012.0 21975.0 508.0 124.0 ticasiiry
20627.0 21975.0 436.0 104.0 ollleors
21151.0 21975.0 288.0 108.0 fiom
21555.0 21979.0 500.0 128.0 Chicago

19200.0 22115.0 372.0 104.0 soi/ed
19616.0 22115.0 404.0 104.0 twelve
20100.0 22115.0 476.0 104.0 blooded
20627.0 22119.0 528.0 104.0 stallions
21204.0 22123.0 228.0 100.0 and
21516.0 22123.0 512.0 108.0 arrested

19203.0 22260.0 312.0 104.0 three-
19563.0 22260.0 644.0 124.0 prominent
20264.0 22260.0 472.0 108.0 farmeis
20784.0 22264.0 180.0 104.0 for
21023.0 22264.0 692.0 124.0 smuggling.
21796.0 22268.0 252.0 112.0 The

19203.0 22375.0 556.0 128.0 pilncipal
19807.0 22379.0 708.0 124.0 delinquent.
20568.0 22383.0 140.0 100.0 A.
20776.0 22379.0 444.0 108.0 Fanson
21240.0 22455.0 24.0 48.0 ,
21320.0 22383.0 124.0 100.0 of
21487.0 22383.0 212.0 104.0 Tot
21724.0 22408.0 144.0 80.0 on
21891.0 22396.0 112.0 96.0 to
22012.0 22459.0 28.0 48.0 ,

19208.0 22492.0 824.0 128.0 Out.scaped.
20064.0 22568.0 32.0 32.0 .
20223.0 22496.0 244.0 104.0 Tlio
20508.0 22500.0 312.0 104.0 thico
20868.0 22503.0 480.0 100.0 farmeis
21395.0 22503.0 284.0 100.0 have
21751.0 22503.0 292.0 104.0 been

19208.0 22615.0 340.0 100.0 taken
19604.0 22623.0 112.0 92.0 to
19764.0 22611.0 788.0 128.0 Indianapolis
20591.0 22619.0 172.0 96.0 lor
20808.0 22619.0 824.0 100.0 examination.

19544.0 22884.0 676.0 96.0 Indiana'H
20296.0 22884.0 824.0 112.0 Ijojjlslalivo

19331.0 23024.0 188.0 104.0 lNi
19580.0 23039.0 680.0 84.0 KNAi'oiis
20271.0 23092.0 20.0 48.0 ,
20368.0 23020.0 380.0 104.0 March
20839.0 23024.0 84.0 100.0 fi.
21059.0 23020.0 252.0 100.0 The
21419.0 23020.0 432.0 108.0 session
21927.0 23028.0 128.0 116.0 ot

19208.0 23168.0 188.0 96.0 the
19488.0 23163.0 648.0 112.0 legislature
20243.0 23159.0 92.0 104.0 is
20436.0 23159.0 652.0 124.0 piactlrally
21136.0 23159.0 412.0 108.0 ended.
21692.0 23163.0 108.0 112.0 It
21867.0 23195.0 140.0 76.0 ex-

19212.0 23307.0 296.0 120.0 pires
19571.0 23303.0 700.0 112.0 -Monday
20320.0 23303.0 144.0 124.0 by
20511.0 23303.0 648.0 108.0 limitation.
21299.0 23303.0 756.0 128.0 lUiprcsonta-

19212.0 23447.0 228.0 104.0 tlve
19484.0 23447.0 580.0 104.0 Kohlnson
20119.0 23443.0 552.0 124.0 appealed
20723.0 23447.0 384.0 104.0 before
21159.0 23447.0 188.0 104.0 the
21395.0 23451.0 440.0 128.0 Turplo
21888.0 23455.0 116.0 108.0 ln

19212.0 23587.0 676.0 120.0 vostlgatlon
19940.0 23587.0 644.0 104.0 committee
20632.0 23591.0 384.0 120.0 to-day
21047.0 23599.0 236.0 96.0 and
21316.0 23595.0 420.0 108.0 denied
21787.0 23599.0 248.0 108.0 that

19215.0 23732.0 136.0 100.0 ho
19447.0 23732.0 220.0 104.0 had
19768.0 23755.0 260.0 80.0 ever
20139.0 23732.0 500.0 108.0 received
20735.0 23759.0 124.0 76.0 or
20948.0 23735.0 276.0 104.0 been
21323.0 23739.0 424.0 108.0 olfered
21828.0 23763.0 232.0 100.0 any

19215.0 23872.0 412.0 100.0 money
19631.0 23919.0 28.0 48.0 ,
19716.0 23859.0 528.0 112.0 piopcrty
20344.0 23876.0 128.0 76.0 or
20556.0 23851.0 324.0 104.0 other
20963.0 23835.0 840.0 128.0 consideration
21879.0 23864.0 180.0 104.0 for

19220.0 23963.0 176.0 104.0 his
19503.0 23979.0 256.0 88.0 vote
19848.0 23971.0 180.0 100.0 lor
20112.0 23975.0 460.0 96.0 senator
20576.0 24040.0 28.0 44.0 ,
20656.0 23971.0 232.0 100.0 and
20975.0 23971.0 248.0 104.0 that
21311.0 23975.0 136.0 100.0 ho
21499.0 23975.0 220.0 104.0 had
21792.0 23999.0 268.0 84.0 ever

19220.0 24083.0 276.0 104.0 been
19548.0 24079.0 708.0 144.0 approached
20296.0 24083.0 272.0 104.0 with
20624.0 24112.0 228.0 80.0 unv
20895.0 24091.0 700.0 116.0 pioposltion
21644.0 24091.0 124.0 108.0 of
21816.0 24119.0 236.0 96.0 any

19220.0 24199.0 284.0 100.0 kind
19524.0 24272.0 28.0 32.0 ,
19691.0 24184.0 176.0 116.0 lie
19976.0 24203.0 348.0 100.0 asked
20440.0 24207.0 240.0 96.0 that
20760.0 24203.0 940.0 120.0 HcpiQsentatlve
21787.0 24207.0 272.0 108.0 Bert

19220.0 24319.0 284.0 100.0 ham
19560.0 24315.0 360.0 112.0 might
19964.0 24315.0 132.0 104.0 be
20143.0 24315.0 360.0 104.0 called
20571.0 24323.0 116.0 92.0 to
20735.0 24319.0 396.0 124.0 testify
21136.0 24391.0 28.0 40.0 ,
21228.0 24319.0 428.0 124.0 having
21707.0 24328.0 356.0 112.0 heard

19220.0 24439.0 244.0 96.0 that
19515.0 24431.0 500.0 104.0 Bertram
20068.0 24431.0 216.0 100.0 had
20336.0 24431.0 244.0 104.0 said
20632.0 24431.0 236.0 104.0 that
20963.0 24435.0 140.0 104.0 hu
21200.0 24435.0 220.0 104.0 had
21511.0 24439.0 280.0 108.0 been
21867.0 24447.0 124.0 100.0 of

19220.0 24547.0 308.0 104.0 fered
19580.0 24551.0 356.0 112.0 fcii.ooo
20015.0 24555.0 116.0 96.0 to
20199.0 24555.0 252.0 96.0 vote
20503.0 24551.0 176.0 104.0 lor
20735.0 24547.0 584.0 112.0 llarilson.
21451.0 24555.0 248.0 104.0 The
21743.0 24587.0 292.0 80.0 com-
22036.0 24607.0 24.0 48.0 >

19220.0 24663.0 388.0 104.0 mlttce
19655.0 24663.0 628.0 124.0 adjouincd
20336.0 24652.0 484.0 120.0 without
20871.0 24667.0 424.0 128.0 culling
21347.0 24671.0 548.0 124.0 Bertram.

19583.0 24903.0 848.0 100.0 Ilctiromont
20503.0 24911.0 664.0 116.0 ol'Judno
21236.0 24915.0 456.0 104.0 Treat.

19340.0 25043.0 192.0 108.0 Sr.
19628.0 25043.0 412.0 124.0 Louis
20092.0 25043.0 384.0 104.0 Marcli
20523.0 25051.0 88.0 100.0 .1.
20743.0 25047.0 380.0 120.0 Judge
21212.0 25051.0 460.0 108.0 Samuel
21719.0 25051.0 348.0 116.0 Treat

19224.0 25188.0 408.0 108.0 ictiied
19679.0 25196.0 112.0 96.0 at
19844.0 25211.0 296.0 80.0 noon
20199.0 25192.0 400.0 120.0 to-day
20656.0 25196.0 288.0 100.0 Irom
20996.0 25192.0 192.0 104.0 the
21231.0 25196.0 364.0 104.0 bench
21700.0 25207.0 128.0 100.0 of
21871.0 25203.0 192.0 104.0 the

19235.0 25327.0 420.0 108.0 United
19711.0 25332.0 376.0 104.0 States
20136.0 25327.0 448.0 112.0 district
20692.0 25340.0 312.0 100.0 court
21100.0 25340.0 124.0 100.0 of
21332.0 25340.0 188.0 104.0 the
21608.0 25351.0 452.0 104.0 eastern

19220.0 25471.0 432.0 108.0 district
19768.0 25479.0 120.0 92.0 of
20015.0 25475.0 528.0 104.0 Missouri
20660.0 25479.0 300.0 104.0 after
21059.0 25475.0 364.0 128.0 thirty
21528.0 25511.0 328.0 96.0 jcarn
21939.0 25492.0 128.0 104.0 ot

19215.0 25615.0 468.0 124.0 Judicial
19732.0 25611.0 456.0 112.0 service.
20320.0 25615.0 380.0 124.0 Judge
20791.0 25623.0 352.0 100.0 Amos
21192.0 25623.0 152.0 104.0 M.
21395.0 25623.0 456.0 132.0 Thaycr
21855.0 25703.0 28.0 48.0 ,
21939.0 25635.0 128.0 104.0 ot

19227.0 25735.0 228.0 100.0 tins
19515.0 25735.0 228.0 116.0 city
19752.0 25808.0 28.0 40.0 ,
19836.0 25732.0 496.0 144.0 recently
20383.0 25735.0 616.0 124.0 appointed
21052.0 25751.0 120.0 88.0 to
21260.0 25743.0 112.0 100.0 th
21499.0 25747.0 544.0 112.0 position.

19224.0 25851.0 528.0 100.0 succeeds
19803.0 25859.0 184.0 92.0 the
20100.0 25843.0 468.0 132.0 rethlug
20660.0 25851.0 344.0 124.0 Judge
21008.0 25927.0 24.0 52.0 ,
21091.0 25859.0 232.0 104.0 and
21379.0 25888.0 228.0 76.0 was
21668.0 25847.0 388.0 124.0 Mvoid

19232.0 25967.0 240.0 100.0 Into
19520.0 25971.0 312.0 96.0 olllce
19884.0 25975.0 132.0 92.0 bv
20104.0 25967.0 376.0 112.0 Judge
20576.0 25967.0 300.0 108.0 Brew
20907.0 25999.0 100.0 76.0 ei
21031.0 26043.0 24.0 48.0 ,
21115.0 25979.0 120.0 100.0 of
21328.0 25979.0 192.0 100.0 the
21623.0 25975.0 440.0 128.0 United

19227.0 26083.0 372.0 104.0 States
19643.0 26083.0 396.0 104.0 circuit
20083.0 26095.0 344.0 92.0 t-uuit.

19711.0 26327.0 336.0 104.0 llolit
20136.0 26331.0 256.0 96.0 For

19351.0 26459.0 824.0 112.0 WAI.KKK'IO.N
20192.0 26539.0 24.0 48.0 ,
20267.0 26463.0 256.0 116.0 Out.
20544.0 26539.0 28.0 48.0 ,
20632.0 26467.0 520.0 116.0 MnrciiS.
21284.0 26475.0 172.0 108.0 Th
21608.0 26463.0 444.0 128.0 urcllrai

19227.0 26607.0 304.0 120.0 Inao
19600.0 26607.0 248.0 104.0 tiial
19896.0 26611.0 108.0 104.0 ot
20059.0 26607.0 388.0 108.0 Jamuj
20535.0 26607.0 364.0 108.0 KeiiH
20776.0 26639.0 28.0 100.0 |
20968.0 26619.0 232.0 100.0 and
21296.0 26615.0 400.0 124.0 Henry
21763.0 26623.0 232.0 120.0 Raymond

19232.0 26751.0 336.0 104.0 mend
19583.0 26823.0 24.0 48.0 ,
19720.0 26759.0 108.0 96.0 ot
19928.0 26751.0 264.0 108.0 Port
20288.0 26751.0 372.0 124.0 Klgln.
20755.0 26759.0 484.0 120.0 charged
21340.0 26763.0 276.0 108.0 with
21712.0 26791.0 336.0 88.0 main

19224.0 26895.0 580.0 112.0 slaughter
19851.0 26919.0 112.0 80.0 in
20020.0 26895.0 476.0 116.0 causing
20547.0 26895.0 188.0 104.0 the
20784.0 26899.0 340.0 104.0 death
21171.0 26903.0 132.0 100.0 of
21347.0 26903.0 492.0 112.0 Bichard
21924.0 26911.0 88.0 108.0 K
22016.0 26983.0 32.0 48.0 ,

19244.0 27032.0 504.0 116.0 Webster
19752.0 27108.0 28.0 48.0 ,
19839.0 27036.0 188.0 108.0 the
20124.0 27036.0 496.0 120.0 Chicago
20711.0 27040.0 692.0 108.0 inllllonalio
21412.0 27123.0 24.0 44.0 ,
21495.0 27075.0 232.0 76.0 was
21775.0 27079.0 296.0 80.0 com.

19235.0 27155.0 368.0 120.0 liletcd
19740.0 27163.0 260.0 108.0 hero
20128.0 27159.0 112.0 96.0 to
20288.0 27155.0 256.0 108.0 dav.
20672.0 27155.0 248.0 104.0 The
21031.0 27163.0 656.0 108.0 magistrate
21799.0 27175.0 332.0 116.0 held.

19239.0 27272.0 240.0 108.0 that
19539.0 27264.0 604.0 112.0 Wuhstti'H
20187.0 27272.0 336.0 104.0 death
20583.0 27279.0 944.0 108.0 wasaceulenited
21576.0 27283.0 132.0 116.0 by
21763.0 27291.0 296.0 100.0 thelt

19232.0 27395.0 432.0 100.0 nir'cl
19351.0 27416.0 20.0 68.0 !
19384.0 27420.0 28.0 92.0 )
19459.0 27395.0 28.0 96.0 !
19716.0 27387.0 224.0 104.0 and
19996.0 27387.0 256.0 124.0 they
20300.0 27416.0 284.0 80.0 were
20632.0 27395.0 660.0 108.0 committed
21344.0 27395.0 184.0 108.0 for
21584.0 27420.0 36.0 84.0 :
21635.0 27428.0 32.0 76.0 :
21688.0 27407.0 32.0 100.0 !
21736.0 27451.0 28.0 52.0 <
21760.0 27455.0 32.0 52.0 .
21808.0 27403.0 28.0 104.0 !
21847.0 27475.0 24.0 36.0 .

20015.0 27631.0 292.0 100.0 I'lre
20484.0 27652.0 32.0 76.0 i
20612.0 27635.0 696.0 100.0 Aiclilion.
21947.0 27691.0 28.0 36.0 .
22043.0 27751.0 20.0 32.0 _
22084.0 27691.0 28.0 44.0 ,

19368.0 27771.0 624.0 104.0 AICIIIION
20008.0 27843.0 24.0 44.0 ,
20095.0 27767.0 300.0 112.0 Kan.
20416.0 27843.0 24.0 44.0 ,
20559.0 27775.0 376.0 104.0 March
21052.0 27779.0 84.0 100.0 5.
21279.0 27779.0 248.0 104.0 Klrt
21644.0 27787.0 112.0 96.0 to
21876.0 27791.0 200.0 108.0 tha

19264.0 27943.0 60.0 68.0 >
19351.0 27931.0 24.0 80.0 ;
19384.0 27923.0 140.0 92.0 ici
19735.0 27919.0 88.0 88.0 le
19887.0 27919.0 208.0 96.0 bou
20180.0 27939.0 52.0 72.0 u
20284.0 27919.0 112.0 92.0 of
20467.0 27919.0 116.0 96.0 ol
20731.0 27923.0 124.0 96.0 A.
20972.0 27919.0 40.0 104.0 J
21020.0 27923.0 36.0 92.0 !
21067.0 27991.0 24.0 32.0 .
21216.0 27919.0 516.0 108.0 Simmon
21748.0 27947.0 52.0 76.0 *
21912.0 27943.0 132.0 92.0 to
22043.0 27979.0 32.0 48.0 >

19239.0 28051.0 68.0 80.0 u
19368.0 28059.0 48.0 96.0 {
19452.0 28047.0 100.0 84.0 M
19612.0 28031.0 668.0 104.0 Aroitp'iril
20332.0 28055.0 44.0 72.0 i
20436.0 28031.0 400.0 108.0 lots'ni
20987.0 28040.0 392.0 128.0 110,000
21163.0 28112.0 20.0 56.0 ,
21403.0 28063.0 28.0 104.0 ;
21560.0 28044.0 120.0 108.0 Io
21760.0 28047.0 280.0 128.0 ure4

22028.0 28175.0 28.0 28.0 "
