22272 28924
8480.0 420.0 16.0 32.0 '
8812.0 424.0 28.0 44.0 *
10516.0 432.0 16.0 24.0 '

8756.0 448.0 20.0 40.0 I
17384.0 440.0 36.0 36.0 *

15896.0 476.0 20.0 32.0 .

7744.0 580.0 3472.0 832.0 OMAHA
12384.0 592.0 2832.0 808.0 DAILY
16272.0 620.0 1776.0 804.0 BEE

872.0 2032.0 1704.0 200.0 SIXTEENTH
2716.0 2036.0 856.0 196.0 YEAE.
7668.0 2052.0 1120.0 204.0 OMAHA.
9024.0 2044.0 1852.0 200.0 WEDNESDAY
11120.0 2032.0 1380.0 212.0 MORNING.
12744.0 2036.0 1032.0 204.0 MARCH
13996.0 2044.0 176.0 192.0 0.
14368.0 2044.0 544.0 192.0 1SS7.
19931.0 2096.0 1236.0 192.0 NUMBER
21380.0 2096.0 372.0 184.0 203

900.0 2552.0 548.0 240.0 WORK
1576.0 2552.0 180.0 236.0 IN
1872.0 2548.0 372.0 232.0 THE
2372.0 2540.0 1284.0 240.0 LEGISLATURE
3680.0 2720.0 32.0 60.0 ,

920.0 3092.0 624.0 136.0 Insurance
1604.0 3088.0 668.0 168.0 Companies
2324.0 3088.0 356.0 164.0 Fight
2732.0 3080.0 500.0 168.0 Against
3280.0 3080.0 412.0 128.0 Domes-

1368.0 3276.0 500.0 168.0 ticating
1928.0 3276.0 484.0 164.0 Foreign
2468.0 3268.0 820.0 172.0 Corporations.

920.0 3652.0 152.0 112.0 IT
1200.0 3652.0 140.0 112.0 IS
1480.0 3644.0 1324.0 116.0 RECOMMENDED
2924.0 3640.0 224.0 108.0 TO
3276.0 3632.0 464.0 124.0 PASS.

916.0 4088.0 268.0 100.0 The
1244.0 4084.0 244.0 100.0 Bill
1576.0 4080.0 252.0 100.0 For
1892.0 4080.0 220.0 100.0 the
2168.0 4076.0 304.0 100.0 Sale
2536.0 4076.0 156.0 96.0 of
2772.0 4072.0 464.0 100.0 Saline

1160.0 4272.0 128.0 80.0 to
1380.0 4256.0 228.0 92.0 the
1708.0 4252.0 372.0 100.0 AVeat
2148.0 4248.0 604.0 116.0 .Lincoln
2880.0 4252.0 608.0 96.0 Packers

1448.0 4424.0 500.0 96.0 Causes
2020.0 4448.0 76.0 68.0 a
2180.0 4416.0 344.0 120.0 Very
2604.0 4420.0 616.0 116.0 Lengthy

1920.0 4592.0 820.0 100.0 IJlsciisslon.

1616.0 4992.0 488.0 96.0 Senate
2164.0 4984.0 940.0 116.0 Proceeding.

1052.0 5124.0 960.0 112.0 LINCOLNNeb.
2016.0 5208.0 20.0 24.0 .
2056.0 5196.0 24.0 56.0 ,
2156.0 5124.0 384.0 108.0 March
2632.0 5128.0 88.0 100.0 8.
2868.0 5128.0 24.0 108.0 (
2916.0 5112.0 444.0 136.0 Special
3428.0 5112.0 320.0 108.0 Tele-

932.0 5296.0 312.0 100.0 Brain
1328.0 5260.0 112.0 116.0 io
1516.0 5272.0 184.0 108.0 the
1788.0 5268.0 352.0 120.0 JlEK.1
2276.0 5268.0 244.0 104.0 The
2624.0 5280.0 392.0 92.0 senate
3104.0 5268.0 308.0 100.0 went
3508.0 5256.0 248.0 104.0 Into

932.0 5416.0 644.0 104.0 committee
1636.0 5416.0 124.0 100.0 of
1808.0 5412.0 184.0 104.0 the
2040.0 5412.0 364.0 104.0 whole
2484.0 5412.0 232.0 100.0 and
2804.0 5400.0 332.0 132.0 again
3236.0 5400.0 268.0 108.0 took
3612.0 5424.0 152.0 96.0 up

936.0 5560.0 352.0 104.0 house.
1356.0 5556.0 204.0 104.0 roll
1600.0 5560.0 180.0 96.0 3W
1784.0 5632.0 28.0 44.0 ,
1868.0 5552.0 484.0 124.0 relating
2400.0 5564.0 116.0 92.0 to
2564.0 5556.0 188.0 100.0 the
2800.0 5548.0 548.0 128.0 purchase
3356.0 5620.0 28.0 40.0 ,
3464.0 5540.0 300.0 104.0 lease

936.0 5700.0 228.0 104.0 and
1212.0 5700.0 232.0 104.0 sale
1488.0 5704.0 120.0 96.0 of
1696.0 5696.0 544.0 108.0 railroads
2324.0 5696.0 116.0 104.0 in
2512.0 5700.0 424.0 100.0 certain
3036.0 5712.0 344.0 84.0 cases.
3516.0 5684.0 244.0 104.0 The

940.0 5840.0 196.0 104.0 bill
1184.0 5868.0 228.0 76.0 was
1480.0 5836.0 856.0 112.0 recommended
2424.0 5848.0 116.0 92.0 to
2628.0 5860.0 292.0 104.0 pass.
3056.0 5831.0 420.0 108.0 Senate
3564.0 5828.0 184.0 104.0 Hie

936.0 5992.0 180.0 92.0 153
1120.0 6064.0 28.0 48.0 ,
1196.0 5996.0 116.0 92.0 to
1360.0 5984.0 452.0 128.0 provide
1860.0 6016.0 64.0 72.0 a
1968.0 6000.0 420.0 108.0 system
2436.0 5980.0 124.0 104.0 of
2608.0 6004.0 548.0 80.0 revenues
3164.0 6052.0 28.0 48.0 ,
3244.0 5972.0 444.0 108.0 regulatIng
3704.0 6023.0 60.0 20.0 -

944.0 6128.0 196.0 116.0 Ing
1216.0 6128.0 188.0 104.0 the
1488.0 6136.0 684.0 100.0 assessment
2256.0 6132.0 124.0 100.0 of
2448.0 6128.0 516.0 124.0 property
3032.0 6144.0 232.0 80.0 was
3332.0 6140.0 372.0 84.0 recom-

944.0 6272.0 480.0 104.0 mended
1476.0 6280.0 112.0 96.0 to
1636.0 6296.0 292.0 100.0 pass.

1060.0 6412.0 420.0 104.0 Senate
1568.0 6416.0 416.0 104.0 file19
1988.0 6488.0 28.0 52.0 ,
2184.0 6412.0 576.0 128.0 requiring
2912.0 6408.0 444.0 104.0 foreign
3528.0 6432.0 188.0 76.0 cor-

940.0 6552.0 588.0 128.0 porations
1652.0 6568.0 116.0 92.0 to
1900.0 6560.0 452.0 108.0 become
2452.0 6552.0 780.0 120.0 corporations
3400.0 6548.0 368.0 104.0 under

944.0 6700.0 192.0 104.0 the
1360.0 6704.0 276.0 100.0 laws
1896.0 6700.0 128.0 108.0 of
2284.0 6700.0 228.0 104.0 this
2740.0 6704.0 292.0 96.0 state
3036.0 6772.0 28.0 44.0 ,
3300.0 6688.0 476.0 124.0 making

948.0 6840.0 304.0 108.0 them
1300.0 6843.0 468.0 108.0 citizens
1780.0 6920.0 24.0 40.0 ,
1856.0 6843.0 224.0 104.0 and
2132.0 6840.0 680.0 124.0 preventing
2860.0 6840.0 188.0 104.0 the
3092.0 6836.0 496.0 108.0 removal
3636.0 6840.0 124.0 92.0 of

948.0 7012.0 396.0 80.0 causes
1380.0 6996.0 112.0 96.0 to
1536.0 6988.0 424.0 104.0 federal
2008.0 7004.0 312.0 92.0 court
2336.0 7012.0 44.0 60.0 *
2388.0 7064.0 28.0 40.0 ,
2456.0 7012.0 228.0 76.0 was
2732.0 6980.0 872.0 108.0 recommended
3656.0 6984.0 120.0 96.0 to

948.0 7156.0 296.0 96.0 pass.
1372.0 7128.0 284.0 108.0 This
1764.0 7128.0 188.0 108.0 bill
2036.0 7160.0 228.0 76.0 was
2364.0 7128.0 400.0 128.0 fought
2844.0 7120.0 704.0 128.0 desperately
3632.0 7132.0 144.0 108.0 by

952.0 7276.0 196.0 104.0 the
1256.0 7272.0 600.0 108.0 Insurance
1960.0 7272.0 648.0 124.0 companies
2616.0 7344.0 24.0 44.0 ,
2760.0 7272.0 196.0 96.0 but
3068.0 7264.0 216.0 100.0 will
3400.0 7260.0 116.0 104.0 In
3616.0 7260.0 148.0 104.0 all

952.0 7415.0 676.0 128.0 probability
1672.0 7444.0 256.0 96.0 pass
1980.0 7415.0 256.0 104.0 both
2324.0 7415.0 440.0 100.0 houses.
2892.0 7408.0 244.0 104.0 The
3172.0 7404.0 596.0 104.0 following

960.0 7564.0 92.0 100.0 Is
1100.0 7564.0 192.0 100.0 the
1336.0 7572.0 240.0 92.0 text
1620.0 7564.0 124.0 96.0 of
1792.0 7564.0 188.0 100.0 the
2032.0 7584.0 504.0 76.0 measure
2564.0 7580.0 28.0 76.0 :

1076.0 7704.0 452.0 104.0 Section
1584.0 7708.0 88.0 92.0 1.
1744.0 7700.0 292.0 100.0 That
2128.0 7700.0 556.0 100.0 hereafter
2744.0 7720.0 224.0 96.0 any
3036.0 7688.0 716.0 124.0 corporation

960.0 7820.0 180.0 100.0 for
1184.0 7820.0 604.0 132.0 pecuniary
1840.0 7812.0 316.0 124.0 prollt
2204.0 7816.0 320.0 96.0 other
2568.0 7816.0 268.0 96.0 than
2936.0 7808.0 176.0 100.0 for
3216.0 7808.0 528.0 120.0 carrying

956.0 7960.0 148.0 76.0 on
1216.0 7932.0 652.0 104.0 mercantile
1972.0 7952.0 124.0 80.0 or
2196.0 7927.0 928.0 116.0 manufacturing
3188.0 7923.0 524.0 100.0 business
3724.0 7996.0 24.0 40.0 ,

952.0 8047.0 600.0 116.0 otKanlzcd
1608.0 8047.0 364.0 100.0 under
2016.0 8047.0 188.0 100.0 the
2252.0 8047.0 276.0 100.0 laws
2616.0 8047.0 124.0 96.0 of
2844.0 8064.0 224.0 96.0 any
3108.0 8051.0 292.0 96.0 state
3444.0 8068.0 128.0 72.0 or
3616.0 8044.0 124.0 96.0 of

956.0 8188.0 232.0 100.0 any
1240.0 8172.0 516.0 112.0 terntory
1808.0 8168.0 120.0 92.0 nf
1976.0 8168.0 192.0 96.0 the
2228.0 8172.0 52.0 92.0 I
2340.0 8164.0 312.0 100.0 lilted
2704.0 8160.0 376.0 104.0 States
3164.0 8184.0 128.0 76.0 or
3372.0 8160.0 124.0 96.0 of
3540.0 8179.0 228.0 124.0 any

956.0 8280.0 444.0 120.0 loreigii
1520.0 8292.0 476.0 100.0 country
2004.0 8348.0 28.0 48.0 ,
2144.0 8280.0 508.0 116.0 desiring
2736.0 8288.0 116.0 88.0 to
2936.0 8284.0 504.0 96.0 transact
3488.0 8272.0 244.0 104.0 busi-

960.0 8420.0 268.0 80.0 ness
1276.0 8424.0 124.0 76.0 or
1448.0 8404.0 116.0 92.0 to
1596.0 8400.0 548.0 100.0 continue
2192.0 8396.0 116.0 100.0 In
2352.0 8396.0 188.0 100.0 the
2632.0 8396.0 700.0 100.0 transaction
3432.0 8396.0 124.0 96.0 of
3624.0 8392.0 148.0 100.0 its

964.0 8516.0 528.0 100.0 business
1540.0 8524.0 116.0 92.0 In
1712.0 8516.0 224.0 96.0 this
2004.0 8524.0 288.0 92.0 state
2296.0 8588.0 28.0 44.0 ,
2380.0 8508.0 284.0 104.0 shall
2756.0 8516.0 132.0 96.0 be
2932.0 8508.0 228.0 100.0 and
3208.0 8512.0 416.0 112.0 hereby
3676.0 8508.0 96.0 100.0 is

960.0 8632.0 508.0 124.0 required
1488.0 8704.0 24.0 40.0 ,
1568.0 8628.0 400.0 104.0 within
2084.0 8636.0 400.0 112.0 ninety
2588.0 8628.0 284.0 116.0 days
2936.0 8632.0 296.0 96.0 after
3304.0 8628.0 188.0 100.0 the
3540.0 8652.0 196.0 96.0 pas-

964.0 8772.0 268.0 92.0 sage
1276.0 8747.0 224.0 100.0 stud
1552.0 8743.0 532.0 128.0 approval
2132.0 8751.0 124.0 92.0 of
2312.0 8751.0 224.0 96.0 this
2580.0 8756.0 172.0 88.0 act
2760.0 8820.0 28.0 40.0 ,
2844.0 8747.0 112.0 96.0 to
3000.0 8743.0 180.0 100.0 tile
3236.0 8743.0 268.0 100.0 with
3576.0 8743.0 196.0 100.0 the

964.0 8871.0 560.0 112.0 becretary
1568.0 8868.0 120.0 96.0 of
1732.0 8868.0 292.0 100.0 state
2068.0 8892.0 64.0 72.0 a
2168.0 8864.0 500.0 104.0 certified
2756.0 8888.0 280.0 92.0 copy
3084.0 8864.0 120.0 96.0 of
3296.0 8856.0 144.0 104.0 Its
3504.0 8860.0 212.0 100.0 arti-

968.0 8984.0 228.0 104.0 cles
1240.0 8984.0 124.0 96.0 of
1412.0 8980.0 872.0 112.0 Incorporation.
2312.0 8980.0 276.0 116.0 duly
2632.0 8976.0 476.0 104.0 attested
3124.0 9048.0 24.0 48.0 ,
3208.0 8999.0 532.0 96.0 accompa-

972.0 9096.0 264.0 104.0 nied
1288.0 9100.0 140.0 132.0 by
1476.0 9127.0 60.0 72.0 a
1588.0 9096.0 604.0 104.0 resolution
2248.0 9100.0 120.0 96.0 of
2416.0 9096.0 148.0 100.0 Its
2612.0 9092.0 336.0 104.0 board
2996.0 9100.0 120.0 92.0 of
3208.0 9096.0 568.0 100.0 directors

968.0 9240.0 128.0 76.0 or
1136.0 9191.0 780.0 128.0 .stockholders
1960.0 9208.0 712.0 108.0 authorizlne
2712.0 9212.0 188.0 96.0 the
2940.0 9208.0 312.0 116.0 filing
3300.0 9212.0 444.0 100.0 thereof
3744.0 9280.0 28.0 44.0 ,

976.0 9328.0 224.0 104.0 and
1252.0 9332.0 240.0 100.0 also
1540.0 9328.0 708.0 104.0 authorizing
2296.0 9328.0 192.0 100.0 the
2532.0 9323.0 428.0 104.0 service
3004.0 9332.0 120.0 92.0 of
3172.0 9352.0 444.0 96.0 process
3668.0 9328.0 116.0 96.0 to

972.0 9447.0 136.0 100.0 bo
1160.0 9447.0 320.0 100.0 made
1528.0 9472.0 300.0 76.0 unon
1880.0 9468.0 224.0 96.0 any
2152.0 9447.0 124.0 96.0 of
2348.0 9443.0 144.0 100.0 Its
2552.0 9439.0 432.0 104.0 ofllcers
3028.0 9468.0 124.0 72.0 or
3196.0 9452.0 400.0 104.0 agents
3652.0 9443.0 116.0 96.0 in

976.0 9564.0 228.0 104.0 this
1312.0 9571.0 288.0 92.0 state
1704.0 9560.0 508.0 120.0 engaged
2324.0 9564.0 112.0 96.0 in
2552.0 9560.0 704.0 120.0 transacting
3304.0 9571.0 144.0 84.0 its
3496.0 9560.0 240.0 96.0 busi-

976.0 9703.0 268.0 76.0 ness
1252.0 9755.0 24.0 44.0 ,
1328.0 9680.0 220.0 100.0 and
1668.0 9676.0 648.0 124.0 requesting
2424.0 9680.0 188.0 96.0 the
2724.0 9676.0 516.0 100.0 Issuance
3324.0 9684.0 116.0 88.0 to
3504.0 9676.0 272.0 96.0 such

976.0 9804.0 700.0 112.0 corporation
1732.0 9804.0 116.0 92.0 of
1940.0 9823.0 64.0 72.0 a
2056.0 9788.0 400.0 120.0 permit
2524.0 9800.0 116.0 92.0 to
2708.0 9800.0 492.0 92.0 transact
3248.0 9788.0 528.0 104.0 business

980.0 9916.0 116.0 100.0 In
1156.0 9916.0 224.0 96.0 this
1424.0 9920.0 320.0 92.0 state.
1872.0 9912.0 268.0 104.0 Said
2192.0 9908.0 684.0 124.0 application
2952.0 9916.0 112.0 92.0 to
3148.0 9908.0 464.0 104.0 contain
3708.0 9932.0 68.0 72.0 a

976.0 10028.0 660.0 124.0 fctlpuhtlon
1696.0 10040.0 240.0 88.0 that
1980.0 10024.0 240.0 104.0 said
2272.0 10028.0 400.0 120.0 permit
2788.0 10028.0 216.0 96.0 hall
3100.0 10024.0 132.0 100.0 be
3316.0 10024.0 444.0 120.0 subject

980.0 10160.0 120.0 84.0 to
1224.0 10147.0 268.0 96.0 each
1624.0 10147.0 120.0 92.0 of
1872.0 10143.0 192.0 100.0 the
2188.0 10139.0 632.0 112.0 provisions
2944.0 10139.0 124.0 96.0 of
3248.0 10139.0 232.0 100.0 this
3600.0 10147.0 184.0 92.0 act

980.0 10260.0 228.0 100.0 and
1264.0 10271.0 188.0 88.0 the
1500.0 10260.0 272.0 100.0 laws
1808.0 10263.0 116.0 92.0 of
2052.0 10256.0 620.0 100.0 Nebraska.
2800.0 10256.0 272.0 100.0 And
3164.0 10256.0 612.0 108.0 thereupon

980.0 10376.0 192.0 104.0 the
1216.0 10404.0 88.0 72.0 si
1344.0 10404.0 64.0 76.0 c
1468.0 10384.0 312.0 112.0 rtary
1824.0 10376.0 124.0 96.0 of
1992.0 10372.0 228.0 100.0 this
2264.0 10384.0 288.0 88.0 state
2596.0 10372.0 288.0 100.0 shall
2940.0 10376.0 300.0 96.0 Issue
3324.0 10376.0 112.0 96.0 to
3512.0 10376.0 272.0 96.0 such

980.0 10496.0 708.0 116.0 corponitlon
1744.0 10519.0 64.0 68.0 a
1852.0 10488.0 404.0 124.0 permit
2312.0 10496.0 108.0 92.0 In
2480.0 10492.0 264.0 96.0 such
2800.0 10488.0 280.0 100.0 form
3132.0 10512.0 124.0 76.0 as
3300.0 10488.0 144.0 104.0 he
3524.0 10512.0 248.0 96.0 may

976.0 10608.0 552.0 104.0 prescribe
1576.0 10608.0 176.0 96.0 for
1796.0 10604.0 184.0 100.0 the
2028.0 10600.0 456.0 104.0 ireneral
2580.0 10604.0 688.0 104.0 transaction
3356.0 10604.0 124.0 100.0 of
3588.0 10604.0 188.0 100.0 the

976.0 10704.0 524.0 120.0 business
1544.0 10724.0 124.0 96.0 of
1712.0 10720.0 268.0 104.0 such
2028.0 10720.0 748.0 124.0 corporation.
2904.0 10720.0 268.0 100.0 And
3224.0 10744.0 304.0 100.0 upon
3600.0 10720.0 188.0 100.0 the

980.0 10843.0 516.0 96.0 Issuance
1560.0 10839.0 120.0 96.0 of
1788.0 10835.0 268.0 104.0 such
2164.0 10839.0 404.0 104.0 nrmlt
2676.0 10835.0 268.0 100.0 such
3056.0 10835.0 724.0 112.0 corporation

980.0 10956.0 288.0 104.0 bhall
1320.0 10959.0 440.0 96.0 become
1808.0 10984.0 60.0 68.0 a
1916.0 10959.0 704.0 116.0 corporation
2672.0 10956.0 120.0 96.0 of
2840.0 10952.0 188.0 104.0 the
3072.0 10963.0 288.0 92.0 state
3404.0 10952.0 124.0 100.0 of
3576.0 10948.0 172.0 104.0 Ne-

992.0 11076.0 392.0 96.0 braska
1400.0 11144.0 20.0 40.0 ,
1476.0 11068.0 224.0 104.0 and
1744.0 11080.0 124.0 92.0 be
1908.0 11072.0 592.0 108.0 permitted
2536.0 11084.0 112.0 84.0 to
2680.0 11068.0 488.0 104.0 conduct
3204.0 11068.0 224.0 100.0 and
3468.0 11091.0 320.0 96.0 carry-

984.0 11211.0 148.0 76.0 on
1188.0 11192.0 144.0 96.0 its
1380.0 11184.0 516.0 104.0 business
1940.0 11188.0 116.0 100.0 in
2112.0 11188.0 224.0 96.0 this
2380.0 11192.0 288.0 96.0 Mate
2676.0 11256.0 24.0 40.0 ,
2740.0 11184.0 224.0 100.0 and
3056.0 11184.0 284.0 104.0 shall
3444.0 11184.0 312.0 100.0 there-

988.0 11308.0 296.0 96.0 after
1332.0 11304.0 124.0 100.0 be
1504.0 11300.0 544.0 104.0 endowed
2108.0 11300.0 268.0 100.0 with
2420.0 11304.0 148.0 96.0 all
2620.0 11300.0 188.0 100.0 the
2856.0 11300.0 384.0 120.0 ri.'hts
3316.0 11324.0 468.0 84.0 powers.

988.0 11400.0 592.0 140.0 privileges
1588.0 11492.0 24.0 40.0 ,
1652.0 11415.0 704.0 104.0 immunities
2388.0 11420.0 216.0 96.0 ami
2656.0 11415.0 624.0 100.0 franchises
3320.0 11415.0 472.0 100.0 irranted

992.0 11548.0 116.0 92.0 to
1152.0 11535.0 768.0 104.0 coronations
1964.0 11539.0 120.0 92.0 of
2124.0 11535.0 220.0 96.0 this
2384.0 11543.0 288.0 88.0 state
2676.0 11608.0 24.0 36.0 ,
2756.0 11535.0 220.0 96.0 and
3028.0 11531.0 284.0 100.0 shall
3364.0 11535.0 132.0 96.0 bo
3544.0 11535.0 204.0 96.0 sub-

988.0 11655.0 228.0 120.0 ject
1304.0 11659.0 112.0 92.0 to
1504.0 11655.0 184.0 96.0 the
1792.0 11648.0 676.0 104.0 obligations
2476.0 11723.0 24.0 36.0 ,
2616.0 11648.0 572.0 104.0 liabilities
3296.0 11652.0 228.0 100.0 and
3636.0 11676.0 112.0 72.0 re

992.0 11744.0 572.0 128.0 strlctlons
1616.0 11768.0 488.0 136.0 imposed
2156.0 11768.0 140.0 120.0 by
2348.0 11772.0 44.0 96.0 t
2436.0 11791.0 100.0 76.0 te
2584.0 11768.0 276.0 96.0 laws
2960.0 11768.0 128.0 96.0 of
3192.0 11772.0 224.0 96.0 this
3504.0 11772.0 292.0 96.0 state

992.0 11911.0 144.0 76.0 on
1248.0 11896.0 772.0 100.0 corporations
2028.0 11960.0 24.0 40.0 ,
2164.0 11888.0 224.0 96.0 and
2500.0 11880.0 284.0 104.0 shall
2916.0 11884.0 608.0 100.0 thereafter
3668.0 11884.0 128.0 100.0 be

992.0 12000.0 532.0 120.0 estopped
1576.0 12004.0 284.0 96.0 from
1908.0 12000.0 508.0 120.0 denying
2460.0 12000.0 248.0 100.0 that
2744.0 12000.0 84.0 100.0 It
2856.0 12024.0 96.0 76.0 is
2984.0 12028.0 68.0 72.0 a
3084.0 12000.0 708.0 128.0 corporation

996.0 12120.0 124.0 100.0 of
1168.0 12128.0 188.0 92.0 the
1416.0 12124.0 288.0 92.0 state
1752.0 12116.0 120.0 96.0 of
1936.0 12111.0 616.0 108.0 Nebraska.

1116.0 12235.0 240.0 100.0 Sec.
1400.0 12244.0 24.0 36.0 '
1404.0 12303.0 56.0 24.0 -
1464.0 12303.0 28.0 32.0 .
1564.0 12231.0 180.0 104.0 No
1792.0 12235.0 440.0 120.0 foreign
2324.0 12227.0 704.0 112.0 corporation
3120.0 12227.0 368.0 108.0 which
3588.0 12231.0 204.0 96.0 has

996.0 12367.0 204.0 84.0 not
1248.0 12351.0 112.0 100.0 In
1416.0 12348.0 280.0 120.0 good
1800.0 12351.0 284.0 100.0 faith
2172.0 12348.0 552.0 104.0 compiled
2820.0 12348.0 272.0 100.0 with
3144.0 12348.0 188.0 104.0 the
3384.0 12348.0 372.0 120.0 provis-

1000.0 12448.0 252.0 120.0 ions
1296.0 12472.0 120.0 92.0 of
1464.0 12468.0 224.0 100.0 this
1732.0 12476.0 176.0 92.0 act
1952.0 12464.0 224.0 104.0 and
2228.0 12464.0 336.0 100.0 taken
2620.0 12472.0 196.0 96.0 out
2904.0 12491.0 64.0 72.0 a
3016.0 12460.0 400.0 128.0 permit
3428.0 12536.0 24.0 44.0 ,
3508.0 12460.0 284.0 104.0 shall

996.0 12584.0 560.0 100.0 hereafter
1592.0 12584.0 132.0 96.0 be
1760.0 12584.0 644.0 100.0 authorized
2452.0 12592.0 112.0 88.0 to
2640.0 12580.0 492.0 104.0 exercise
3180.0 12584.0 188.0 100.0 the
3416.0 12603.0 380.0 96.0 power

992.0 12700.0 128.0 96.0 of
1160.0 12696.0 512.0 104.0 eminent
1720.0 12696.0 456.0 104.0 domain
2244.0 12720.0 124.0 80.0 or
2452.0 12704.0 492.0 96.0 exercise
3052.0 12720.0 228.0 92.0 any
3376.0 12700.0 124.0 96.0 of
3604.0 12696.0 188.0 100.0 the

988.0 12816.0 360.0 116.0 rights
1400.0 12811.0 220.0 100.0 and
1680.0 12816.0 596.0 104.0 privileges
2360.0 12816.0 588.0 100.0 conferred
3040.0 12836.0 300.0 80.0 tinon
3392.0 12836.0 340.0 96.0 corpo-

988.0 12931.0 428.0 100.0 rations
1468.0 12927.0 292.0 100.0 until
1832.0 12940.0 244.0 92.0 thev
2144.0 12931.0 280.0 100.0 have
2468.0 12956.0 128.0 72.0 so
2640.0 12927.0 556.0 112.0 compiled
3244.0 12927.0 548.0 104.0 herewith

992.0 13044.0 224.0 104.0 and
1272.0 13044.0 340.0 104.0 taken
1664.0 13059.0 192.0 84.0 out
1904.0 13040.0 272.0 104.0 such
2232.0 13047.0 432.0 116.0 permit.

1112.0 13164.0 248.0 100.0 Sec.
1420.0 13168.0 24.0 32.0 '
1444.0 13168.0 32.0 76.0 '
1480.0 13232.0 28.0 32.0 .
1580.0 13164.0 272.0 116.0 Any
1960.0 13164.0 440.0 108.0 lorelgn
2488.0 13160.0 700.0 124.0 corporation
3356.0 13160.0 208.0 104.0 ued
3672.0 13187.0 124.0 76.0 or

992.0 13272.0 628.0 128.0 implcadcd
1672.0 13276.0 112.0 100.0 in
1840.0 13296.0 228.0 104.0 any
2112.0 13280.0 124.0 96.0 of
2280.0 13280.0 184.0 100.0 the
2512.0 13288.0 376.0 92.0 courts
2976.0 13280.0 124.0 96.0 of
3192.0 13276.0 228.0 100.0 this
3504.0 13288.0 292.0 92.0 state

992.0 13420.0 128.0 76.0 or
1160.0 13420.0 224.0 92.0 any
1428.0 13400.0 508.0 96.0 contract
2044.0 13392.0 324.0 104.0 made
2452.0 13420.0 128.0 76.0 or
2676.0 13396.0 540.0 100.0 executed
3328.0 13392.0 112.0 100.0 in
3556.0 13396.0 228.0 100.0 this

992.0 13520.0 288.0 96.0 state
1288.0 13588.0 24.0 44.0 ,
1364.0 13536.0 120.0 76.0 or
1528.0 13520.0 112.0 88.0 to
1688.0 13512.0 132.0 100.0 be
1872.0 13507.0 632.0 116.0 performed
2596.0 13507.0 116.0 104.0 in
2804.0 13512.0 224.0 100.0 this
3072.0 13516.0 292.0 96.0 state
3368.0 13584.0 28.0 48.0 ,
3448.0 13536.0 124.0 76.0 or
3616.0 13516.0 180.0 92.0 for

996.0 13652.0 224.0 96.0 any
1268.0 13635.0 172.0 96.0 act
1488.0 13652.0 128.0 76.0 or
1660.0 13627.0 536.0 100.0 omission
2216.0 13695.0 24.0 28.0 ,
2296.0 13623.0 372.0 124.0 public
2756.0 13652.0 120.0 72.0 or
2960.0 13623.0 436.0 120.0 private
3400.0 13704.0 28.0 40.0 ,
3520.0 13627.0 228.0 100.0 aris-

996.0 13768.0 200.0 96.0 ing
1204.0 13815.0 32.0 44.0 ,
1284.0 13743.0 696.0 112.0 originating
2024.0 13768.0 120.0 72.0 or
2208.0 13724.0 656.0 140.0 happening
2952.0 13747.0 116.0 92.0 in
3160.0 13743.0 188.0 104.0 the
3456.0 13751.0 292.0 92.0 state
3756.0 13815.0 24.0 44.0 ,

1000.0 13887.0 124.0 72.0 or
1168.0 13852.0 116.0 108.0 In
1336.0 13883.0 224.0 92.0 any
1608.0 13860.0 368.0 100.0 action
2032.0 13868.0 116.0 92.0 in
2200.0 13860.0 372.0 116.0 any\vl
2648.0 13883.0 56.0 72.0 c
2744.0 13856.0 636.0 124.0 pertaining
3436.0 13868.0 116.0 88.0 to
3600.0 13860.0 188.0 100.0 the

1000.0 13984.0 520.0 112.0 property
1564.0 13999.0 132.0 76.0 or
1736.0 13976.0 512.0 116.0 growing
2292.0 13984.0 196.0 88.0 out
2536.0 13976.0 124.0 96.0 of
2704.0 13995.0 228.0 96.0 any
2992.0 13980.0 120.0 92.0 ot
3204.0 13980.0 188.0 96.0 the
3440.0 13980.0 360.0 92.0 trans-

1004.0 14075.0 600.0 116.0 actions'of
1688.0 14092.0 268.0 100.0 such
2008.0 14088.0 708.0 120.0 corporation
2776.0 14092.0 108.0 100.0 In
2944.0 14088.0 220.0 100.0 this
3212.0 14096.0 292.0 92.0 state
3556.0 14092.0 248.0 96.0 who

1000.0 14212.0 288.0 96.0 shall
1340.0 14232.0 444.0 72.0 romova
1828.0 14224.0 228.0 100.0 any
2100.0 14203.0 276.0 100.0 such
2464.0 14228.0 332.0 76.0 cause
2844.0 14207.0 288.0 96.0 from
3180.0 14212.0 276.0 96.0 such
3504.0 14207.0 292.0 96.0 state

992.0 14327.0 316.0 92.0 court
1356.0 14319.0 240.0 96.0 into
1640.0 14344.0 228.0 88.0 any
1916.0 14319.0 124.0 96.0 of
2128.0 14319.0 192.0 96.0 the
2416.0 14323.0 424.0 92.0 federal
2928.0 14327.0 376.0 88.0 courts
3360.0 14315.0 252.0 100.0 hold
3660.0 14340.0 128.0 76.0 or

992.0 14436.0 408.0 112.0 sitting
1448.0 14432.0 112.0 100.0 In
1612.0 14436.0 224.0 96.0 this
1884.0 14439.0 288.0 92.0 state
2252.0 14432.0 180.0 96.0 for
2512.0 14436.0 188.0 92.0 the
2800.0 14455.0 336.0 76.0 cause
3228.0 14432.0 236.0 100.0 that
3512.0 14432.0 272.0 96.0 such

988.0 14552.0 704.0 116.0 corporation
1752.0 14548.0 88.0 100.0 is
1928.0 14571.0 64.0 72.0 a
2064.0 14544.0 780.0 100.0 non-resident
2892.0 14548.0 124.0 96.0 of
3056.0 14544.0 228.0 100.0 this
3328.0 14552.0 288.0 92.0 state
3664.0 14567.0 128.0 76.0 era

988.0 14692.0 64.0 72.0 a
1100.0 14660.0 492.0 108.0 resident
1636.0 14668.0 116.0 92.0 ot
1804.0 14668.0 480.0 100.0 another
2324.0 14664.0 292.0 96.0 state
2620.0 14732.0 24.0 32.0 ,
2700.0 14660.0 516.0 120.0 territory
3264.0 14684.0 128.0 76.0 or
3432.0 14680.0 288.0 80.0 coun-

988.0 14784.0 176.0 116.0 try
1272.0 14780.0 268.0 104.0 than
1656.0 14784.0 244.0 96.0 that
2000.0 14775.0 124.0 100.0 of
2228.0 14775.0 188.0 100.0 the
2524.0 14775.0 464.0 100.0 adverse
3072.0 14784.0 320.0 112.0 party
3404.0 14848.0 32.0 44.0 ,
3484.0 14800.0 128.0 76.0 or
3656.0 14775.0 124.0 100.0 of

988.0 14891.0 280.0 108.0 local
1372.0 14891.0 576.0 128.0 prejudice
2068.0 14891.0 448.0 124.0 against
2640.0 14891.0 272.0 104.0 such
3032.0 14891.0 712.0 124.0 corporation

992.0 15011.0 288.0 100.0 shall
1448.0 15011.0 620.0 116.0 thereupon
2220.0 15008.0 384.0 100.0 forfeit
2712.0 15011.0 224.0 96.0 and
3040.0 15008.0 408.0 100.0 render
3548.0 15008.0 200.0 100.0 nut

996.0 15128.0 228.0 104.0 and
1316.0 15128.0 256.0 100.0 void
1676.0 15147.0 228.0 96.0 any
2012.0 15124.0 404.0 120.0 permit
2520.0 15124.0 376.0 100.0 Issued
3000.0 15147.0 128.0 72.0 or
3228.0 15124.0 564.0 112.0 authority

996.0 15244.0 472.0 124.0 granted
1516.0 15252.0 116.0 92.0 to
1672.0 15244.0 272.0 100.0 such
1992.0 15236.0 700.0 112.0 corporation
2748.0 15248.0 120.0 88.0 to
2944.0 15244.0 500.0 100.0 transact
3496.0 15240.0 244.0 96.0 busi-

1004.0 15384.0 260.0 80.0 ness
1316.0 15364.0 108.0 96.0 In
1528.0 15360.0 188.0 100.0 the
1816.0 15364.0 288.0 96.0 state
2108.0 15432.0 28.0 40.0 ,
2204.0 15360.0 276.0 96.0 such
2588.0 15352.0 592.0 104.0 forfeiture
3264.0 15368.0 116.0 84.0 to
3424.0 15356.0 132.0 100.0 be
3600.0 15356.0 144.0 100.0 de-

996.0 15475.0 556.0 100.0 termined
1608.0 15488.0 280.0 88.0 trom
1936.0 15480.0 192.0 92.0 the
2168.0 15467.0 384.0 104.0 record
2640.0 15471.0 124.0 100.0 of
2848.0 15471.0 488.0 104.0 removal
3392.0 15471.0 228.0 100.0 and
3672.0 15484.0 116.0 88.0 to

1000.0 15591.0 256.0 104.0 date
1300.0 15591.0 292.0 100.0 from
1644.0 15591.0 192.0 100.0 tlm
1876.0 15587.0 260.0 104.0 date
2180.0 15591.0 124.0 96.0 of
2348.0 15587.0 320.0 120.0 tiling
2712.0 15583.0 124.0 104.0 of
2880.0 15587.0 184.0 100.0 the
3108.0 15587.0 688.0 124.0 application

1000.0 15707.0 120.0 104.0 of
1172.0 15688.0 364.0 124.0 which
1580.0 15704.0 272.0 104.0 such
1900.0 15707.0 492.0 100.0 removal
2448.0 15704.0 92.0 100.0 Is
2572.0 15707.0 468.0 96.0 affected
3052.0 15775.0 28.0 44.0 ,
3148.0 15700.0 228.0 108.0 and
3428.0 15715.0 328.0 88.0 when-

1000.0 15847.0 264.0 80.0 ever
1304.0 15847.0 228.0 92.0 any
1576.0 15824.0 700.0 104.0 corporation
2384.0 15820.0 288.0 100.0 shall
2784.0 15824.0 264.0 96.0 thns
3156.0 15820.0 392.0 108.0 forfeit
3652.0 15824.0 148.0 96.0 its

1004.0 15944.0 244.0 100.0 said
1296.0 15936.0 404.0 124.0 permit
1748.0 15959.0 152.0 76.0 no
1952.0 15959.0 252.0 80.0 new
2252.0 15944.0 400.0 108.0 permit
2732.0 15936.0 292.0 104.0 .shall
3072.0 15936.0 132.0 104.0 bo
3252.0 15936.0 372.0 104.0 issued
3676.0 15948.0 120.0 88.0 to

1008.0 16056.0 88.0 104.0 it
1148.0 16060.0 176.0 96.0 for
1368.0 16056.0 188.0 96.0 the
1640.0 16076.0 328.0 92.0 space
2048.0 16052.0 124.0 100.0 of
2280.0 16052.0 308.0 100.0 three
2696.0 16052.0 368.0 100.0 moths
3064.0 16128.0 32.0 44.0 ,
3188.0 16056.0 388.0 100.0 unless
3620.0 16052.0 188.0 104.0 the

1004.0 16196.0 564.0 96.0 governor
1664.0 16167.0 284.0 100.0 shall
1960.0 16240.0 28.0 40.0 ,
2136.0 16171.0 180.0 96.0 for
2452.0 16171.0 712.0 120.0 satisfactory
3292.0 16196.0 464.0 80.0 reasons
3764.0 16244.0 24.0 48.0 ,

1008.0 16312.0 336.0 80.0 cause
1392.0 16287.0 84.0 100.0 It
1524.0 16295.0 112.0 92.0 to
1680.0 16287.0 132.0 96.0 be
1856.0 16283.0 376.0 104.0 issued
2280.0 16308.0 432.0 80.0 sooner.

1128.0 16403.0 208.0 100.0 Sec
1332.0 16479.0 36.0 40.0 ,
1412.0 16407.0 104.0 96.0 4.
1588.0 16403.0 280.0 116.0 Any
1912.0 16400.0 436.0 120.0 foreign
2396.0 16400.0 708.0 124.0 corporation
3176.0 16400.0 248.0 104.0 that
3504.0 16403.0 244.0 96.0 shal

1008.0 16547.0 316.0 92.0 carry
1368.0 16543.0 144.0 76.0 on
1568.0 16520.0 144.0 96.0 Its
1760.0 16520.0 516.0 100.0 business
2320.0 16516.0 224.0 100.0 and
2632.0 16527.0 496.0 96.0 tiansact
3224.0 16520.0 188.0 104.0 the
3496.0 16543.0 308.0 76.0 same

1012.0 16659.0 144.0 76.0 on
1208.0 16636.0 224.0 104.0 and
1480.0 16636.0 300.0 100.0 after
1864.0 16636.0 404.0 116.0 ninety
2348.0 16632.0 280.0 124.0 days
2712.0 16636.0 300.0 100.0 after
3096.0 16640.0 144.0 96.0 its
3348.0 16659.0 468.0 92.0 passage

1016.0 16756.0 220.0 96.0 ahd
1280.0 16748.0 528.0 128.0 approval
1852.0 16752.0 120.0 96.0 of
2016.0 16748.0 224.0 100.0 this
2280.0 16752.0 212.0 108.0 act.
2588.0 16748.0 116.0 100.0 In
2820.0 16760.0 184.0 92.0 the
3068.0 16760.0 292.0 92.0 state
3396.0 16756.0 124.0 92.0 of
3564.0 16752.0 244.0 100.0 Ne-

1012.0 16867.0 632.0 116.0 bmsk.by
1692.0 16867.0 144.0 100.0 its
1920.0 16867.0 428.0 100.0 ofticer.s
2360.0 16940.0 24.0 36.0 ,
2452.0 16867.0 400.0 104.0 azents
2956.0 16892.0 124.0 76.0 or
3176.0 16867.0 596.0 104.0 otherwise

1020.0 16987.0 476.0 100.0 without
1560.0 16983.0 420.0 120.0 hating
2080.0 16971.0 552.0 132.0 compiled
2744.0 16979.0 272.0 104.0 with
3084.0 16987.0 224.0 96.0 this
3396.0 16991.0 376.0 96.0 statut.
3756.0 17035.0 16.0 44.0 .

1020.0 17103.0 228.0 100.0 and
1296.0 17103.0 340.0 96.0 taken
1680.0 17107.0 204.0 88.0 out
1948.0 17096.0 228.0 104.0 and
2260.0 17096.0 388.0 104.0 havin.
2648.0 17123.0 36.0 80.0 :
2792.0 17128.0 64.0 72.0 a
2964.0 17099.0 300.0 100.0 valid
3376.0 17107.0 396.0 116.0 permit

1020.0 17216.0 288.0 100.0 shall
1360.0 17216.0 380.0 100.0 forfeit
1788.0 17212.0 228.0 108.0 and
2064.0 17235.0 216.0 96.0 pay
2328.0 17223.0 116.0 88.0 to
2488.0 17212.0 184.0 104.0 the
2716.0 17220.0 288.0 96.0 state
3052.0 17220.0 172.0 96.0 for
3264.0 17216.0 272.0 104.0 each
3580.0 17223.0 228.0 96.0 and

1020.0 17355.0 336.0 92.0 every
1404.0 17332.0 220.0 120.0 day
1688.0 17332.0 268.0 100.0 such
2036.0 17328.0 524.0 104.0 business
2668.0 17351.0 92.0 80.0 is
2868.0 17336.0 636.0 100.0 transacted
3592.0 17336.0 216.0 96.0 am"

1020.0 17448.0 424.0 100.0 carried
1488.0 17468.0 140.0 76.0 on
1644.0 17516.0 28.0 48.0 ,
1724.0 17448.0 184.0 100.0 the
1992.0 17468.0 248.0 80.0 Mini
2324.0 17444.0 120.0 100.0 of
2508.0 17468.0 220.0 80.0 one
2828.0 17444.0 508.0 108.0 hundred
3460.0 17448.0 304.0 124.0 (5103
3460.0 17452.0 40.0 120.0 (

1020.0 17563.0 420.0 104.0 dollars
1448.0 17636.0 28.0 44.0 ,
1528.0 17572.0 116.0 92.0 to
1692.0 17563.0 128.0 96.0 be
1864.0 17559.0 588.0 104.0 recovered
2496.0 17563.0 144.0 112.0 by
2684.0 17563.0 224.0 100.0 stilt
2980.0 17563.0 116.0 100.0 in
3196.0 17588.0 224.0 96.0 any
3508.0 17592.0 260.0 76.0 emir

1024.0 17679.0 412.0 112.0 laving
1476.0 17675.0 752.0 120.0 Jurisllction.
2360.0 17675.0 268.0 100.0 And
2676.0 17704.0 224.0 92.0 any
2968.0 17687.0 336.0 108.0 agent
3320.0 17743.0 28.0 48.0 ,
3444.0 17683.0 376.0 104.0 olllcer

1024.0 17819.0 124.0 76.0 or
1188.0 17799.0 512.0 112.0 emplo\e
1748.0 17795.0 252.0 100.0 who
2044.0 17792.0 284.0 104.0 shall
2364.0 17792.0 660.0 124.0 knowingly
3068.0 17807.0 184.0 92.0 act
3292.0 17819.0 128.0 80.0 or
3460.0 17807.0 360.0 92.0 trans-

1024.0 17927.0 180.0 88.0 net
1244.0 17912.0 272.0 104.0 such
1564.0 17912.0 512.0 100.0 business
2128.0 17916.0 176.0 96.0 for
2344.0 17912.0 268.0 100.0 such
2680.0 17916.0 704.0 116.0 corporation
3400.0 17987.0 24.0 40.0 ,
3484.0 17923.0 324.0 92.0 when

1024.0 18032.0 88.0 100.0 It
1156.0 18028.0 200.0 100.0 has
1404.0 18051.0 148.0 76.0 no
1636.0 18028.0 300.0 100.0 valid
2040.0 18028.0 396.0 112.0 permit
2540.0 18051.0 124.0 76.0 as
2772.0 18028.0 380.0 100.0 herein
3244.0 18032.0 528.0 120.0 provided
3788.0 18108.0 28.0 44.0 ,

1032.0 18148.0 284.0 100.0 shall
1368.0 18148.0 128.0 96.0 be
1536.0 18144.0 360.0 120.0 guilty
1980.0 18148.0 124.0 96.0 of
2180.0 18172.0 68.0 72.0 a
2316.0 18144.0 820.0 100.0 misdemeanor
3136.0 18216.0 28.0 44.0 ,
3272.0 18144.0 232.0 108.0 uud
3608.0 18156.0 180.0 92.0 for

1016.0 18263.0 268.0 100.0 each
1332.0 18263.0 428.0 100.0 offense
1804.0 18259.0 288.0 104.0 shall
2140.0 18259.0 132.0 100.0 be
2320.0 18259.0 296.0 100.0 lined
2668.0 18268.0 200.0 92.0 not
2920.0 18272.0 112.0 88.0 to
3104.0 18272.0 416.0 92.0 exceed
3600.0 18292.0 188.0 72.0 out
3792.0 18296.0 28.0 68.0 )

1024.0 18375.0 512.0 104.0 hundred
1600.0 18396.0 28.0 80.0 (
1648.0 18379.0 296.0 112.0 S100)
1908.0 18379.0 36.0 112.0 )
2028.0 18375.0 412.0 100.0 dollars
2448.0 18447.0 28.0 44.0 ,
2528.0 18400.0 128.0 76.0 or
2708.0 18375.0 696.0 120.0 Imprisoned
3456.0 18383.0 120.0 96.0 In
3628.0 18379.0 188.0 104.0 the

1020.0 18507.0 420.0 104.0 county
1484.0 18472.0 200.0 140.0 jail
1732.0 18499.0 204.0 88.0 not
1980.0 18499.0 112.0 92.0 to
2136.0 18491.0 408.0 100.0 exceed
2596.0 18491.0 352.0 124.0 thirty
2992.0 18491.0 280.0 124.0 days
3316.0 18495.0 232.0 104.0 und
3596.0 18524.0 220.0 96.0 pay

1028.0 18608.0 152.0 100.0 all
1228.0 18616.0 188.0 92.0 the
1456.0 18616.0 300.0 88.0 costs
1800.0 18616.0 112.0 88.0 ot
1964.0 18612.0 744.0 120.0 prosecution.

1152.0 18720.0 244.0 104.0 Sec.
1444.0 18724.0 92.0 96.0 5.
1608.0 18720.0 468.0 108.0 All.acis
2120.0 18728.0 224.0 92.0 and
2396.0 18728.0 304.0 96.0 parts
2744.0 18720.0 124.0 100.0 of
2936.0 18728.0 236.0 96.0 acts
3216.0 18724.0 552.0 104.0 inconsist-

1032.0 18852.0 200.0 88.0 ent
1280.0 18835.0 268.0 100.0 with
1600.0 18835.0 184.0 100.0 the
1832.0 18835.0 632.0 116.0 provisions
2512.0 18835.0 384.0 100.0 hereof
2984.0 18864.0 184.0 72.0 are
3212.0 18835.0 416.0 124.0 hereby
3672.0 18868.0 112.0 76.0 re-

1032.0 18951.0 392.0 124.0 pealed
1452.0 18976.0 36.0 84.0 ;
1540.0 18951.0 524.0 120.0 provided
2080.0 19023.0 24.0 44.0 ,
2148.0 18951.0 244.0 100.0 that
2480.0 18951.0 484.0 116.0 nothing
3044.0 18955.0 608.0 100.0 contained
3704.0 18959.0 120.0 96.0 In

1036.0 19067.0 232.0 104.0 this
1308.0 19071.0 180.0 96.0 act
1524.0 19063.0 284.0 104.0 shall
1860.0 19059.0 408.0 108.0 relieve
2312.0 19087.0 228.0 92.0 any
2620.0 19091.0 564.0 112.0 company
3184.0 19139.0 28.0 44.0 ,
3304.0 19091.0 464.0 100.0 corpora

1036.0 19184.0 280.0 108.0 tion.
1368.0 19180.0 680.0 104.0 association
2096.0 19203.0 128.0 76.0 or
2268.0 19180.0 716.0 120.0 partnership
3028.0 19184.0 288.0 100.0 from
3368.0 19187.0 188.0 96.0 the
3600.0 19211.0 196.0 100.0 per-

1036.0 19304.0 588.0 100.0 formance
1668.0 19300.0 124.0 96.0 of
1832.0 19319.0 224.0 96.0 any
2100.0 19296.0 280.0 120.0 duty
2424.0 19319.0 124.0 76.0 or
2592.0 19296.0 616.0 108.0 obligation
3280.0 19323.0 256.0 80.0 now
3624.0 19331.0 136.0 72.0 en-

1028.0 19416.0 392.0 124.0 joined
1508.0 19439.0 300.0 96.0 upon
1896.0 19416.0 304.0 100.0 them
2300.0 19436.0 128.0 76.0 or
2524.0 19416.0 512.0 124.0 required
3112.0 19420.0 128.0 96.0 of
3304.0 19416.0 296.0 104.0 them
3616.0 19492.0 24.0 48.0 ,
3692.0 19443.0 128.0 80.0 or

1036.0 19535.0 360.0 100.0 either
1436.0 19540.0 116.0 92.0 ot
1604.0 19531.0 300.0 100.0 them
1916.0 19600.0 24.0 40.0 ,
1996.0 19527.0 140.0 124.0 by
2184.0 19527.0 188.0 100.0 the
2412.0 19527.0 276.0 104.0 laws
2736.0 19556.0 256.0 76.0 now
3044.0 19531.0 116.0 100.0 in
3212.0 19535.0 332.0 100.0 force.

1156.0 19647.0 408.0 104.0 llcccbs
1612.0 19672.0 232.0 76.0 was
1884.0 19647.0 264.0 104.0 then
2204.0 19643.0 340.0 104.0 taken
2596.0 19647.0 292.0 100.0 until
2928.0 19651.0 64.0 92.0 2
3056.0 19676.0 100.0 96.0 p.
3208.0 19676.0 156.0 80.0 in.

1744.0 19783.0 768.0 84.0 AFTEllXOOX
2592.0 19787.0 116.0 76.0 SV
2704.0 19787.0 92.0 80.0 >
2812.0 19787.0 308.0 84.0 SIOX.

1152.0 19880.0 244.0 104.0 The
1500.0 19891.0 392.0 92.0 senate
1996.0 19891.0 224.0 92.0 met
2264.0 19887.0 116.0 96.0 at
2472.0 19883.0 64.0 92.0 2
2580.0 19880.0 456.0 108.0 o'clock.
3164.0 19880.0 244.0 108.0 Thfi
3456.0 19883.0 196.0 104.0 bill
3704.0 19895.0 112.0 92.0 to

1036.0 20004.0 420.0 100.0 punish
1564.0 20000.0 724.0 124.0 provocation
2404.0 20000.0 180.0 100.0 for
2628.0 20000.0 416.0 104.0 assault
3096.0 20027.0 232.0 76.0 was
3376.0 20008.0 436.0 116.0 passed.

1040.0 20116.0 108.0 104.0 It
1248.0 20116.0 272.0 100.0 fixes
1620.0 20143.0 68.0 76.0 a
1788.0 20112.0 460.0 128.0 penalty
2296.0 20116.0 176.0 100.0 for
2572.0 20120.0 188.0 100.0 the
2808.0 20139.0 196.0 80.0 use
3048.0 20124.0 120.0 96.0 ot
3276.0 20120.0 556.0 124.0 Insulting

1032.0 20236.0 524.0 124.0 epithets.

1152.0 20351.0 204.0 104.0 Mr.
1420.0 20343.0 536.0 112.0 Wright's
1996.0 20339.0 196.0 112.0 bill
2248.0 20347.0 356.0 120.0 fixing
2668.0 20347.0 524.0 108.0 bounties
3240.0 20351.0 180.0 108.0 for
3460.0 20351.0 368.0 124.0 scalps

1036.0 20471.0 124.0 96.0 of
1236.0 20467.0 428.0 104.0 certain
1780.0 20459.0 260.0 112.0 wild
2096.0 20467.0 484.0 100.0 animals
2580.0 20539.0 28.0 40.0 ,
2724.0 20492.0 232.0 76.0 was
3004.0 20471.0 764.0 104.0 recommitted
3784.0 20547.0 28.0 40.0 ,

1036.0 20583.0 220.0 104.0 and
1308.0 20587.0 188.0 96.0 the
1540.0 20591.0 388.0 92.0 senate
1968.0 20583.0 508.0 104.0 resolved
2528.0 20583.0 308.0 104.0 Itself
2908.0 20591.0 236.0 96.0 Into
3188.0 20591.0 644.0 100.0 committee

1036.0 20707.0 124.0 92.0 of
1204.0 20704.0 184.0 100.0 the
1440.0 20704.0 356.0 100.0 whole
1840.0 20711.0 112.0 92.0 to
1996.0 20700.0 528.0 104.0 consider
2568.0 20704.0 116.0 100.0 it.
2812.0 20704.0 336.0 104.0 After
3192.0 20704.0 624.0 124.0 amending

1040.0 20820.0 88.0 100.0 It
1172.0 20843.0 120.0 72.0 so
1340.0 20839.0 120.0 80.0 as
1504.0 20828.0 116.0 92.0 to
1724.0 20816.0 460.0 120.0 provide
2284.0 20843.0 68.0 76.0 a
2392.0 20820.0 292.0 120.0 legal
2736.0 20843.0 244.0 100.0 way
3032.0 20820.0 108.0 104.0 In
3224.0 20828.0 364.0 100.0 which
3640.0 20835.0 188.0 92.0 the

1040.0 20936.0 516.0 100.0 bounties
1660.0 20936.0 328.0 100.0 could
2032.0 20932.0 132.0 104.0 be
2212.0 20936.0 256.0 124.0 paid
2480.0 21008.0 20.0 52.0 ,
2548.0 20936.0 188.0 104.0 the
2832.0 20936.0 192.0 104.0 bill
3076.0 20963.0 228.0 80.0 was
3408.0 20967.0 412.0 80.0 lecom-

1040.0 21051.0 480.0 100.0 mrndcd
1568.0 21064.0 116.0 84.0 to
1728.0 21076.0 288.0 96.0 pass.

1160.0 21163.0 176.0 100.0 Mr
1340.0 21235.0 28.0 36.0 ,
1416.0 21163.0 708.0 108.0 McXnmar's
2228.0 21163.0 192.0 104.0 bill
2464.0 21171.0 116.0 100.0 to
2644.0 21171.0 372.0 104.0 define
3056.0 21171.0 192.0 104.0 the
3280.0 21171.0 512.0 108.0 boundar

1048.0 21275.0 164.0 108.0 ies
1252.0 21279.0 124.0 100.0 of
1416.0 21279.0 688.0 108.0 Mcl'herson
2176.0 21299.0 420.0 100.0 county
2644.0 21311.0 228.0 76.0 was
2960.0 21291.0 864.0 100.0 recommended

1044.0 21403.0 120.0 92.0 to
1208.0 21419.0 288.0 92.0 pass.
1632.0 21396.0 212.0 104.0 Ills
1892.0 21400.0 188.0 100.0 bill
2148.0 21400.0 472.0 104.0 dclinlni
2620.0 21431.0 40.0 76.0 :
2708.0 21403.0 184.0 100.0 the
2984.0 21403.0 680.0 104.0 boundaries
3708.0 21411.0 124.0 96.0 of

1040.0 21512.0 436.0 104.0 Aithur
1516.0 21524.0 420.0 112.0 county
1984.0 21535.0 228.0 76.0 was
2252.0 21516.0 268.0 104.0 then
2576.0 21520.0 336.0 100.0 taken
2964.0 21543.0 184.0 100.0 up.
3200.0 21524.0 204.0 104.0 Mr.
3460.0 21520.0 380.0 108.0 Fuller

1044.0 21627.0 468.0 116.0 moving
1620.0 21640.0 116.0 88.0 to
1836.0 21644.0 408.0 88.0 amend
2296.0 21644.0 140.0 108.0 by
2480.0 21636.0 572.0 120.0 changing
3100.0 21640.0 188.0 100.0 the
3340.0 21663.0 332.0 80.0 name
3720.0 21648.0 116.0 92.0 to

1044.0 21743.0 648.0 108.0 McXamar.
1820.0 21743.0 204.0 104.0 Mr.
2088.0 21743.0 404.0 104.0 Urown
2544.0 21747.0 188.0 100.0 did
2788.0 21760.0 200.0 92.0 not
3032.0 21776.0 448.0 80.0 concur.
3620.0 21755.0 208.0 104.0 Mr.

264.0 21847.0 192.0 184.0 V
1048.0 21859.0 380.0 112.0 Fuller
1472.0 21867.0 380.0 96.0 meant
1892.0 21859.0 236.0 124.0 just
2180.0 21888.0 36.0 72.0 \
2216.0 21888.0 36.0 68.0 \
2284.0 21863.0 192.0 100.0 hat
2520.0 21859.0 140.0 104.0 he
2704.0 21863.0 236.0 100.0 said
2956.0 21935.0 24.0 48.0 ,
3032.0 21867.0 228.0 100.0 and
3372.0 21884.0 452.0 88.0 wanted

1048.0 21983.0 244.0 100.0 that
1336.0 21979.0 512.0 132.0 territory
1952.0 21975.0 368.0 104.0 which
2420.0 22003.0 232.0 76.0 was
2700.0 21983.0 716.0 120.0 represented
3468.0 21991.0 140.0 104.0 by
3652.0 21987.0 192.0 100.0 the

1044.0 22096.0 648.0 120.0 gentleman
1748.0 22103.0 284.0 96.0 trom
2092.0 22092.0 272.0 104.0 Daw
2372.0 22131.0 52.0 64.0 >
2428.0 22115.0 144.0 84.0 on
2636.0 22099.0 36.0 108.0 (
2692.0 22092.0 604.0 108.0 McNamar
3304.0 22111.0 40.0 112.0 )
3428.0 22103.0 408.0 100.0 named

1048.0 22216.0 296.0 96.0 after
1448.0 22212.0 240.0 100.0 thst
1788.0 22212.0 688.0 116.0 gentleman.
2608.0 22212.0 208.0 104.0 Mr.
2944.0 22216.0 624.0 100.0 Schmlnko
3668.0 22220.0 140.0 100.0 ob-

1040.0 22323.0 368.0 128.0 jected
1456.0 22351.0 148.0 76.0 on
1656.0 22323.0 192.0 104.0 the
1888.0 22328.0 440.0 120.0 ground
2376.0 22328.0 240.0 104.0 that
2664.0 22355.0 60.0 72.0 a
2772.0 22336.0 284.0 96.0 state
3104.0 22344.0 460.0 92.0 senator
3612.0 22359.0 224.0 76.0 was

1048.0 22447.0 124.0 100.0 of
1216.0 22451.0 188.0 92.0 too
1448.0 22443.0 288.0 104.0 little
1784.0 22443.0 692.0 124.0 Impoitanco
2560.0 22456.0 112.0 92.0 to
2716.0 22447.0 132.0 100.0 be
2896.0 22447.0 260.0 100.0 thus
3224.0 22447.0 556.0 108.0 Immortal

1048.0 22563.0 276.0 104.0 ized.
1452.0 22559.0 208.0 104.0 Mr.
1712.0 22559.0 376.0 108.0 Fuller
2132.0 22563.0 264.0 100.0 then
2456.0 22559.0 580.0 108.0 withdrew
3084.0 22563.0 172.0 104.0 his
3364.0 22571.0 412.0 100.0 amend-

1044.0 22687.0 316.0 100.0 ment
1352.0 22751.0 40.0 32.0 ,
1536.0 22675.0 544.0 108.0 Valuable
2124.0 22687.0 272.0 92.0 time
2500.0 22708.0 228.0 76.0 was
2776.0 22679.0 264.0 104.0 then
3132.0 22687.0 708.0 120.0 squandered

1044.0 22823.0 120.0 76.0 in
1276.0 22795.0 796.0 108.0 amendments
2180.0 22807.0 116.0 92.0 to
2440.0 22795.0 360.0 104.0 Insert
2900.0 22799.0 192.0 100.0 the
3192.0 22823.0 396.0 84.0 names
3716.0 22803.0 124.0 100.0 of

1040.0 22916.0 456.0 104.0 MesHrs.
1548.0 22916.0 648.0 104.0 Schmlnko.
2320.0 22912.0 496.0 104.0 Uobblna
2912.0 22916.0 228.0 104.0 and
3232.0 22919.0 400.0 124.0 Sprlck
3684.0 22919.0 116.0 104.0 In-

1044.0 23036.0 320.0 104.0 stead
1408.0 23036.0 128.0 100.0 of
1572.0 23036.0 468.0 104.0 Arthur.
2168.0 23019.0 248.0 112.0 The
2456.0 23032.0 200.0 100.0 bill
2704.0 23055.0 168.0 76.0 wa
2984.0 23036.0 384.0 128.0 dually
3416.0 23059.0 368.0 80.0 recom-

1040.0 23152.0 484.0 104.0 mended
1564.0 23160.0 116.0 92.0 to
1712.0 23175.0 260.0 100.0 pass
2036.0 23143.0 476.0 108.0 without
2560.0 23147.0 764.0 108.0 amendment

1160.0 23267.0 244.0 104.0 The
1452.0 23267.0 256.0 104.0 bills
1748.0 23267.0 512.0 116.0 defining
2292.0 23267.0 188.0 100.0 the
2524.0 23263.0 676.0 108.0 boundaries
3280.0 23267.0 124.0 104.0 of
3488.0 23267.0 368.0 104.0 Grant

1048.0 23387.0 228.0 100.0 and
1384.0 23383.0 452.0 128.0 Hooper
1972.0 23387.0 516.0 104.0 counties
2636.0 23412.0 292.0 76.0 were
3048.0 23391.0 272.0 96.0 then
3436.0 23412.0 416.0 80.0 recom-

1048.0 23499.0 484.0 100.0 tncnded
1580.0 23519.0 112.0 84.0 to
1728.0 23527.0 292.0 96.0 pass.

1180.0 23612.0 200.0 100.0 Mr.
1428.0 23600.0 492.0 124.0 Sprlck's
1968.0 23616.0 192.0 104.0 Dill
2208.0 23627.0 112.0 92.0 to
2364.0 23616.0 372.0 108.0 define
2780.0 23619.0 192.0 104.0 the
3012.0 23612.0 840.0 112.0 boundar'esot

1060.0 23724.0 748.0 112.0 Washington
1896.0 23747.0 420.0 112.0 county
2424.0 23763.0 228.0 76.0 was
2756.0 23740.0 864.0 104.0 recommended
3728.0 23759.0 112.0 84.0 to

1056.0 23868.0 296.0 100.0 pass.

1056.0 23868.0 300.0 196.0 pass.Mr.
1356.0 24031.0 28.0 32.0 .
1440.0 23955.0 468.0 116.0 Fuller's
1948.0 23959.0 196.0 108.0 bill
2188.0 23963.0 708.0 112.0 authorizing
2992.0 23980.0 424.0 120.0 county
3496.0 23980.0 300.0 100.0 attor-

1060.0 24095.0 284.0 100.0 neys
1348.0 24147.0 28.0 40.0 ,
1428.0 24104.0 144.0 76.0 on
1624.0 24079.0 188.0 100.0 the
1852.0 24079.0 392.0 104.0 advlco
2288.0 24095.0 868.0 96.0 andconsentof
3200.0 24095.0 644.0 108.0 thecouuty

1060.0 24195.0 916.0 100.0 commissioners
1976.0 24267.0 28.0 36.0 ,
2060.0 24207.0 112.0 88.0 to
2212.0 24199.0 444.0 120.0 employ
2744.0 24203.0 512.0 116.0 deputies
3356.0 24211.0 116.0 100.0 In
3584.0 24211.0 264.0 104.0 civil

1060.0 24312.0 440.0 100.0 actions
1544.0 24335.0 84.0 72.0 w
1660.0 24312.0 256.0 100.0 here
1960.0 24312.0 192.0 104.0 the
2188.0 24323.0 420.0 108.0 county
2656.0 24312.0 32.0 104.0 1
2700.0 24339.0 52.0 60.0 *
2796.0 24343.0 68.0 72.0 a
2924.0 24335.0 324.0 104.0 party
3300.0 24323.0 116.0 104.0 In
3508.0 24323.0 300.0 104.0 Inter-

1064.0 24432.0 172.0 92.0 est
1284.0 24447.0 228.0 76.0 was
1556.0 24424.0 656.0 108.0 considered
2220.0 24500.0 28.0 44.0 ,
2300.0 24451.0 308.0 76.0 some
2652.0 24428.0 124.0 104.0 of
2820.0 24436.0 188.0 100.0 the
3052.0 24436.0 804.0 112.0 lawver-sena-

1064.0 24548.0 232.0 96.0 tors
1340.0 24539.0 572.0 140.0 objecting
1956.0 24552.0 116.0 92.0 to
2112.0 24552.0 192.0 96.0 the
2348.0 24543.0 228.0 104.0 bill.

1200.0 24655.0 248.0 108.0 The
1492.0 24659.0 192.0 100.0 bill
1724.0 24684.0 228.0 72.0 was
1996.0 24659.0 800.0 108.0 recommitted.

1180.0 24775.0 392.0 108.0 House
1620.0 24775.0 204.0 100.0 roll
1868.0 24779.0 60.0 88.0 3
1924.0 24847.0 32.0 40.0 ,
2048.0 24779.0 600.0 120.0 providing
2756.0 24779.0 172.0 104.0 for
3036.0 24779.0 188.0 104.0 the
3316.0 24791.0 468.0 120.0 appoint-

1060.0 24903.0 320.0 96.0 ment
1424.0 24891.0 228.0 104.0 and
1728.0 24887.0 476.0 108.0 election
2296.0 24895.0 124.0 100.0 of
2504.0 24891.0 524.0 120.0 registers
3064.0 24899.0 124.0 104.0 of
3284.0 24899.0 340.0 108.0 deeds
3736.0 24907.0 112.0 104.0 in

1060.0 25008.0 512.0 108.0 counties
1616.0 25008.0 124.0 100.0 of
1784.0 25008.0 328.0 116.0 1,003
2156.0 25008.0 644.0 128.0 population
2852.0 25015.0 220.0 104.0 and
3184.0 25015.0 356.0 124.0 fixing
3652.0 25023.0 188.0 100.0 the

1064.0 25128.0 372.0 108.0 duties
1484.0 25120.0 228.0 112.0 and
1804.0 25124.0 744.0 108.0 emoluments
2656.0 25135.0 124.0 96.0 of
2884.0 25132.0 188.0 104.0 the
3176.0 25139.0 320.0 104.0 oilice
3500.0 25211.0 24.0 48.0 ,
3632.0 25163.0 228.0 80.0 was

1068.0 25231.0 340.0 120.0 taken
1464.0 25267.0 184.0 100.0 up.

1188.0 25367.0 216.0 104.0 Mr.
1456.0 25363.0 364.0 100.0 Duras
1872.0 25363.0 384.0 104.0 moved
2328.0 25363.0 240.0 108.0 that
2612.0 25363.0 188.0 108.0 the
2844.0 25367.0 188.0 108.0 bill
3084.0 25367.0 148.0 104.0 do
3296.0 25372.0 200.0 104.0 not
3544.0 25399.0 296.0 112.0 pass.

1184.0 25483.0 212.0 104.0 Mr.
1448.0 25479.0 344.0 124.0 Colby
1840.0 25483.0 396.0 108.0 moved
2284.0 25487.0 116.0 100.0 to
2440.0 25483.0 408.0 108.0 amend
2892.0 25487.0 240.0 104.0 that
3180.0 25487.0 188.0 108.0 the
3416.0 25487.0 204.0 108.0 bill
3700.0 25500.0 148.0 96.0 do

1180.0 25719.0 248.0 100.0 The
1472.0 25715.0 192.0 104.0 bill
1712.0 25739.0 232.0 80.0 was
1984.0 25715.0 548.0 108.0 ttmended
2548.0 25791.0 24.0 48.0 ,
2624.0 25719.0 352.0 128.0 fixing
3080.0 25723.0 188.0 104.0 tne
3352.0 25727.0 284.0 104.0 term
3724.0 25727.0 124.0 100.0 of

1072.0 25835.0 312.0 104.0 oftire
1428.0 25843.0 112.0 92.0 at
1588.0 25847.0 228.0 92.0 two
1860.0 25859.0 356.0 100.0 years.

1192.0 25952.0 208.0 104.0 Mr.
1452.0 25952.0 416.0 104.0 Drown
1908.0 25948.0 396.0 112.0 moved
2352.0 25956.0 112.0 100.0 to
2508.0 25952.0 404.0 104.0 amsnd
2956.0 25956.0 148.0 124.0 by
3196.0 25959.0 356.0 120.0 fixing
3636.0 25959.0 192.0 104.0 the

1072.0 26067.0 488.0 108.0 number
1592.0 26072.0 124.0 96.0 of
1760.0 26067.0 656.0 124.0 population
2456.0 26080.0 116.0 92.0 at
2612.0 26076.0 340.0 112.0 SO.OUO
2952.0 26147.0 28.0 44.0 ,
3032.0 26076.0 372.0 100.0 which
3496.0 26084.0 372.0 96.0 would

1076.0 26187.0 336.0 104.0 tnnke
1456.0 26187.0 188.0 100.0 the
1716.0 26183.0 192.0 104.0 bill
1952.0 26187.0 620.0 120.0 applicable
2676.0 26187.0 272.0 124.0 only
3032.0 26191.0 116.0 100.0 to
3236.0 26171.0 628.0 128.0 Lancaster

1076.0 26307.0 236.0 104.0 and
1360.0 26299.0 496.0 124.0 Douglas
1900.0 26303.0 548.0 104.0 counties.

1188.0 26423.0 208.0 108.0 Mr.
1444.0 26419.0 324.0 108.0 Snuil
1852.0 26419.0 472.0 128.0 thought
2412.0 26415.0 188.0 112.0 the
2672.0 26419.0 472.0 112.0 number
3224.0 26423.0 336.0 128.0 15,003
3648.0 26423.0 140.0 104.0 ab

1096.0 26543.0 300.0 108.0 surd.

1184.0 26659.0 212.0 116.0 Mr.
1508.0 26659.0 352.0 128.0 Colby
1960.0 26659.0 248.0 108.0 said
2320.0 26655.0 188.0 108.0 the
2644.0 26655.0 736.0 112.0 amendment
3484.0 26663.0 376.0 104.0 would

1064.0 26787.0 332.0 124.0 upset
1468.0 26780.0 388.0 108.0 affairs
1900.0 26780.0 120.0 108.0 in
2072.0 26780.0 308.0 120.0 Gage
2384.0 26851.0 28.0 40.0 ,
2464.0 26776.0 368.0 108.0 where
2876.0 26803.0 68.0 76.0 a
3052.0 26780.0 464.0 120.0 register
3628.0 26807.0 232.0 80.0 was

1064.0 26900.0 428.0 120.0 elected
1540.0 26900.0 368.0 108.0 under
1988.0 26896.0 192.0 104.0 the
2224.0 26896.0 188.0 104.0 old
2460.0 26896.0 248.0 104.0 law.
2836.0 26896.0 248.0 104.0 The
3172.0 26883.0 196.0 116.0 bill
3464.0 26919.0 228.0 80.0 was
3800.0 26923.0 68.0 76.0 a

1072.0 27015.0 288.0 120.0 L'Oou
1404.0 27047.0 220.0 80.0 one
1664.0 27019.0 232.0 108.0 and
1932.0 27011.0 436.0 116.0 needed
2404.0 27015.0 144.0 124.0 by
2596.0 27015.0 280.0 104.0 nine
2904.0 27011.0 520.0 104.0 counties
3468.0 27015.0 124.0 100.0 of
3680.0 27011.0 192.0 108.0 the

1080.0 27148.0 256.0 92.0 btlU
1332.0 27163.0 32.0 40.0 >
1364.0 27212.0 32.0 36.0 .

1196.0 27255.0 216.0 104.0 Mr.
1464.0 27255.0 420.0 132.0 Casper
1916.0 27280.0 232.0 84.0 was
2192.0 27247.0 508.0 136.0 opposed
2748.0 27251.0 120.0 100.0 to
2916.0 27243.0 188.0 108.0 the
3208.0 27243.0 248.0 104.0 bill.
3632.0 27243.0 236.0 104.0 The

1076.0 27371.0 460.0 108.0 salaries
1588.0 27379.0 396.0 100.0 named
2032.0 27375.0 196.0 108.0 did
2280.0 27379.0 204.0 100.0 not
2528.0 27367.0 652.0 108.0 harmonize
3228.0 27363.0 276.0 104.0 with
3556.0 27359.0 312.0 104.0 those

1080.0 27491.0 120.0 108.0 in
1260.0 27495.0 652.0 100.0 mercantile
1956.0 27495.0 560.0 104.0 business.

1196.0 27607.0 448.0 108.0 Messrs.
1696.0 27607.0 500.0 112.0 Bobbins
2252.0 27611.0 236.0 104.0 and
2532.0 27603.0 408.0 136.0 Sprlck
2984.0 27596.0 372.0 132.0 hoped
3420.0 27596.0 196.0 108.0 the
3676.0 27592.0 192.0 108.0 bill

1076.0 27724.0 372.0 104.0 would
1500.0 27731.0 200.0 96.0 not
1736.0 27751.0 292.0 96.0 pass.

1200.0 27839.0 208.0 108.0 Mr.
1464.0 27839.0 556.0 120.0 Lltolncer
2100.0 27843.0 364.0 116.0 stated
2552.0 27843.0 252.0 104.0 that
2888.0 27835.0 508.0 112.0 Douglas
3460.0 27835.0 344.0 104.0 count
3816.0 27856.0 52.0 92.0 )

1072.0 27955.0 436.0 136.0 greatly
1556.0 27959.0 432.0 112.0 needed
2052.0 27959.0 188.0 116.0 the
2280.0 27963.0 652.0 144.0 provisions
2972.0 27963.0 132.0 104.0 ot
3144.0 27955.0 192.0 116.0 the
3384.0 27951.0 200.0 112.0 bill
3588.0 28023.0 32.0 56.0 ,
3688.0 27951.0 180.0 108.0 bul

3904.0 2544.0 140.0 104.0 ho
4148.0 2544.0 192.0 104.0 did
4452.0 2556.0 196.0 92.0 not
4740.0 2560.0 312.0 100.0 want
5144.0 2564.0 112.0 96.0 to
5344.0 2560.0 424.0 116.0 Impose
5856.0 2584.0 304.0 104.0 upon
6252.0 2552.0 456.0 112.0 smaller

3900.0 2664.0 548.0 108.0 counties.
4588.0 2660.0 176.0 112.0 He
4852.0 2676.0 376.0 104.0 would
5336.0 2684.0 276.0 96.0 offer
5716.0 2700.0 144.0 84.0 an
5968.0 2680.0 744.0 104.0 amendment

3912.0 2776.0 328.0 108.0 later.

4032.0 2892.0 200.0 104.0 Mr.
4308.0 2896.0 388.0 116.0 Moore
4780.0 2908.0 352.0 124.0 spoke
5220.0 2908.0 512.0 104.0 likewise
5884.0 2912.0 120.0 104.0 of
6112.0 2908.0 620.0 108.0 Lancaster

3912.0 3024.0 420.0 92.0 countv
4380.0 3024.0 224.0 96.0 and
4660.0 3024.0 364.0 100.0 would
5076.0 3028.0 280.0 100.0 otler
5400.0 3052.0 144.0 76.0 an
5596.0 3032.0 772.0 104.0 amendment.

4036.0 3128.0 204.0 104.0 Mr.
4284.0 3128.0 300.0 108.0 Keck
4608.0 3136.0 176.0 120.0 ley
4820.0 3136.0 452.0 112.0 favored
5324.0 3144.0 192.0 104.0 the
5560.0 3148.0 736.0 104.0 amendment
6340.0 3140.0 124.0 108.0 of
6516.0 3140.0 212.0 108.0 Mr.

3920.0 3244.0 444.0 112.0 Urown.
4420.0 3252.0 196.0 104.0 but
4668.0 3256.0 80.0 100.0 It
4808.0 3284.0 224.0 76.0 was
5080.0 3260.0 256.0 104.0 lost.

4052.0 3360.0 204.0 108.0 Mr.
4316.0 3364.0 480.0 116.0 Moore's
4836.0 3376.0 740.0 108.0 amendment
5608.0 3376.0 348.0 128.0 fixing
5992.0 3376.0 188.0 108.0 the
6212.0 3376.0 372.0 124.0 salary
6620.0 3376.0 124.0 100.0 of

3924.0 3480.0 468.0 116.0 register
4476.0 3496.0 112.0 96.0 at
4676.0 3492.0 356.0 116.0 S'J.000
5120.0 3500.0 116.0 96.0 In
5328.0 3508.0 520.0 92.0 counties
5936.0 3500.0 120.0 100.0 of
6148.0 3496.0 220.0 100.0 less
6456.0 3500.0 276.0 96.0 than

3920.0 3600.0 340.0 116.0 GO.uuo
4308.0 3604.0 392.0 124.0 people
4744.0 3608.0 612.0 120.0 and53,000
5404.0 3616.0 116.0 100.0 In
5568.0 3612.0 516.0 108.0 couuties
6132.0 3616.0 120.0 100.0 of
6304.0 3620.0 440.0 116.0 greater

3932.0 3716.0 656.0 120.0 population
4648.0 3748.0 232.0 80.0 was
4924.0 3728.0 460.0 104.0 carried.

4048.0 3836.0 208.0 100.0 Mr.
4312.0 3836.0 648.0 108.0 Llnltiirer's
5048.0 3844.0 732.0 104.0 amendment
5832.0 3872.0 228.0 80.0 was
6148.0 3848.0 116.0 96.0 to
6336.0 3844.0 144.0 100.0 fix
6556.0 3840.0 192.0 104.0 the

3928.0 3952.0 376.0 120.0 salary
4388.0 3964.0 116.0 96.0 at
4668.0 3964.0 280.0 116.0 i,500
5052.0 3964.0 116.0 100.0 In
5244.0 3968.0 516.0 100.0 counties
5848.0 3964.0 120.0 100.0 of
6032.0 3988.0 268.0 80.0 over
6360.0 3968.0 380.0 116.0 00,000.

3936.0 4068.0 492.0 104.0 Carried.

4052.0 4184.0 208.0 104.0 Mr.
4316.0 4184.0 496.0 108.0 Holmes'
4860.0 4196.0 732.0 104.0 amendment
5644.0 4224.0 232.0 76.0 was
5964.0 4200.0 116.0 100.0 to
6148.0 4192.0 336.0 108.0 make
6560.0 4192.0 188.0 104.0 the

3936.0 4300.0 220.0 104.0 law
4200.0 4304.0 620.0 124.0 applicable
4908.0 4324.0 120.0 88.0 to
5112.0 4316.0 512.0 104.0 counties
5692.0 4320.0 120.0 96.0 of
5892.0 4316.0 348.0 116.0 O.'i.OOO
6312.0 4312.0 400.0 124.0 people
6716.0 4384.0 28.0 40.0 ,

3936.0 4416.0 420.0 128.0 during
4444.0 4424.0 368.0 108.0 which
4904.0 4428.0 192.0 100.0 the
5180.0 4432.0 644.0 100.0 committee
5872.0 4456.0 320.0 76.0 arose
6256.0 4432.0 228.0 100.0 ami
6560.0 4432.0 192.0 96.0 the

3940.0 4548.0 372.0 108.0 report
4392.0 4568.0 224.0 76.0 was
4700.0 4540.0 520.0 128.0 adopted.
5384.0 4544.0 248.0 108.0 The
5720.0 4556.0 392.0 96.0 senate
6204.0 4548.0 268.0 100.0 then
6568.0 4544.0 140.0 104.0 ad

3932.0 4652.0 520.0 124.0 journed.

4544.0 4872.0 496.0 112.0 Doings
5120.0 4872.0 124.0 100.0 In
5344.0 4876.0 232.0 100.0 the

4064.0 5004.0 564.0 108.0 Lixcoi.x
4628.0 5084.0 28.0 52.0 ,
4772.0 5008.0 276.0 112.0 Neb.
5064.0 5084.0 28.0 48.0 ,
5168.0 5012.0 384.0 108.0 March
5640.0 5020.0 84.0 100.0 S.
5872.0 5012.0 36.0 132.0 [
5920.0 5008.0 436.0 120.0 Special
6444.0 5008.0 276.0 108.0 Tele-

3940.0 5176.0 308.0 88.0 gram
4300.0 5156.0 116.0 100.0 to
4460.0 5164.0 192.0 92.0 the
4700.0 5152.0 368.0 120.0 BEE.1
5208.0 5160.0 176.0 104.0 On
5472.0 5156.0 420.0 108.0 motion
5948.0 5156.0 120.0 108.0 of
6148.0 5156.0 224.0 100.0 Mr.
6468.0 5152.0 256.0 124.0 Hayden
6728.0 5199.0 40.0 24.0 -

3944.0 5292.0 216.0 104.0 den
4212.0 5296.0 128.0 100.0 of
4380.0 5296.0 396.0 108.0 Saline
4824.0 5300.0 344.0 108.0 house
5212.0 5300.0 208.0 104.0 roll
5468.0 5308.0 176.0 92.0 145
5648.0 5376.0 24.0 48.0 ,
5732.0 5296.0 484.0 128.0 relating
6256.0 5312.0 112.0 88.0 to
6416.0 5296.0 352.0 128.0 prlnt-

3948.0 5428.0 112.0 104.0 ln
4080.0 5464.0 64.0 88.0 <
4208.0 5436.0 192.0 108.0 the
4484.0 5460.0 436.0 108.0 reports
5028.0 5448.0 116.0 100.0 of
5192.0 5451.0 188.0 100.0 the
5424.0 5451.0 284.0 96.0 state
5776.0 5436.0 776.0 112.0 horticultural
6604.0 5464.0 124.0 80.0 so-

3940.0 5576.0 296.0 124.0 ciety
4240.0 5652.0 28.0 52.0 ,
4324.0 5612.0 232.0 72.0 was
4596.0 5588.0 612.0 124.0 engrossed
5260.0 5588.0 176.0 104.0 for
5480.0 5584.0 300.0 108.0 third
5832.0 5584.0 504.0 120.0 reading.

4068.0 5728.0 172.0 96.0 On
4296.0 5724.0 428.0 108.0 motion
4816.0 5732.0 128.0 96.0 of
5028.0 5732.0 208.0 104.0 Mr.
5324.0 5728.0 624.0 104.0 Whitmore
5996.0 5736.0 112.0 96.0 ot
6212.0 5724.0 504.0 104.0 Douzlas
6724.0 5800.0 28.0 36.0 ,

3944.0 5864.0 192.0 108.0 the
4184.0 5868.0 428.0 104.0 Omaha
4656.0 5872.0 444.0 108.0 charter
5176.0 5904.0 228.0 72.0 was
5496.0 5872.0 324.0 104.0 made
5868.0 5904.0 64.0 72.0 a
5976.0 5872.0 416.0 124.0 special
6444.0 5864.0 328.0 108.0 order

3948.0 6012.0 176.0 100.0 for
4168.0 6008.0 720.0 132.0 Wednesday
4960.0 6020.0 600.0 100.0 afternoon
5616.0 6023.0 112.0 96.0 at
5768.0 6020.0 64.0 92.0 2
5876.0 6012.0 464.0 112.0 o'clock.

4068.0 6147.0 384.0 112.0 House
4492.0 6151.0 204.0 108.0 roll
4736.0 6160.0 180.0 96.0 211
4988.0 6184.0 232.0 80.0 was
5268.0 6180.0 404.0 108.0 passed
5764.0 6160.0 176.0 104.0 for
5992.0 6156.0 376.0 108.0 future
6420.0 6156.0 292.0 104.0 refer

3948.0 6324.0 308.0 80.0 ence.

4064.0 6440.0 244.0 104.0 The
4348.0 6444.0 644.0 108.0 committee
5056.0 6476.0 140.0 76.0 on
5308.0 6452.0 424.0 120.0 county
5812.0 6444.0 680.0 108.0 boundaries
6584.0 6467.0 116.0 76.0 re-

3952.0 6584.0 392.0 116.0 ported
4396.0 6588.0 576.0 124.0 favorably
5044.0 6608.0 148.0 84.0 on
5244.0 6591.0 348.0 104.0 house
5644.0 6588.0 264.0 104.0 rolls
5952.0 6591.0 176.0 100.0 479
6236.0 6588.0 228.0 104.0 and
6552.0 6588.0 180.0 96.0 480
6736.0 6655.0 28.0 52.0 ,

3948.0 6728.0 224.0 104.0 and
4220.0 6732.0 268.0 124.0 they
4532.0 6760.0 284.0 80.0 were
4868.0 6732.0 384.0 124.0 placed
5320.0 6760.0 144.0 76.0 on
5520.0 6736.0 188.0 104.0 the
5760.0 6728.0 452.0 116.0 general
6264.0 6732.0 212.0 100.0 file.

4064.0 6868.0 244.0 104.0 The
4348.0 6876.0 312.0 100.0 chair
4728.0 6872.0 416.0 124.0 signed
5240.0 6876.0 348.0 104.0 house
5676.0 6876.0 204.0 100.0 roll
5976.0 6876.0 172.0 100.0 100
6152.0 6948.0 24.0 40.0 ,
6272.0 6868.0 500.0 120.0 locating

3948.0 7016.0 188.0 96.0 the
4180.0 7016.0 440.0 120.0 asylum
4672.0 7016.0 176.0 104.0 for
4896.0 7016.0 568.0 104.0 incurable
5516.0 7016.0 400.0 100.0 Insane
5964.0 7032.0 112.0 88.0 at
6176.0 7008.0 588.0 116.0 Hastings.

4064.0 7152.0 420.0 108.0 Senate
4536.0 7156.0 240.0 104.0 files
4828.0 7163.0 168.0 92.0 irc
5004.0 7232.0 24.0 40.0 ,
5088.0 7163.0 168.0 92.0 in
5136.0 7163.0 24.0 84.0 :
5260.0 7236.0 28.0 36.0 ,
5348.0 7163.0 160.0 92.0 isf
5524.0 7232.0 24.0 44.0 ,
5656.0 7160.0 176.0 92.0 204
5844.0 7232.0 24.0 44.0 ,
5952.0 7160.0 212.0 108.0 ail.
6248.0 7156.0 188.0 96.0 125
6440.0 7232.0 24.0 40.0 ,
6564.0 7156.0 172.0 96.0 119
6740.0 7227.0 24.0 40.0 ,

3948.0 7296.0 172.0 96.0 103
4124.0 7372.0 28.0 44.0 ,
4200.0 7304.0 116.0 92.0 7S
4320.0 7372.0 28.0 48.0 ,
4392.0 7304.0 124.0 92.0 52
4520.0 7376.0 24.0 44.0 ,
4596.0 7304.0 104.0 96.0 41
4716.0 7372.0 24.0 48.0 ,
4796.0 7328.0 288.0 76.0 were
5132.0 7300.0 456.0 104.0 ordered
5648.0 7304.0 108.0 96.0 to
5852.0 7328.0 64.0 72.0 a
5960.0 7296.0 420.0 108.0 second
6472.0 7296.0 304.0 104.0 read-

3948.0 7436.0 228.0 104.0 inir.

3948.0 7436.0 296.0 220.0 inir.Mr.

4064.0 7556.0 204.0 100.0 Mr.
4328.0 7552.0 424.0 144.0 Keyer
4796.0 7560.0 120.0 96.0 of
4976.0 7556.0 376.0 104.0 Pierce
5400.0 7572.0 396.0 88.0 moved
5848.0 7560.0 240.0 100.0 that
6136.0 7556.0 220.0 104.0 hon
6424.0 7580.0 64.0 80.0 e
6564.0 7556.0 208.0 104.0 roll

3972.0 7676.0 148.0 88.0 .10
4124.0 7744.0 24.0 44.0 ,
4204.0 7671.0 604.0 136.0 providing
4860.0 7680.0 172.0 96.0 for
5076.0 7708.0 64.0 68.0 a
5204.0 7676.0 612.0 116.0 geological
5868.0 7700.0 404.0 92.0 survey
6324.0 7680.0 124.0 96.0 of
6536.0 7671.0 176.0 104.0 Ne-

3940.0 7776.0 408.0 112.0 braska
4396.0 7788.0 228.0 104.0 and
4672.0 7792.0 860.0 124.0 appropriating
5576.0 7795.0 356.0 112.0 SS.i'03
6020.0 7792.0 496.0 104.0 therefor
6520.0 7863.0 24.0 44.0 ,
6644.0 7792.0 128.0 100.0 be

3944.0 7900.0 576.0 108.0 advanced
4572.0 7912.0 288.0 96.0 from
4912.0 7908.0 192.0 104.0 the
5152.0 7912.0 452.0 104.0 general
5656.0 7912.0 176.0 100.0 file
5884.0 7923.0 112.0 88.0 to
6044.0 7912.0 300.0 100.0 third
6436.0 7908.0 264.0 104.0 read

3948.0 8020.0 228.0 104.0 ing.
4316.0 8020.0 172.0 100.0 Ho
4532.0 8024.0 476.0 104.0 claimed
5100.0 8028.0 188.0 100.0 the
5384.0 8036.0 320.0 92.0 work
5816.0 8024.0 328.0 104.0 could
6240.0 8036.0 128.0 92.0 be
6460.0 8024.0 296.0 104.0 done

3952.0 8160.0 304.0 76.0 more
4292.0 8140.0 812.0 124.0 economically
5144.0 8144.0 472.0 100.0 because
5660.0 8144.0 124.0 96.0 of
5832.0 8144.0 184.0 104.0 the
6128.0 8140.0 636.0 124.0 provisions

3948.0 8256.0 124.0 92.0 of
4120.0 8252.0 184.0 104.0 the
4352.0 8256.0 192.0 100.0 bill
4636.0 8256.0 276.0 104.0 than
5016.0 8260.0 108.0 100.0 in
5212.0 8284.0 224.0 96.0 any
5540.0 8260.0 344.0 100.0 other'
5968.0 8284.0 480.0 80.0 manner
6448.0 8332.0 28.0 44.0 ,
6592.0 8260.0 132.0 100.0 be-

3948.0 8392.0 332.0 80.0 cause
4328.0 8376.0 184.0 96.0 the
4628.0 8367.0 432.0 112.0 United
5172.0 8376.0 376.0 104.0 States
5656.0 8384.0 752.0 100.0 government
6504.0 8400.0 196.0 88.0 pro-

3952.0 8495.0 340.0 92.0 posed
4344.0 8495.0 112.0 92.0 to
4500.0 8491.0 328.0 104.0 make
4876.0 8491.0 188.0 100.0 the
5108.0 8516.0 404.0 96.0 survey
5596.0 8491.0 744.0 120.0 gratuitously
6432.0 8495.0 324.0 96.0 when

3956.0 8592.0 84.0 108.0 It
4088.0 8628.0 232.0 76.0 was
4368.0 8604.0 356.0 104.0 found
4772.0 8632.0 144.0 76.0 an
4968.0 8612.0 840.0 120.0 appropriation
5864.0 8636.0 232.0 80.0 was
6204.0 8612.0 548.0 116.0 required.

3956.0 8724.0 96.0 96.0 A
4108.0 8732.0 256.0 92.0 vote
4416.0 8747.0 224.0 76.0 was
4688.0 8728.0 340.0 100.0 tiken
5080.0 8728.0 224.0 100.0 and
5360.0 8728.0 184.0 100.0 the
5596.0 8724.0 420.0 108.0 motion
6080.0 8751.0 228.0 76.0 was
6360.0 8712.0 248.0 116.0 lost

4072.0 8832.0 244.0 108.0 The
4400.0 8840.0 352.0 100.0 house
4860.0 8856.0 280.0 84.0 .vent
5252.0 8844.0 240.0 100.0 Into
5600.0 8844.0 644.0 104.0 committee
6352.0 8848.0 124.0 92.0 of
6580.0 8840.0 192.0 104.0 the

3960.0 8956.0 360.0 100.0 whole
4420.0 8980.0 148.0 76.0 on
4680.0 8956.0 188.0 100.0 the
4980.0 8956.0 476.0 104.0 Lincoln
5588.0 8960.0 440.0 104.0 charter
6028.0 9028.0 24.0 48.0 ,
6172.0 8956.0 276.0 104.0 with
6560.0 8956.0 204.0 100.0 Mr.

3956.0 9063.0 428.0 128.0 Shamp
4432.0 9076.0 112.0 96.0 In
4600.0 9080.0 188.0 96.0 the
4832.0 9072.0 364.0 104.0 chair.
5324.0 9076.0 204.0 100.0 Mr.
5576.0 9076.0 588.0 120.0 Kaymond
6212.0 9072.0 556.0 104.0 amended

3956.0 9184.0 192.0 104.0 the
4232.0 9191.0 424.0 96.0 section
4756.0 9191.0 600.0 120.0 providing
5424.0 9195.0 180.0 96.0 for
5648.0 9195.0 188.0 96.0 the
5884.0 9191.0 724.0 100.0 nominating
6652.0 9191.0 120.0 96.0 of

3956.0 9304.0 976.0 104.0 twocouncllmen
4988.0 9308.0 112.0 100.0 in
5152.0 9308.0 272.0 100.0 each
5500.0 9308.0 296.0 100.0 ward
5812.0 9375.0 24.0 48.0 ,
5932.0 9304.0 172.0 104.0 six
6192.0 9312.0 108.0 96.0 ol
6408.0 9308.0 360.0 96.0 whom

3956.0 9420.0 284.0 100.0 shall
4304.0 9424.0 128.0 100.0 be
4476.0 9424.0 420.0 100.0 elected
4948.0 9432.0 120.0 88.0 at
5152.0 9424.0 336.0 100.0 lanre.
5616.0 9424.0 208.0 104.0 Mr.
5920.0 9424.0 532.0 104.0 Caldwcll
6544.0 9428.0 192.0 92.0 fav-

3956.0 9544.0 268.0 92.0 ored
4272.0 9536.0 188.0 100.0 the
4504.0 9536.0 488.0 104.0 original
5044.0 9536.0 192.0 104.0 bill
5248.0 9612.0 24.0 40.0 ,
5328.0 9540.0 368.0 100.0 which
5744.0 9540.0 520.0 124.0 provides
6328.0 9548.0 172.0 92.0 for
6544.0 9544.0 228.0 96.0 two

3960.0 9676.0 256.0 76.0 men
4272.0 9656.0 288.0 100.0 from
4612.0 9656.0 268.0 100.0 each
4936.0 9656.0 336.0 100.0 ward.

4080.0 9767.0 176.0 100.0 Mr
4256.0 9844.0 24.0 40.0 ,
4336.0 9767.0 564.0 120.0 Smjthot
5016.0 9772.0 496.0 108.0 Douglas
5616.0 9772.0 240.0 104.0 said
5968.0 9772.0 192.0 108.0 the
6264.0 9767.0 492.0 128.0 at-large

3960.0 9883.0 260.0 120.0 plan
4280.0 9883.0 448.0 104.0 worked
4784.0 9883.0 248.0 104.0 well
5084.0 9887.0 108.0 100.0 In
5252.0 9887.0 468.0 104.0 Omaha.

4080.0 10000.0 204.0 100.0 Mr.
4372.0 10000.0 404.0 108.0 Youni
4824.0 10008.0 780.0 100.0 controverted
5656.0 10004.0 220.0 104.0 this
5980.0 10004.0 148.0 124.0 by
6232.0 10000.0 532.0 124.0 showing

3964.0 10112.0 244.0 104.0 that
4248.0 10143.0 220.0 76.0 one
4516.0 10124.0 296.0 100.0 ward
4872.0 10120.0 116.0 100.0 In
5040.0 10124.0 428.0 100.0 Omaha
5576.0 10120.0 216.0 100.0 had
5884.0 10120.0 312.0 104.0 three
6264.0 10124.0 492.0 100.0 council-

3964.0 10256.0 292.0 80.0 men.
4384.0 10236.0 248.0 100.0 The
4728.0 10236.0 480.0 108.0 original
5312.0 10240.0 380.0 100.0 clause
5804.0 10256.0 224.0 84.0 was
6140.0 10240.0 608.0 112.0 approved.

3960.0 10344.0 244.0 108.0 The
4252.0 10352.0 588.0 112.0 following
4888.0 10352.0 1756.0 120.0 arethepnnctpalamendmeiit
6656.0 10380.0 48.0 48.0 =
6732.0 10376.0 28.0 76.0 :

3960.0 10459.0 172.0 104.0 To
4300.0 10468.0 328.0 100.0 make
4784.0 10468.0 188.0 104.0 the
5140.0 10468.0 488.0 116.0 mayor's
5812.0 10468.0 372.0 120.0 salary
6348.0 10472.0 360.0 108.0 Sl.OOJ
6732.0 10492.0 28.0 92.0 ;

3964.0 10579.0 188.0 100.0 the
4340.0 10579.0 580.0 108.0 marshal's
4932.0 10655.0 24.0 48.0 ,
5148.0 10583.0 196.0 104.0 S75
5584.0 10608.0 196.0 100.0 per
5988.0 10583.0 388.0 100.0 month
6408.0 10604.0 28.0 96.0 ;
6568.0 10583.0 192.0 96.0 the

3960.0 10700.0 420.0 96.0 second
4660.0 10700.0 228.0 100.0 and
5192.0 10696.0 308.0 104.0 third
5816.0 10700.0 552.0 100.0 members
6648.0 10700.0 124.0 100.0 of

3972.0 10812.0 188.0 100.0 the
4208.0 10812.0 336.0 104.0 board
4592.0 10820.0 124.0 96.0 of
4756.0 10812.0 376.0 108.0 public
5184.0 10816.0 368.0 100.0 works
5604.0 10816.0 252.0 108.0 SJOO
5936.0 10839.0 188.0 96.0 per
6208.0 10839.0 268.0 88.0 year
6500.0 10839.0 28.0 88.0 ;
6584.0 10812.0 184.0 104.0 the

3956.0 10932.0 244.0 96.0 Ices
4264.0 10940.0 124.0 88.0 of
4496.0 10932.0 188.0 104.0 the
4788.0 10932.0 356.0 120.0 police
5248.0 10928.0 344.0 124.0 judge
5700.0 10932.0 284.0 100.0 shall
6060.0 10940.0 200.0 88.0 not
6348.0 10932.0 412.0 100.0 exceed

3960.0 11044.0 356.0 116.0 51,500
4364.0 11072.0 192.0 84.0 per
4592.0 11076.0 260.0 88.0 year
4884.0 11072.0 28.0 92.0 ;
4968.0 11048.0 184.0 100.0 the
5200.0 11048.0 304.0 100.0 clerk
5576.0 11052.0 96.0 96.0 Is
5752.0 11044.0 632.0 112.0 prohibited
6476.0 11052.0 292.0 96.0 from

3964.0 11159.0 876.0 112.0 administering
4880.0 11164.0 1360.0 124.0 oathsthecltyprlntlnc
6292.0 11168.0 300.0 96.0 must
6640.0 11168.0 132.0 96.0 be

3960.0 11275.0 300.0 104.0 done
4308.0 11279.0 112.0 100.0 In
4472.0 11308.0 64.0 68.0 a
4588.0 11304.0 344.0 96.0 paper
4972.0 11283.0 124.0 92.0 of
5204.0 11279.0 452.0 100.0 eeneral
5768.0 11275.0 656.0 104.0 circulation
6460.0 11304.0 24.0 92.0 ;
6580.0 11279.0 188.0 100.0 the

3964.0 11420.0 376.0 96.0 power
4384.0 11400.0 120.0 96.0 of
4552.0 11400.0 192.0 100.0 the
4808.0 11396.0 444.0 104.0 council
5360.0 11407.0 120.0 88.0 to
5584.0 11396.0 256.0 120.0 levy
5944.0 11400.0 328.0 96.0 taxes
6380.0 11396.0 96.0 100.0 Is
6584.0 11420.0 116.0 76.0 re-

3964.0 11512.0 464.0 100.0 stricted
4480.0 11520.0 112.0 92.0 to
4636.0 11516.0 56.0 96.0 S
4756.0 11512.0 300.0 100.0 mills
5144.0 11539.0 144.0 72.0 on
5384.0 11512.0 188.0 100.0 the
5656.0 11508.0 364.0 108.0 dollar
6044.0 11535.0 28.0 92.0 ;
6124.0 11543.0 64.0 68.0 a
6264.0 11512.0 444.0 104.0 council-

3972.0 11652.0 256.0 76.0 man
4284.0 11632.0 392.0 104.0 voting
4720.0 11644.0 112.0 84.0 to
4884.0 11628.0 684.0 112.0 wrongfully
5604.0 11628.0 364.0 100.0 divert
6016.0 11652.0 412.0 96.0 money
6480.0 11632.0 292.0 96.0 from

3968.0 11772.0 64.0 68.0 n
4084.0 11744.0 440.0 120.0 regular
4568.0 11744.0 288.0 100.0 fund
4968.0 11744.0 224.0 100.0 hall
5244.0 11748.0 128.0 96.0 be
5424.0 11744.0 332.0 100.0 liable
5824.0 11752.0 112.0 92.0 to
5984.0 11748.0 708.0 120.0 prosecution
6732.0 11772.0 32.0 88.0 ;

3972.0 11859.0 184.0 100.0 the
4200.0 11868.0 236.0 92.0 cost
4480.0 11864.0 124.0 96.0 of
4688.0 11859.0 252.0 104.0 feed
4960.0 11859.0 108.0 100.0 In
5088.0 11888.0 64.0 72.0 it
5248.0 11859.0 568.0 112.0 prisoners
5924.0 11859.0 92.0 104.0 Is
6128.0 11859.0 440.0 104.0 limited
6660.0 11872.0 116.0 88.0 to

3972.0 11979.0 116.0 92.0 15
4168.0 11983.0 320.0 92.0 cents
4576.0 12000.0 196.0 80.0 per
4860.0 11964.0 288.0 116.0 meat
5168.0 12004.0 32.0 88.0 ;
5268.0 11979.0 492.0 116.0 lighting
5840.0 11983.0 568.0 100.0 contracts
6492.0 11975.0 272.0 104.0 shall

3976.0 12099.0 192.0 92.0 not
4216.0 12116.0 408.0 76.0 exceed
4672.0 12096.0 212.0 100.0 live
4928.0 12120.0 264.0 92.0 year
5196.0 12116.0 52.0 76.0 ?
5256.0 12163.0 24.0 32.0 .

4088.0 12208.0 220.0 100.0 Mr.
4372.0 12208.0 660.0 104.0 Newcomer
5096.0 12208.0 416.0 104.0 offered
5600.0 12235.0 148.0 76.0 an
5836.0 12208.0 732.0 108.0 amendment
6640.0 12216.0 116.0 96.0 to

3968.0 12328.0 424.0 100.0 section
4440.0 12332.0 120.0 92.0 7(5
4500.0 12344.0 28.0 76.0 (
4564.0 12404.0 24.0 36.0 ,
4640.0 12328.0 656.0 112.0 exempting
5344.0 12332.0 188.0 96.0 the
5580.0 12328.0 324.0 100.0 hor.se
5948.0 12355.0 184.0 80.0 car
6180.0 12328.0 232.0 100.0 line
6464.0 12332.0 292.0 96.0 from

3976.0 12440.0 416.0 124.0 paving
4436.0 12468.0 220.0 76.0 one
4696.0 12444.0 240.0 100.0 foot
4976.0 12468.0 148.0 76.0 on
5196.0 12427.0 184.0 116.0 the
5456.0 12444.0 444.0 100.0 outside
5968.0 12448.0 120.0 96.0 of
6176.0 12452.0 188.0 88.0 the
6456.0 12444.0 300.0 100.0 rails.

3972.0 12555.0 456.0 104.0 Several
4492.0 12564.0 532.0 120.0 speeches
5132.0 12584.0 288.0 76.0 were
5528.0 12560.0 324.0 100.0 made
5952.0 12560.0 140.0 144.0 by
6140.0 12560.0 204.0 100.0 Mr.
6416.0 12555.0 284.0 104.0 New-

3964.0 12696.0 376.0 80.0 comer
4444.0 12683.0 112.0 92.0 in
4672.0 12675.0 324.0 100.0 favor
5100.0 12675.0 124.0 100.0 of
5324.0 12679.0 192.0 96.0 the
5644.0 12667.0 728.0 108.0 amendment
6380.0 12747.0 24.0 32.0 ,
6524.0 12675.0 224.0 100.0 and

3972.0 12788.0 444.0 104.0 Messrs.
4516.0 12788.0 584.0 124.0 Kiymond
5112.0 12863.0 24.0 44.0 ,
5232.0 12788.0 540.0 104.0 Bowman
5788.0 12863.0 24.0 44.0 ,
5928.0 12788.0 544.0 108.0 Caldwcll
6524.0 12792.0 232.0 104.0 and

3972.0 12904.0 404.0 104.0 NIchol
4428.0 12904.0 112.0 104.0 in
4592.0 12908.0 640.0 120.0 opposition
5284.0 12912.0 116.0 96.0 to
5444.0 12908.0 188.0 100.0 the
5680.0 12931.0 336.0 76.0 same.

4084.0 13020.0 240.0 104.0 The
4368.0 13024.0 484.0 116.0 original
4900.0 13024.0 424.0 100.0 section
5384.0 13047.0 224.0 76.0 was
5656.0 13024.0 516.0 124.0 adopted.
6308.0 13020.0 460.0 108.0 Section

3964.0 13140.0 120.0 92.0 Kl
4148.0 13164.0 228.0 76.0 was
4420.0 13144.0 548.0 100.0 amended
4984.0 13212.0 24.0 44.0 ,
5080.0 13140.0 396.0 120.0 glvlns
5540.0 13152.0 112.0 88.0 to
5732.0 13144.0 188.0 96.0 the
6004.0 13148.0 424.0 108.0 county
6476.0 13168.0 240.0 72.0 com-

3972.0 13255.0 652.0 104.0 missioners
4668.0 13260.0 428.0 100.0 control
5144.0 13284.0 268.0 72.0 over
5456.0 13251.0 448.0 128.0 bridges
5948.0 13260.0 128.0 100.0 of
6120.0 13264.0 188.0 96.0 the
6344.0 13260.0 236.0 112.0 city
6624.0 13260.0 132.0 96.0 of

3972.0 13371.0 524.0 100.0 Lincoln.
4636.0 13367.0 244.0 104.0 The
5040.0 13379.0 636.0 96.0 committee
5740.0 13363.0 24.0 16.0 "
5840.0 13371.0 512.0 128.0 reported
6520.0 13375.0 228.0 100.0 and

3964.0 13488.0 348.0 104.0 asked
4380.0 13491.0 312.0 104.0 leave
4740.0 13495.0 116.0 92.0 to
4916.0 13488.0 152.0 100.0 sit
5148.0 13491.0 376.0 96.0 airain.
5652.0 13488.0 712.0 116.0 Adjourned.

4672.0 13627.0 776.0 80.0 AKTEKXOOX
5536.0 13623.0 532.0 88.0 SF.sSlOX.

4084.0 13720.0 248.0 100.0 The
4376.0 13720.0 412.0 124.0 special
4852.0 13724.0 328.0 100.0 order
5184.0 13796.0 24.0 40.0 ,
5268.0 13724.0 344.0 96.0 liouso
5656.0 13724.0 208.0 100.0 roll
5916.0 13728.0 44.0 92.0 1
5972.0 13743.0 52.0 80.0 >
6024.0 13728.0 60.0 88.0 3
6092.0 13800.0 28.0 32.0 ,
6172.0 13747.0 232.0 76.0 was
6488.0 13747.0 212.0 76.0 con-

3972.0 13836.0 440.0 100.0 sidered
4524.0 13836.0 112.0 100.0 In
4744.0 13840.0 644.0 100.0 committee
5480.0 13836.0 124.0 100.0 of
5708.0 13840.0 188.0 100.0 the
6004.0 13840.0 360.0 100.0 whole
6372.0 13912.0 24.0 40.0 ,
6564.0 13840.0 212.0 100.0 Mr.

3980.0 13947.0 480.0 120.0 Kenney
4512.0 13951.0 112.0 100.0 In
4680.0 13951.0 188.0 100.0 the
4912.0 13951.0 340.0 104.0 chair.
5380.0 13951.0 240.0 100.0 The
5672.0 13951.0 192.0 100.0 bill
5916.0 13951.0 516.0 116.0 provides
6536.0 13960.0 248.0 92.0 that

3984.0 14071.0 300.0 112.0 "any
4332.0 14067.0 332.0 100.0 lands
4708.0 14067.0 372.0 100.0 leased
5188.0 14067.0 140.0 116.0 by
5436.0 14067.0 192.0 100.0 the
5736.0 14079.0 280.0 92.0 state
6124.0 14071.0 364.0 96.0 under
6596.0 14071.0 184.0 100.0 tut.

3972.0 14184.0 448.0 120.0 specific
4452.0 14184.0 216.0 100.0 law
4712.0 14180.0 716.0 108.0 authorizinc
5492.0 14184.0 188.0 100.0 the
5720.0 14184.0 296.0 104.0 lease
6080.0 14187.0 124.0 92.0 of
6244.0 14184.0 184.0 100.0 the
6468.0 14207.0 308.0 76.0 same

3976.0 14319.0 260.0 96.0 may
4276.0 14300.0 132.0 96.0 be
4452.0 14296.0 244.0 100.0 sold
4748.0 14300.0 324.0 96.0 when
5128.0 14304.0 188.0 92.0 the
5356.0 14296.0 356.0 100.0 lessee
5760.0 14319.0 256.0 100.0 may
6068.0 14300.0 276.0 96.0 wish
6396.0 14312.0 112.0 84.0 to
6540.0 14319.0 208.0 96.0 pur-

3964.0 14412.0 336.0 96.0 chase
4336.0 14412.0 188.0 96.0 the
4568.0 14412.0 268.0 100.0 land
4884.0 14436.0 124.0 72.0 so
5044.0 14408.0 404.0 100.0 leased.
5464.0 14408.0 68.0 52.0 "
5656.0 14408.0 244.0 100.0 The
5944.0 14412.0 812.0 120.0 appraisement

3964.0 14523.0 288.0 100.0 .shall
4304.0 14523.0 128.0 96.0 bo
4484.0 14528.0 184.0 96.0 thu
4712.0 14544.0 308.0 76.0 same
5056.0 14548.0 132.0 76.0 as
5236.0 14519.0 532.0 116.0 provided
5868.0 14523.0 112.0 100.0 In
6092.0 14523.0 424.0 100.0 section
6632.0 14532.0 112.0 88.0 15
6748.0 14600.0 24.0 32.0 ,

3964.0 14635.0 608.0 124.0 providing
4616.0 14639.0 180.0 96.0 for
4860.0 14635.0 188.0 100.0 the
5120.0 14620.0 236.0 120.0 sale
5360.0 14711.0 28.0 44.0 ,
5480.0 14635.0 444.0 104.0 leaslne
6008.0 14639.0 224.0 96.0 and
6324.0 14664.0 408.0 92.0 genera
6748.0 14647.0 8.0 92.0 !

3968.0 14759.0 796.0 112.0 management
4812.0 14752.0 128.0 100.0 of
4992.0 14752.0 148.0 100.0 all
5192.0 14755.0 328.0 96.0 lands
5568.0 14763.0 164.0 92.0 set
5780.0 14763.0 320.0 112.0 apart
6148.0 14755.0 180.0 100.0 for
6388.0 14755.0 352.0 104.0 educa-

3968.0 14872.0 356.0 100.0 tional
4368.0 14891.0 572.0 100.0 purposes.
5068.0 14868.0 244.0 100.0 The
5360.0 14868.0 196.0 104.0 bill
5608.0 14872.0 92.0 96.0 is
5748.0 14868.0 116.0 104.0 In
5920.0 14872.0 184.0 100.0 the
6140.0 14872.0 476.0 100.0 Interest
6660.0 14876.0 120.0 96.0 of

3968.0 14988.0 188.0 100.0 the
4204.0 14988.0 468.0 120.0 packers
4716.0 14988.0 124.0 96.0 of
4916.0 14984.0 304.0 100.0 West
5280.0 14984.0 472.0 100.0 Lincoln
5768.0 15060.0 24.0 40.0 ,
5888.0 14984.0 256.0 100.0 who
6224.0 14988.0 372.0 100.0 desire
6668.0 14996.0 116.0 92.0 to

3968.0 15104.0 544.0 120.0 purchase
4556.0 15104.0 340.0 96.0 about
4940.0 15100.0 312.0 100.0 three
5296.0 15104.0 496.0 100.0 sections
5836.0 15108.0 120.0 92.0 ot
6020.0 15104.0 368.0 100.0 saline
6452.0 15104.0 332.0 100.0 lands

3980.0 15224.0 276.0 96.0 west
4296.0 15219.0 120.0 96.0 of
4480.0 15215.0 300.0 104.0 their
4824.0 15215.0 440.0 100.0 houses.

4088.0 15331.0 212.0 100.0 Mr.
4356.0 15327.0 376.0 108.0 Fuller
4776.0 15335.0 120.0 96.0 of
5000.0 15335.0 308.0 116.0 Gage
5396.0 15327.0 400.0 104.0 moved
5868.0 15331.0 112.0 100.0 to
6084.0 15331.0 420.0 100.0 amend
6612.0 15331.0 148.0 116.0 by

3968.0 15451.0 500.0 116.0 striking
4568.0 15463.0 204.0 84.0 out
4912.0 15448.0 188.0 100.0 the
5244.0 15448.0 368.0 100.0 words
5772.0 15451.0 628.0 112.0 "pavment
6552.0 15475.0 200.0 72.0 ant

3976.0 15572.0 544.0 120.0 purchase
4564.0 15568.0 304.0 120.0 price
4872.0 15640.0 28.0 40.0 ,
4912.0 15560.0 68.0 56.0 "
5036.0 15579.0 468.0 88.0 because
5536.0 15568.0 184.0 100.0 the
5748.0 15564.0 236.0 104.0 sale
6028.0 15564.0 220.0 104.0 had
6300.0 15576.0 112.0 92.0 to
6460.0 15564.0 132.0 104.0 be
6636.0 15564.0 124.0 120.0 bj

3976.0 15684.0 496.0 100.0 auction.

4096.0 15800.0 204.0 100.0 Mr.
4356.0 15796.0 484.0 104.0 Overton
4896.0 15800.0 124.0 96.0 of
5112.0 15796.0 288.0 104.0 Otoe
5448.0 15800.0 400.0 100.0 moved
5940.0 15800.0 112.0 96.0 to
6140.0 15796.0 356.0 104.0 strike
6584.0 15824.0 144.0 76.0 ou

3984.0 15919.0 188.0 100.0 the
4220.0 15915.0 496.0 100.0 cnactint
4720.0 15940.0 36.0 72.0 !
4800.0 15911.0 408.0 104.0 clause.

4096.0 16031.0 456.0 100.0 Messrs.
4608.0 16031.0 260.0 100.0 Kief
4908.0 16031.0 124.0 96.0 of
5084.0 16027.0 260.0 100.0 Hall
5396.0 16027.0 228.0 104.0 and
5672.0 16027.0 416.0 124.0 Tingle
6136.0 16027.0 120.0 104.0 of
6352.0 16027.0 420.0 104.0 Brown

3980.0 16147.0 556.0 104.0 seconded
4608.0 16144.0 192.0 104.0 the
4844.0 16147.0 464.0 100.0 motion.

4108.0 16268.0 196.0 96.0 Mr.
4360.0 16260.0 376.0 108.0 Fuller
4836.0 16264.0 124.0 96.0 of
5068.0 16264.0 304.0 120.0 Gage
5464.0 16260.0 448.0 104.0 wanted
5960.0 16264.0 188.0 100.0 the
6200.0 16260.0 192.0 104.0 bill
6448.0 16264.0 112.0 100.0 to
6648.0 16264.0 132.0 100.0 be

3984.0 16380.0 608.0 104.0 discussed.

4108.0 16504.0 204.0 96.0 Mr.
4372.0 16487.0 476.0 124.0 llayden
4896.0 16492.0 124.0 100.0 of
5064.0 16492.0 388.0 104.0 Sdlnc
5152.0 16524.0 20.0 68.0 :
5500.0 16492.0 208.0 104.0 felt
5752.0 16492.0 188.0 104.0 the
5984.0 16492.0 196.0 104.0 bill
6232.0 16492.0 216.0 104.0 had
6500.0 16520.0 208.0 96.0 goo
6716.0 16524.0 28.0 64.0 <

3992.0 16615.0 380.0 112.0 points
4480.0 16611.0 372.0 100.0 which
4956.0 16611.0 140.0 100.0 he
5208.0 16611.0 476.0 120.0 thought
5728.0 16611.0 632.0 104.0 discussion
6416.0 16611.0 332.0 100.0 wouli

3996.0 16731.0 320.0 108.0 bring
4360.0 16735.0 228.0 92.0 out

4108.0 16847.0 220.0 96.0 Mr.
4400.0 16843.0 400.0 100.0 Italian
4804.0 16840.0 36.0 104.0 !
4888.0 16843.0 124.0 96.0 of
5064.0 16840.0 528.0 104.0 Fillniorc
5648.0 16840.0 456.0 108.0 favored
6152.0 16843.0 632.0 104.0 amending

3988.0 16968.0 188.0 96.0 the
4244.0 16960.0 184.0 104.0 bill
4440.0 17035.0 28.0 44.0 ,
4528.0 16960.0 84.0 104.0 It
4692.0 16964.0 272.0 96.0 such
5016.0 16983.0 292.0 76.0 were
5420.0 16964.0 356.0 96.0 found
5872.0 16983.0 596.0 92.0 necessary
6472.0 17032.0 28.0 36.0 ,
6552.0 16987.0 196.0 72.0 ant

3996.0 17103.0 228.0 76.0 was
4284.0 17076.0 500.0 124.0 opposed
4880.0 17092.0 120.0 84.0 to
5104.0 17068.0 492.0 128.0 striking
5692.0 17092.0 196.0 88.0 out
5976.0 17080.0 188.0 104.0 the
6248.0 17080.0 532.0 120.0 enacting

3988.0 17196.0 416.0 104.0 clause.

4112.0 17311.0 204.0 100.0 Mr.
4368.0 17307.0 416.0 108.0 Tlucle
4828.0 17307.0 124.0 96.0 of
5000.0 17307.0 404.0 100.0 Brown
5460.0 17303.0 192.0 104.0 did
5708.0 17307.0 196.0 100.0 not
5952.0 17303.0 336.0 104.0 think
6380.0 17303.0 84.0 108.0 it
6552.0 17307.0 188.0 116.0 pol-

3996.0 17423.0 176.0 124.0 Icy
4216.0 17439.0 116.0 88.0 to
4372.0 17423.0 200.0 104.0 sell
4624.0 17427.0 228.0 96.0 this
4900.0 17423.0 300.0 100.0 land.
5328.0 17423.0 280.0 100.0 Two
5652.0 17448.0 324.0 96.0 years
6020.0 17452.0 212.0 84.0 ago
6300.0 17423.0 188.0 100.0 the
6536.0 17452.0 212.0 96.0 p.-o

4000.0 17547.0 176.0 104.0 pic
4224.0 17547.0 252.0 96.0 who
4524.0 17567.0 260.0 76.0 now
4828.0 17540.0 368.0 104.0 desire
5232.0 17540.0 184.0 100.0 the
5464.0 17540.0 228.0 100.0 sale
5728.0 17543.0 120.0 96.0 of
5896.0 17540.0 224.0 104.0 this
6160.0 17540.0 268.0 100.0 land
6476.0 17567.0 312.0 76.0 came

4000.0 17664.0 244.0 96.0 into
4292.0 17660.0 224.0 100.0 this
4584.0 17660.0 344.0 100.0 house
4976.0 17660.0 228.0 96.0 and
5296.0 17656.0 456.0 104.0 secured
5800.0 17683.0 64.0 72.0 a
5912.0 17656.0 300.0 104.0 Icns3
6256.0 17656.0 128.0 100.0 of
6480.0 17660.0 84.0 96.0 It
6620.0 17664.0 112.0 92.0 fo

4000.0 17780.0 248.0 108.0 fitly
4284.0 17799.0 352.0 92.0 ye.irs.
4708.0 17772.0 748.0 120.0 Theyasreed
5504.0 17788.0 116.0 84.0 to
5668.0 17772.0 332.0 104.0 stand
6036.0 17799.0 144.0 76.0 an
6232.0 17772.0 520.0 120.0 appraise-

4000.0 17904.0 308.0 92.0 ment
4352.0 17896.0 128.0 92.0 of
4524.0 17896.0 188.0 96.0 the
4760.0 17916.0 304.0 72.0 same
5104.0 17916.0 340.0 76.0 overv
5492.0 17892.0 208.0 100.0 live
5744.0 17912.0 352.0 96.0 years.
6204.0 17888.0 124.0 100.0 If
6368.0 17892.0 84.0 96.0 it
6504.0 17916.0 284.0 76.0 were

3996.0 18020.0 204.0 92.0 not
4248.0 18016.0 112.0 92.0 to
4408.0 18011.0 184.0 96.0 the
4656.0 18007.0 632.0 116.0 advantage
5356.0 18007.0 124.0 96.0 of
5588.0 18003.0 320.0 104.0 those
5984.0 18003.0 412.0 104.0 lessees
6512.0 18007.0 240.0 112.0 thej

4000.0 18104.0 364.0 124.0 would
4416.0 18127.0 196.0 96.0 not
4668.0 18148.0 256.0 76.0 now
4964.0 18148.0 312.0 76.0 come
5324.0 18119.0 112.0 100.0 in
5492.0 18119.0 260.0 104.0 here
5792.0 18115.0 228.0 104.0 and
6088.0 18123.0 204.0 100.0 ask
6344.0 18131.0 112.0 92.0 to
6504.0 18123.0 284.0 100.0 have

3996.0 18243.0 236.0 100.0 that
4284.0 18243.0 264.0 100.0 land
4592.0 18236.0 240.0 104.0 sold
4888.0 18236.0 340.0 104.0 them.
5296.0 18236.0 248.0 104.0 The
5592.0 18243.0 348.0 96.0 house
5984.0 18239.0 372.0 100.0 would
6408.0 18239.0 136.0 96.0 be
6576.0 18239.0 200.0 100.0 but

3996.0 18336.0 356.0 140.0 doing
4404.0 18360.0 144.0 96.0 Its
4592.0 18356.0 280.0 108.0 duty
4920.0 18367.0 116.0 84.0 to
5084.0 18363.0 188.0 92.0 the
5316.0 18360.0 292.0 96.0 state
5656.0 18356.0 140.0 120.0 by
5888.0 18352.0 472.0 120.0 holding
6452.0 18356.0 316.0 96.0 these

3996.0 18476.0 328.0 100.0 lands
4332.0 18548.0 28.0 40.0 ,
4416.0 18476.0 464.0 100.0 because
4924.0 18472.0 272.0 100.0 lone
5276.0 18468.0 388.0 100.0 before
5752.0 18464.0 192.0 104.0 the
6024.0 18468.0 300.0 100.0 lease
6412.0 18472.0 376.0 100.0 would

4000.0 18592.0 280.0 100.0 have
4324.0 18588.0 452.0 116.0 expired
4788.0 18660.0 28.0 40.0 ,
4868.0 18596.0 188.0 88.0 ttie
5104.0 18588.0 320.0 96.0 latter
5480.0 18583.0 368.0 100.0 would
5900.0 18583.0 284.0 100.0 have
6236.0 18608.0 124.0 72.0 so
6404.0 18608.0 344.0 92.0 appre-

3996.0 18703.0 360.0 100.0 ciated
4404.0 18728.0 124.0 72.0 as
4572.0 18716.0 116.0 84.0 to
4740.0 18699.0 328.0 100.0 make
5108.0 18728.0 68.0 72.0 a
5220.0 18712.0 232.0 88.0 sale
5500.0 18699.0 124.0 100.0 of
5692.0 18695.0 304.0 104.0 them
6044.0 18707.0 116.0 92.0 at
6248.0 18703.0 188.0 96.0 the
6484.0 18724.0 256.0 100.0 pres

4000.0 18823.0 200.0 96.0 cut
4244.0 18819.0 272.0 96.0 time
4560.0 18811.0 648.0 104.0 ridiculous.

4124.0 18935.0 204.0 100.0 Mr.
4372.0 18932.0 344.0 120.0 Jeary
4760.0 18928.0 488.0 124.0 opposed
5300.0 18928.0 188.0 100.0 the
5552.0 18924.0 424.0 104.0 motion
6032.0 18932.0 112.0 96.0 to
6192.0 18928.0 356.0 104.0 strike
6592.0 18955.0 140.0 76.0 ou

4004.0 19048.0 188.0 100.0 the
4236.0 19052.0 536.0 104.0 enacting
4816.0 19048.0 372.0 96.0 clause
5228.0 19052.0 468.0 92.0 because
5744.0 19048.0 312.0 100.0 these
6104.0 19044.0 332.0 104.0 lands
6488.0 19075.0 292.0 76.0 were

4008.0 19168.0 296.0 100.0 belli1.
4300.0 19191.0 40.0 76.0 :
4388.0 19164.0 272.0 100.0 used
4712.0 19168.0 172.0 92.0 for
4932.0 19164.0 188.0 96.0 the
5164.0 19160.0 408.0 104.0 benefit
5620.0 19160.0 124.0 100.0 of
5788.0 19168.0 188.0 96.0 the
6024.0 19164.0 516.0 100.0 farmers.
6680.0 19168.0 52.0 96.0 1

4012.0 19308.0 224.0 72.0 was
4288.0 19304.0 256.0 76.0 now
4592.0 19284.0 188.0 96.0 too
4828.0 19279.0 176.0 96.0 far
5048.0 19284.0 176.0 92.0 for
5268.0 19279.0 300.0 96.0 them
5644.0 19284.0 112.0 92.0 to
5840.0 19279.0 284.0 100.0 send
6176.0 19279.0 292.0 100.0 their
6508.0 19292.0 216.0 108.0 hog
6736.0 19331.0 12.0 48.0 :

4008.0 19403.0 112.0 92.0 to
4168.0 19395.0 488.0 104.0 Chicago
4700.0 19403.0 116.0 88.0 to
4896.0 19391.0 424.0 100.0 market
5328.0 19467.0 28.0 36.0 ,
5408.0 19391.0 228.0 104.0 and
5684.0 19399.0 188.0 92.0 the
5960.0 19391.0 228.0 104.0 sale
6276.0 19399.0 124.0 96.0 of
6476.0 19403.0 272.0 92.0 thesi

4008.0 19511.0 332.0 104.0 lands
4392.0 19511.0 360.0 100.0 would
4808.0 19535.0 124.0 72.0 so
5016.0 19511.0 400.0 96.0 enable
5520.0 19507.0 188.0 100.0 the
5812.0 19511.0 496.0 120.0 packing
6392.0 19511.0 344.0 104.0 house

4008.0 19655.0 268.0 76.0 now
4336.0 19628.0 436.0 104.0 located
4820.0 19628.0 260.0 100.0 here
5180.0 19635.0 116.0 88.0 to
5396.0 19628.0 232.0 100.0 still
5744.0 19624.0 440.0 104.0 further
6288.0 19628.0 508.0 104.0 Increase

4004.0 19748.0 188.0 104.0 the
4236.0 19748.0 688.0 100.0 advantages
4968.0 19744.0 672.0 120.0 ofthlsplaco
5680.0 19763.0 120.0 80.0 as
5848.0 19767.0 64.0 72.0 a
5960.0 19748.0 324.0 100.0 home
6332.0 19763.0 460.0 84.0 market

4132.0 19868.0 220.0 100.0 Mr.
4420.0 19860.0 404.0 104.0 Nichol
4876.0 19864.0 120.0 96.0 of
5084.0 19860.0 572.0 120.0 Antelope
5700.0 19860.0 240.0 100.0 said
6028.0 19860.0 244.0 100.0 that
6316.0 19860.0 380.0 104.0 before

4004.0 19979.0 352.0 108.0 lessee
4400.0 19984.0 116.0 96.0 ot
4568.0 20000.0 228.0 92.0 any
4868.0 19979.0 128.0 96.0 of
5080.0 19975.0 188.0 100.0 the
5356.0 19984.0 292.0 92.0 state
5736.0 19971.0 328.0 104.0 lands
6144.0 19975.0 324.0 104.0 could
6560.0 20004.0 204.0 92.0 pur-

4004.0 20099.0 332.0 104.0 chase
4372.0 20095.0 188.0 100.0 the
4604.0 20116.0 308.0 80.0 same
4956.0 20095.0 140.0 96.0 he
5140.0 20091.0 216.0 100.0 had
5404.0 20099.0 116.0 92.0 to
5604.0 20087.0 256.0 120.0 glvo
5948.0 20112.0 152.0 88.0 up
6188.0 20095.0 176.0 96.0 his
6452.0 20095.0 304.0 100.0 lease

4004.0 20219.0 224.0 100.0 and
4280.0 20211.0 308.0 104.0 there
4636.0 20211.0 136.0 104.0 he
4820.0 20207.0 216.0 100.0 had
5144.0 20231.0 148.0 76.0 no
5340.0 20207.0 632.0 116.0 advantage
6016.0 20207.0 124.0 100.0 of
6204.0 20231.0 228.0 96.0 any
6472.0 20215.0 328.0 100.0 other

4008.0 20355.0 396.0 104.0 person
4464.0 20331.0 248.0 100.0 who
4764.0 20331.0 448.0 96.0 wanted
5256.0 20331.0 116.0 96.0 to
5416.0 20327.0 792.0 124.0 purchase.the
6252.0 20327.0 336.0 104.0 lauds
6636.0 20355.0 116.0 76.0 re

4012.0 20448.0 696.0 124.0 linquished.

4124.0 20568.0 196.0 100.0 Mr.
4352.0 20564.0 236.0 104.0 Kiel
4648.0 20560.0 208.0 108.0 felt
4900.0 20560.0 308.0 104.0 there
5240.0 20583.0 232.0 76.0 was
5520.0 20583.0 60.0 76.0 a
5624.0 20556.0 300.0 128.0 job.a
5968.0 20560.0 556.0 104.0 6chemca
6572.0 20564.0 200.0 100.0 rob-

4004.0 20688.0 260.0 120.0 bery
4380.0 20735.0 28.0 44.0 j
4448.0 20704.0 32.0 84.0 )
4572.0 20688.0 136.0 96.0 ho
4784.0 20680.0 540.0 124.0 proposed
5432.0 20680.0 232.0 100.0 sale
5748.0 20688.0 120.0 88.0 ot
5976.0 20680.0 188.0 100.0 the
6264.0 20680.0 336.0 104.0 lands
6688.0 20684.0 112.0 96.0 In

4000.0 20803.0 512.0 124.0 question
4560.0 20799.0 228.0 104.0 aud
4832.0 20799.0 140.0 100.0 ho
5060.0 20791.0 368.0 108.0 would
5516.0 20816.0 348.0 84.0 never
5968.0 20803.0 256.0 96.0 vote
6332.0 20795.0 180.0 104.0 for
6600.0 20799.0 188.0 104.0 the

4004.0 20944.0 336.0 80.0 same.

4128.0 21039.0 212.0 100.0 Mr.
4420.0 21027.0 540.0 108.0 Caldwcll
5060.0 21027.0 124.0 96.0 of
5268.0 21023.0 620.0 104.0 Lancaster
5968.0 21027.0 244.0 104.0 said
6304.0 21027.0 244.0 108.0 that
6616.0 21027.0 192.0 104.0 the

4004.0 21151.0 332.0 100.0 lands
4388.0 21151.0 112.0 100.0 In
4556.0 21147.0 516.0 124.0 question
5128.0 21167.0 288.0 76.0 were
5460.0 21147.0 328.0 112.0 given
5864.0 21151.0 112.0 92.0 to
6064.0 21155.0 192.0 92.0 the
6340.0 21159.0 296.0 92.0 state
6680.0 21159.0 116.0 88.0 to

4004.0 21268.0 136.0 100.0 be
4184.0 21268.0 244.0 104.0 sold
4476.0 21275.0 112.0 92.0 to
4632.0 21260.0 540.0 120.0 develope
5248.0 21272.0 188.0 88.0 the
5508.0 21260.0 364.0 100.0 sallno
5964.0 21264.0 328.0 100.0 lands
6380.0 21272.0 120.0 92.0 of
6608.0 21268.0 196.0 100.0 the

4008.0 21396.0 292.0 88.0 state
4308.0 21456.0 24.0 44.0 ,
4404.0 21380.0 232.0 104.0 and
4684.0 21388.0 196.0 92.0 not
4920.0 21380.0 240.0 96.0 that
5204.0 21380.0 264.0 116.0 they
5552.0 21376.0 404.0 100.0 should
6044.0 21376.0 136.0 100.0 bo
6268.0 21376.0 260.0 104.0 held
6580.0 21380.0 224.0 104.0 Idle

4008.0 21499.0 228.0 104.0 and
4284.0 21495.0 748.0 104.0 uninhabited
5080.0 21516.0 264.0 76.0 save
5388.0 21487.0 144.0 120.0 by
5580.0 21491.0 332.0 100.0 herds
5964.0 21491.0 220.0 100.0 and
6236.0 21495.0 556.0 120.0 cowboys.

4008.0 21615.0 240.0 100.0 The
4296.0 21627.0 288.0 88.0 state
4628.0 21611.0 328.0 104.0 could
5008.0 21623.0 200.0 88.0 not
5240.0 21603.0 360.0 104.0 afford
5652.0 21611.0 112.0 96.0 to
5852.0 21607.0 604.0 100.0 encumber
6496.0 21611.0 308.0 104.0 them

4016.0 21731.0 268.0 104.0 with
4336.0 21760.0 64.0 72.0 a
4448.0 21731.0 352.0 100.0 lessee
4868.0 21727.0 252.0 100.0 who
5172.0 21723.0 368.0 100.0 builds
5584.0 21723.0 284.0 116.0 only
5920.0 21723.0 176.0 104.0 for
6128.0 21751.0 68.0 72.0 a
6228.0 21723.0 260.0 120.0 day.
6552.0 21727.0 248.0 100.0 The

4012.0 21847.0 408.0 104.0 parties
4468.0 21859.0 256.0 88.0 who
4768.0 21867.0 256.0 80.0 now
5076.0 21840.0 260.0 104.0 hold
5384.0 21843.0 188.0 96.0 the
5608.0 21836.0 496.0 112.0 grounds
6136.0 21863.0 288.0 80.0 were
6460.0 21840.0 316.0 108.0 build-

4016.0 21964.0 196.0 108.0 ing
4264.0 21987.0 144.0 92.0 up
4456.0 21991.0 60.0 72.0 a
4568.0 21960.0 284.0 108.0 coed
4896.0 21960.0 516.0 96.0 business
5476.0 21956.0 800.0 112.0 undertaking.

4128.0 22084.0 244.0 96.0 The
4408.0 22076.0 492.0 116.0 packing
4944.0 22076.0 120.0 96.0 of
5116.0 22071.0 276.0 100.0 ho.s
5440.0 22067.0 112.0 104.0 in
5628.0 22071.0 476.0 100.0 Lincoln
6204.0 22096.0 224.0 76.0 was
6500.0 22076.0 204.0 100.0 not
6756.0 22103.0 64.0 76.0 a

4016.0 22191.0 676.0 124.0 probability
4692.0 22259.0 32.0 36.0 ,
4856.0 22171.0 104.0 120.0 it
5008.0 22212.0 228.0 76.0 was
5280.0 22216.0 68.0 72.0 a
5432.0 22191.0 264.0 96.0 fact.
5820.0 22187.0 372.0 100.0 These
6280.0 22187.0 520.0 104.0 business-

4020.0 22336.0 256.0 76.0 men
4328.0 22307.0 444.0 104.0 wanted
4816.0 22319.0 112.0 88.0 to
4976.0 22303.0 496.0 116.0 Improve
5504.0 22303.0 288.0 100.0 their
5840.0 22303.0 492.0 124.0 packing
6396.0 22311.0 412.0 96.0 houses

4016.0 22431.0 116.0 96.0 to
4176.0 22431.0 292.0 96.0 erect
4516.0 22447.0 256.0 76.0 uew
4816.0 22443.0 280.0 80.0 ones
5100.0 22495.0 28.0 28.0 ,
5180.0 22419.0 228.0 100.0 aud
5472.0 22435.0 452.0 84.0 wanted
5968.0 22427.0 116.0 96.0 to
6124.0 22419.0 280.0 100.0 have
6448.0 22447.0 68.0 72.0 a
6564.0 22423.0 248.0 100.0 title

4020.0 22551.0 116.0 92.0 to
4180.0 22543.0 188.0 100.0 the
4412.0 22540.0 436.0 120.0 ground
4896.0 22563.0 128.0 76.0 so
5068.0 22536.0 244.0 100.0 that
5360.0 22536.0 252.0 124.0 they
5668.0 22536.0 356.0 120.0 might
6072.0 22536.0 368.0 104.0 either
6484.0 22551.0 288.0 88.0 mort-

4016.0 22683.0 280.0 100.0 gage
4356.0 22683.0 124.0 76.0 or
4552.0 22656.0 304.0 104.0 bond
4940.0 22660.0 192.0 96.0 the
5224.0 22675.0 308.0 80.0 same
5636.0 22675.0 124.0 80.0 as
5868.0 22656.0 188.0 100.0 the
6144.0 22656.0 664.0 104.0 necessities

4020.0 22776.0 360.0 112.0 might
4424.0 22780.0 472.0 100.0 KMulre.

4136.0 22891.0 208.0 108.0 Mr.
4552.0 22891.0 384.0 100.0 Miller
5148.0 22887.0 128.0 100.0 of
5504.0 22883.0 392.0 104.0 Butler
6116.0 22883.0 248.0 108.0 said
6572.0 22887.0 244.0 104.0 that

4020.0 23036.0 152.0 80.0 no
4412.0 23007.0 496.0 104.0 member
5132.0 22999.0 332.0 108.0 could
5704.0 23003.0 264.0 104.0 read
6164.0 23003.0 276.0 104.0 'this
6628.0 23007.0 196.0 100.0 bill

4020.0 23131.0 232.0 100.0 and
4452.0 23147.0 520.0 100.0 compare
5204.0 23127.0 88.0 96.0 it
5520.0 23119.0 272.0 100.0 with
6024.0 23119.0 188.0 104.0 the
6412.0 23123.0 368.0 104.0 consti-

4024.0 23247.0 368.0 100.0 tution
4444.0 23243.0 224.0 104.0 and
4716.0 23243.0 272.0 96.0 then
5040.0 23247.0 252.0 92.0 vote
5388.0 23243.0 120.0 92.0 to
5612.0 23259.0 256.0 84.0 pass
5976.0 23236.0 88.0 108.0 it
6172.0 23236.0 360.0 108.0 under
6620.0 23239.0 188.0 104.0 the

4020.0 23360.0 264.0 104.0 oath
4324.0 23335.0 360.0 124.0 which
4736.0 23360.0 136.0 96.0 he
4920.0 23356.0 264.0 100.0 took
5232.0 23352.0 320.0 104.0 when
5608.0 23356.0 140.0 96.0 ho
5788.0 23352.0 448.0 104.0 became
6324.0 23379.0 68.0 76.0 a
6488.0 23379.0 292.0 76.0 mem-

4024.0 23480.0 192.0 100.0 ber
4316.0 23476.0 124.0 104.0 of
4524.0 23476.0 192.0 100.0 the
4820.0 23472.0 380.0 100.0 house.
5336.0 23467.0 176.0 104.0 He
5616.0 23472.0 272.0 96.0 then
5976.0 23467.0 260.0 108.0 read
6332.0 23472.0 184.0 100.0 the
6608.0 23476.0 196.0 100.0 bill

4032.0 23596.0 360.0 100.0 which
4444.0 23612.0 232.0 84.0 was
4716.0 23587.0 400.0 124.0 passed
5204.0 23587.0 224.0 100.0 two
5512.0 23608.0 324.0 100.0 years
5924.0 23608.0 208.0 92.0 ago
6220.0 23591.0 116.0 92.0 to
6420.0 23587.0 408.0 104.0 enable

4028.0 23711.0 192.0 104.0 the
4260.0 23711.0 268.0 104.0 laud
4580.0 23728.0 268.0 84.0 now
4896.0 23703.0 404.0 100.0 owned
5392.0 23703.0 140.0 116.0 by
5620.0 23703.0 188.0 100.0 thu
5916.0 23699.0 464.0 124.0 packers
6488.0 23719.0 116.0 84.0 to
6696.0 23711.0 128.0 96.0 be

4028.0 23831.0 372.0 104.0 leased
4548.0 23827.0 176.0 96.0 for
4828.0 23847.0 64.0 76.0 a
5028.0 23843.0 168.0 96.0 six
5196.0 23847.0 28.0 40.0 >
5232.0 23819.0 244.0 100.0 citic
5576.0 23839.0 508.0 112.0 purpose.
6268.0 23815.0 176.0 104.0 Ho
6548.0 23819.0 272.0 104.0 then

4024.0 23943.0 416.0 128.0 quoted
4548.0 23947.0 288.0 96.0 from
4952.0 23935.0 188.0 104.0 the
5244.0 23924.0 740.0 112.0 constitution
6116.0 23932.0 192.0 104.0 the
6448.0 23939.0 380.0 100.0 clause

4028.0 24067.0 444.0 112.0 against
4520.0 24056.0 444.0 112.0 specific
5012.0 24048.0 636.0 120.0 legislation
5664.0 24123.0 28.0 44.0 ,
5808.0 24048.0 220.0 104.0 and
6128.0 24052.0 116.0 100.0 In
6360.0 24052.0 460.0 104.0 conflict

4028.0 24184.0 272.0 104.0 with
4352.0 24184.0 244.0 100.0 that
4632.0 24199.0 228.0 76.0 was
4908.0 24176.0 192.0 100.0 the
5144.0 24168.0 192.0 104.0 Dill
5388.0 24191.0 260.0 80.0 now
5752.0 24168.0 364.0 100.0 under
6196.0 24168.0 596.0 104.0 considera

4028.0 24300.0 276.0 104.0 tion.
4436.0 24296.0 180.0 100.0 He
4668.0 24315.0 228.0 76.0 was
5004.0 24287.0 488.0 124.0 opposed
5544.0 24291.0 116.0 96.0 to
5764.0 24287.0 192.0 100.0 the
6060.0 24279.0 196.0 108.0 bill
6340.0 24283.0 228.0 104.0 snd
6644.0 24308.0 148.0 100.0 op-

4028.0 24415.0 340.0 120.0 posed
4412.0 24415.0 188.0 100.0 the
4644.0 24403.0 824.0 112.0 amendments.
5604.0 24399.0 176.0 104.0 He
5836.0 24424.0 224.0 84.0 was
6104.0 24403.0 192.0 100.0 not
6328.0 24399.0 500.0 116.0 opposed

4028.0 24535.0 112.0 100.0 to
4188.0 24535.0 188.0 100.0 tl.e
4412.0 24531.0 232.0 116.0 city
4688.0 24531.0 124.0 96.0 of
4872.0 24523.0 476.0 104.0 Lincoln
5404.0 24543.0 208.0 80.0 nor
5656.0 24519.0 188.0 100.0 the
5884.0 24527.0 428.0 112.0 county
6356.0 24515.0 136.0 104.0 of
6544.0 24519.0 236.0 100.0 Lan-

4024.0 24659.0 368.0 92.0 caster
4392.0 24723.0 24.0 44.0 ,
4472.0 24655.0 192.0 96.0 but
4716.0 24647.0 84.0 100.0 It
4848.0 24663.0 232.0 80.0 was
5128.0 24639.0 272.0 104.0 time
5444.0 24643.0 348.0 96.0 toeo
5840.0 24635.0 236.0 100.0 that
6124.0 24635.0 188.0 100.0 the
6424.0 24635.0 404.0 120.0 people

4028.0 24771.0 116.0 96.0 of
4196.0 24775.0 188.0 92.0 the
4424.0 24775.0 292.0 92.0 state
4764.0 24783.0 292.0 80.0 were
5104.0 24748.0 564.0 132.0 protected
5696.0 24752.0 120.0 104.0 in
5860.0 24752.0 184.0 104.0 the
6076.0 24752.0 332.0 100.0 lands
6456.0 24752.0 368.0 104.0 which

4032.0 24880.0 552.0 124.0 belonged
4636.0 24891.0 116.0 96.0 to
4800.0 24876.0 340.0 108.0 them.

4144.0 25004.0 100.0 96.0 A
4292.0 25019.0 500.0 100.0 message
4840.0 25015.0 232.0 80.0 was
5140.0 24983.0 508.0 112.0 received
5744.0 24983.0 284.0 108.0 from
6120.0 24983.0 192.0 104.0 the
6420.0 24987.0 412.0 100.0 senate

4032.0 25115.0 736.0 112.0 announcing
4816.0 25111.0 192.0 104.0 the
5056.0 25132.0 468.0 80.0 nassagn
5564.0 25111.0 116.0 92.0 ot
5736.0 25107.0 188.0 100.0 the
5972.0 25099.0 192.0 108.0 bill
6256.0 25103.0 176.0 100.0 for
6544.0 25128.0 244.0 96.0 pun-

4036.0 25227.0 384.0 120.0 ishing
4468.0 25231.0 188.0 100.0 the
4704.0 25211.0 640.0 148.0 provoking
5392.0 25227.0 120.0 96.0 of
5548.0 25219.0 516.0 104.0 assaults.

4152.0 25372.0 208.0 108.0 Mr.
4440.0 25367.0 376.0 112.0 Fuller
4856.0 25372.0 128.0 104.0 of
5024.0 25372.0 308.0 116.0 Gage
5384.0 25367.0 448.0 104.0 wanted
5920.0 25363.0 112.0 104.0 to
6120.0 25359.0 344.0 100.0 know
6508.0 25359.0 96.0 104.0 if
6644.0 25359.0 156.0 104.0 Im
6784.0 25395.0 56.0 68.0 i-

4032.0 25495.0 716.0 108.0 provements
4792.0 25491.0 328.0 100.0 could
5172.0 25487.0 200.0 100.0 not
5416.0 25483.0 132.0 104.0 ba
5628.0 25479.0 324.0 108.0 made
6040.0 25483.0 116.0 96.0 In
6252.0 25479.0 588.0 100.0 Nebraska

4040.0 25607.0 472.0 104.0 without
4560.0 25607.0 440.0 116.0 getting
5048.0 25607.0 240.0 100.0 into
5336.0 25599.0 188.0 104.0 the
5572.0 25599.0 372.0 100.0 hands
6028.0 25595.0 128.0 104.0 of
6232.0 25591.0 596.0 108.0 schemers.

4032.0 25723.0 368.0 100.0 These
4448.0 25715.0 320.0 112.0 lands
4820.0 25719.0 360.0 104.0 which
5228.0 25723.0 84.0 100.0 It
5364.0 25743.0 232.0 76.0 was
5640.0 25711.0 408.0 112.0 sought
6144.0 25715.0 180.0 116.0 to.
6348.0 25711.0 224.0 124.0 buy
6620.0 25723.0 112.0 104.0 at
6776.0 25739.0 68.0 80.0 a

4040.0 25839.0 508.0 104.0 nominal
4596.0 25843.0 236.0 96.0 rate
4876.0 25835.0 368.0 104.0 would
5328.0 25831.0 380.0 104.0 divide
5796.0 25835.0 248.0 100.0 into
6088.0 25828.0 220.0 104.0 lots
6352.0 25828.0 232.0 108.0 and
6628.0 25835.0 212.0 104.0 sell

4040.0 25963.0 116.0 96.0 at
4248.0 25952.0 428.0 132.0 greatly
4780.0 25952.0 572.0 108.0 advanced
5440.0 25952.0 384.0 128.0 prices.
5960.0 25944.0 180.0 112.0 He
6228.0 25959.0 448.0 96.0 wanted
6728.0 25956.0 116.0 96.0 to

4044.0 26067.0 208.0 112.0 kill
4300.0 26072.0 188.0 108.0 the
4528.0 26047.0 252.0 132.0 bill.

4160.0 26195.0 208.0 104.0 Mr.
4420.0 26191.0 480.0 104.0 Cannon
4952.0 26211.0 232.0 84.0 was
5264.0 26187.0 492.0 132.0 oppovd
5844.0 26191.0 116.0 104.0 to
6044.0 26183.0 504.0 120.0 striking
6632.0 26187.0 196.0 104.0 out

4044.0 26311.0 192.0 104.0 the
4276.0 26311.0 536.0 120.0 enacting
4892.0 26311.0 376.0 104.0 clause
5352.0 26311.0 228.0 104.0 and
5668.0 26307.0 472.0 108.0 favored
6224.0 26303.0 624.0 128.0 amending

4048.0 26427.0 188.0 108.0 the
4280.0 26427.0 232.0 104.0 bill.
6384.0 26535.0 32.0 40.0 ,
6532.0 26535.0 32.0 40.0 ,
6716.0 26535.0 24.0 40.0 ,
6744.0 26563.0 28.0 12.0 _

4164.0 26543.0 220.0 108.0 Mr.
4452.0 26543.0 592.0 128.0 Uaymoud
5108.0 26543.0 120.0 100.0 of
5320.0 26539.0 612.0 108.0 Lancaster
6012.0 26535.0 560.0 108.0 amended
6664.0 26535.0 188.0 100.0 the

4048.0 26663.0 728.0 104.0 amendment
4776.0 26731.0 32.0 48.0 ,
4860.0 26655.0 720.0 124.0 authorizing
5640.0 26667.0 192.0 96.0 the
5916.0 26659.0 344.0 96.0 board
6304.0 26659.0 120.0 96.0 of
6476.0 26652.0 372.0 108.0 public

4052.0 26780.0 328.0 104.0 lands
4424.0 26780.0 224.0 104.0 and
4700.0 26776.0 572.0 120.0 buildings
5316.0 26783.0 116.0 92.0 to
5476.0 26776.0 512.0 120.0 appraise
6032.0 26780.0 192.0 96.0 the
6272.0 26768.0 572.0 112.0 lands.the

4052.0 26896.0 408.0 116.0 selling
4504.0 26900.0 128.0 92.0 of
4672.0 26900.0 192.0 96.0 the
4924.0 26915.0 308.0 80.0 same
5316.0 26900.0 116.0 88.0 to
5516.0 26896.0 132.0 96.0 be
5752.0 26896.0 112.0 96.0 at
5944.0 26887.0 460.0 108.0 auct'on
6212.0 26887.0 24.0 68.0 '
6452.0 26900.0 228.0 88.0 and
6736.0 26883.0 112.0 100.0 In

4052.0 27011.0 428.0 108.0 parcels
4524.0 27007.0 128.0 100.0 of
4696.0 27015.0 200.0 96.0 not
4944.0 27032.0 308.0 76.0 more
5300.0 27007.0 268.0 100.0 than
5624.0 27007.0 184.0 96.0 10)
5852.0 27028.0 304.0 84.0 acres
6232.0 27003.0 312.0 100.0 eaclu
6676.0 26999.0 180.0 104.0 He

4056.0 27127.0 344.0 104.0 osScwl
4444.0 27127.0 208.0 104.0 Mr.
4700.0 27127.0 492.0 100.0 Overton
5240.0 27131.0 116.0 92.0 to
5400.0 27119.0 180.0 108.0 wl'
5684.0 27119.0 304.0 104.0 draw
6028.0 27119.0 176.0 104.0 his
6248.0 27119.0 436.0 100.0 motion
6740.0 27123.0 112.0 96.0 to

4052.0 27247.0 356.0 100.0 strike
4452.0 27259.0 196.0 84.0 out
4692.0 27243.0 188.0 100.0 the
4924.0 27239.0 536.0 112.0 enacting
5540.0 27311.0 44.0 36.0 ,
5588.0 27263.0 344.0 80.0 iause.
6060.0 27235.0 224.0 104.0 Mr.
6352.0 27239.0 492.0 96.0 Overton

4060.0 27355.0 556.0 108.0 declined.

4176.0 27476.0 208.0 104.0 Mr.
4444.0 27468.0 664.0 112.0 IVmbcrton
5156.0 27468.0 464.0 116.0 furred
5664.0 27468.0 412.0 124.0 selling
6120.0 27472.0 192.0 108.0 the
6356.0 27463.0 272.0 108.0 land
6684.0 27472.0 168.0 104.0 fM

4068.0 27596.0 292.0 100.0 what
4408.0 27592.0 88.0 104.0 tt
4544.0 27611.0 232.0 80.0 was
4824.0 27592.0 388.0 104.0 worth.

4180.0 27707.0 212.0 104.0 Mr.
4444.0 27703.0 428.0 108.0 Harlan
4920.0 27699.0 456.0 108.0 showed
5440.0 27703.0 248.0 104.0 that
5768.0 27699.0 192.0 104.0 the
6044.0 27695.0 196.0 108.0 bill
6348.0 27695.0 504.0 124.0 required

4060.0 27823.0 200.0 104.0 the
4296.0 27823.0 408.0 124.0 telling
4748.0 27823.0 124.0 100.0 of
4916.0 27823.0 192.0 100.0 the
5152.0 27819.0 332.0 104.0 lands
5528.0 27827.0 112.0 96.0 to
5688.0 27815.0 188.0 104.0 the
5912.0 27827.0 456.0 112.0 present
6412.0 27815.0 440.0 104.0 lessees.

4060.0 27919.0 284.0 144.0 TtiU
4428.0 27963.0 232.0 88.0 was
4716.0 27939.0 420.0 120.0 clearly
5244.0 27939.0 120.0 108.0 In
5468.0 27931.0 868.0 116.0 contravention
6448.0 27939.0 120.0 100.0 of
6680.0 27935.0 172.0 104.0 the

6904.0 2548.0 792.0 112.0 constitution.
7836.0 2556.0 464.0 104.0 Besides
8304.0 2636.0 28.0 44.0 ,
8388.0 2560.0 316.0 104.0 there
8796.0 2580.0 232.0 84.0 was
9120.0 2584.0 152.0 80.0 no
9360.0 2580.0 332.0 80.0 neces-

6908.0 2672.0 232.0 116.0 sity
7192.0 2676.0 180.0 100.0 for
7420.0 2704.0 44.0 68.0 ?
7480.0 2672.0 356.0 124.0 elllng
7884.0 2676.0 192.0 100.0 the
8120.0 2676.0 364.0 104.0 Hnds.

7032.0 2788.0 204.0 104.0 Mr.
7292.0 2788.0 316.0 116.0 Aqeo
7660.0 2788.0 448.0 104.0 wanted
8160.0 2796.0 192.0 100.0 the
8400.0 2792.0 192.0 104.0 bill
8664.0 2788.0 560.0 108.0 amended
9280.0 2788.0 196.0 108.0 but
9532.0 2796.0 200.0 96.0 not

6912.0 2904.0 352.0 104.0 killed
7312.0 2904.0 228.0 108.0 and
7592.0 2908.0 352.0 112.0 spoke
7996.0 2908.0 116.0 100.0 In
8172.0 2912.0 324.0 100.0 favor
8540.0 2908.0 120.0 100.0 of
8728.0 2908.0 204.0 104.0 Mr.
9036.0 2908.0 696.0 116.0 Kiymond's

6920.0 3024.0 772.0 104.0 amendment.
7824.0 3032.0 92.0 96.0 A
7984.0 3036.0 428.0 92.0 motion
8460.0 3028.0 176.0 100.0 for
8680.0 3032.0 192.0 96.0 the
8932.0 3032.0 644.0 100.0 committee
9624.0 3032.0 116.0 96.0 to

6908.0 3144.0 224.0 96.0 rise
7180.0 3164.0 224.0 80.0 was
7452.0 3140.0 248.0 104.0 lost.
7828.0 3140.0 244.0 100.0 The
8124.0 3148.0 420.0 96.0 motion
8640.0 3152.0 116.0 96.0 to
8840.0 3144.0 352.0 100.0 strike
9280.0 3152.0 196.0 92.0 out
9524.0 3148.0 188.0 96.0 the

6920.0 3256.0 540.0 120.0 enacting
7504.0 3260.0 376.0 100.0 clause
7928.0 3284.0 228.0 72.0 was
8212.0 3260.0 212.0 100.0 lost
8484.0 3264.0 152.0 116.0 by
8680.0 3288.0 68.0 72.0 a
8796.0 3268.0 248.0 92.0 vote
9092.0 3260.0 120.0 100.0 of
9256.0 3264.0 24.0 88.0 !
9284.0 3264.0 92.0 92.0 i5
9420.0 3272.0 116.0 92.0 to
9580.0 3264.0 148.0 96.0 35.

6916.0 3372.0 448.0 108.0 Messrs.
7416.0 3372.0 404.0 120.0 Smyth
7868.0 3376.0 224.0 100.0 and
8156.0 3372.0 412.0 120.0 Young
8612.0 3380.0 120.0 100.0 of
8792.0 3372.0 492.0 116.0 Dotulas
9376.0 3384.0 332.0 96.0 voted

6920.0 3488.0 116.0 100.0 In
7092.0 3484.0 184.0 108.0 the
7328.0 3492.0 552.0 100.0 neatlve.
8012.0 3492.0 244.0 100.0 The
8300.0 3488.0 784.0 108.0 amendments
9136.0 3520.0 292.0 76.0 were
9480.0 3496.0 176.0 100.0 dis-

6920.0 3604.0 388.0 104.0 cussed
7324.0 3676.0 24.0 48.0 ,
7404.0 3604.0 204.0 108.0 Mr.
7676.0 3604.0 264.0 104.0 Kief
7992.0 3608.0 472.0 120.0 holding
8572.0 3616.0 240.0 100.0 that
8920.0 3608.0 228.0 108.0 this
9252.0 3608.0 196.0 104.0 did
9544.0 3616.0 196.0 96.0 not

6924.0 3724.0 500.0 108.0 Improve
7476.0 3728.0 184.0 100.0 the
7732.0 3728.0 228.0 100.0 bill.

7040.0 3840.0 224.0 100.0 Mr.
7316.0 3840.0 88.0 108.0 A
7428.0 3864.0 200.0 84.0 Bee
7696.0 3840.0 392.0 104.0 moved
8180.0 3840.0 240.0 108.0 that
8504.0 3840.0 188.0 112.0 the
8776.0 3840.0 648.0 108.0 committee
9512.0 3840.0 224.0 108.0 rise

6924.0 3960.0 220.0 100.0 and
7200.0 3956.0 204.0 104.0 ask
7456.0 3956.0 312.0 104.0 leave
7812.0 3976.0 116.0 84.0 to
7976.0 3964.0 148.0 100.0 sit
8164.0 3964.0 380.0 104.0 again.
8684.0 3960.0 100.0 104.0 It
8836.0 3988.0 232.0 76.0 was
9116.0 3964.0 248.0 100.0 lost.

7044.0 4072.0 204.0 104.0 Mr.
7424.0 4072.0 476.0 120.0 llayden
8060.0 4076.0 400.0 108.0 moved
8568.0 4072.0 244.0 112.0 that
8908.0 4088.0 192.0 96.0 the
9204.0 4072.0 540.0 132.0 enacting

6924.0 4188.0 380.0 108.0 clause
7348.0 4184.0 136.0 108.0 be
7528.0 4192.0 496.0 104.0 stricken
8092.0 4204.0 224.0 92.0 out.

7048.0 4308.0 200.0 100.0 Mr.
7312.0 4304.0 592.0 108.0 Havmond
7952.0 4312.0 584.0 104.0 withdrew
8584.0 4308.0 176.0 108.0 his
8804.0 4312.0 740.0 108.0 amendment
9596.0 4324.0 116.0 92.0 to

6932.0 4420.0 192.0 108.0 the
7164.0 4424.0 768.0 112.0 amendment.

7060.0 4540.0 204.0 104.0 Mr.
7328.0 4536.0 660.0 112.0 Undershlll
8040.0 4548.0 120.0 100.0 of
8196.0 4548.0 280.0 104.0 Otoc
8520.0 4536.0 244.0 116.0 said
8812.0 4544.0 188.0 108.0 the
9044.0 4544.0 320.0 108.0 stock
9412.0 4548.0 336.0 120.0 yards

6936.0 4652.0 224.0 108.0 had
7208.0 4660.0 552.0 104.0 benefited
7824.0 4664.0 580.0 100.0 Nebraska
8472.0 4664.0 112.0 100.0 In
8636.0 4688.0 68.0 80.0 a
8752.0 4691.0 480.0 76.0 manner
9276.0 4668.0 196.0 100.0 but
9544.0 4684.0 204.0 88.0 not

6936.0 4780.0 116.0 96.0 to
7096.0 4784.0 188.0 92.0 the
7324.0 4772.0 408.0 108.0 dearee
7776.0 4780.0 240.0 100.0 that
8064.0 4780.0 220.0 100.0 thU
8336.0 4780.0 192.0 104.0 bill
8576.0 4784.0 408.0 104.0 should
9036.0 4788.0 132.0 96.0 bo
9252.0 4784.0 452.0 120.0 passed.

7056.0 4892.0 220.0 100.0 Mr.
7336.0 4892.0 368.0 104.0 Miller
7784.0 4900.0 124.0 96.0 of
7984.0 4896.0 700.0 104.0 Klchardson
8780.0 4896.0 244.0 104.0 said
9076.0 4900.0 244.0 100.0 that
9364.0 4928.0 64.0 72.0 a
9472.0 4924.0 216.0 96.0 gen-

6936.0 5008.0 224.0 108.0 eral
7272.0 5008.0 216.0 104.0 law
7596.0 5012.0 220.0 100.0 had
7900.0 5028.0 116.0 84.0 to
8104.0 5012.0 132.0 104.0 be
8328.0 5004.0 396.0 132.0 passed
8816.0 5016.0 228.0 104.0 and
9092.0 5016.0 364.0 104.0 defied
9508.0 5040.0 236.0 100.0 any

6940.0 5148.0 260.0 76.0 man
7252.0 5148.0 144.0 80.0 on
7456.0 5124.0 184.0 104.0 thu
7692.0 5128.0 272.0 104.0 floor
8008.0 5132.0 116.0 100.0 to
8172.0 5152.0 332.0 116.0 prove
8552.0 5132.0 188.0 104.0 the
8808.0 5140.0 564.0 116.0 contrary.

7056.0 5240.0 244.0 104.0 The
7388.0 5248.0 256.0 96.0 vole
7748.0 5268.0 140.0 76.0 on
8004.0 5228.0 500.0 128.0 striking
8604.0 5256.0 200.0 92.0 out
8920.0 5252.0 188.0 100.0 the
9212.0 5248.0 540.0 116.0 enacting

6936.0 5352.0 380.0 108.0 clause
7364.0 5360.0 488.0 100.0 resulted
7904.0 5356.0 112.0 108.0 In
8072.0 5368.0 116.0 92.0 34
8240.0 5372.0 312.0 92.0 votes
8604.0 5364.0 112.0 104.0 In
8792.0 5364.0 188.0 104.0 the
9064.0 5368.0 684.0 104.0 affirmative

6944.0 5472.0 228.0 104.0 and
7272.0 5480.0 124.0 96.0 ai
7500.0 5488.0 316.0 92.0 votes
7928.0 5480.0 116.0 100.0 in
8156.0 5488.0 200.0 92.0 thn
8476.0 5484.0 560.0 108.0 negative.
9288.0 5484.0 456.0 104.0 Messrs.

6944.0 5588.0 452.0 108.0 Andres
7404.0 5668.0 24.0 40.0 ,
7532.0 5592.0 576.0 104.0 Hcimrod.
8228.0 5592.0 472.0 108.0 Matthle
8708.0 5628.0 24.0 40.0 <
8732.0 5628.0 24.0 56.0 >
8768.0 5624.0 148.0 76.0 on
9048.0 5596.0 228.0 108.0 and
9404.0 5600.0 352.0 104.0 Whit-

6944.0 5732.0 308.0 76.0 more
7296.0 5712.0 324.0 100.0 voted
7680.0 5712.0 112.0 100.0 In
7848.0 5712.0 188.0 100.0 the
8076.0 5712.0 700.0 108.0 affirmative.
8880.0 5712.0 336.0 104.0 Knox
9224.0 5788.0 32.0 48.0 ,
9316.0 5712.0 428.0 120.0 Young

6944.0 5828.0 224.0 96.0 and
7280.0 5820.0 404.0 128.0 Smyth
7792.0 5828.0 116.0 104.0 In
7956.0 5831.0 188.0 100.0 the
8192.0 5831.0 520.0 104.0 necatlve
8716.0 5908.0 28.0 48.0 ,
8796.0 5836.0 52.0 100.0 (
8852.0 5836.0 28.0 92.0 !
8900.0 5860.0 340.0 92.0 ai\ey
9288.0 5844.0 200.0 92.0 not
9536.0 5852.0 188.0 88.0 vet

6952.0 5940.0 232.0 104.0 ing.

6952.0 5940.0 284.0 220.0 ing.On

7064.0 6064.0 172.0 96.0 On
7296.0 6060.0 424.0 108.0 motion
7800.0 6064.0 124.0 100.0 of
8012.0 6064.0 204.0 104.0 Mr.
8328.0 6064.0 380.0 108.0 Miller
8812.0 6064.0 188.0 108.0 the
9100.0 6060.0 640.0 108.0 committee

6948.0 6200.0 316.0 80.0 aroe
7348.0 6176.0 224.0 104.0 and
7660.0 6180.0 508.0 124.0 reported
8276.0 6180.0 228.0 104.0 and
8604.0 6180.0 352.0 108.0 asked
9064.0 6184.0 312.0 104.0 leave
9424.0 6196.0 116.0 88.0 to
9584.0 6184.0 152.0 104.0 sit

6952.0 6296.0 368.0 100.0 again.

7068.0 6408.0 208.0 104.0 Mr.
7320.0 6403.0 468.0 128.0 Hayden
7840.0 6412.0 396.0 104.0 moved
8272.0 6420.0 112.0 92.0 to
8416.0 6408.0 708.0 116.0 Indefinitely
9160.0 6420.0 584.0 120.0 postpone.

6948.0 6520.0 244.0 104.0 The
7240.0 6536.0 424.0 96.0 motion
7720.0 6552.0 228.0 80.0 was
7996.0 6527.0 104.0 104.0 lo
8172.0 6540.0 40.0 92.0 t
8260.0 6531.0 140.0 104.0 bv
8444.0 6536.0 116.0 96.0 47
8608.0 6540.0 116.0 96.0 to
8764.0 6536.0 120.0 92.0 'M
8888.0 6604.0 28.0 48.0 ,
9016.0 6520.0 180.0 116.0 the
9248.0 6531.0 504.0 124.0 Douglas

6952.0 6636.0 628.0 124.0 delegation
7644.0 6652.0 392.0 100.0 votlns
8084.0 6672.0 124.0 76.0 as
8256.0 6648.0 380.0 104.0 above.

7064.0 6764.0 108.0 92.0 A
7224.0 6764.0 420.0 96.0 motion
7700.0 6764.0 124.0 96.0 of
7868.0 6760.0 208.0 104.0 Mr.
8120.0 6764.0 404.0 120.0 Smyth
8576.0 6776.0 112.0 92.0 to
8736.0 6792.0 140.0 92.0 go
8924.0 6764.0 244.0 104.0 Into
9256.0 6760.0 464.0 112.0 commit-

6948.0 6884.0 176.0 88.0 tee
7168.0 6876.0 124.0 96.0 of
7336.0 6880.0 188.0 96.0 the
7576.0 6876.0 360.0 104.0 whole
7980.0 6904.0 144.0 76.0 on
8176.0 6892.0 392.0 92.0 senate
8608.0 6880.0 176.0 104.0 lile
8836.0 6888.0 164.0 92.0 174
9056.0 6907.0 228.0 76.0 was
9336.0 6880.0 248.0 104.0 lost.

7064.0 6984.0 244.0 108.0 The
7356.0 7000.0 624.0 112.0 proprietor
8020.0 7000.0 116.0 96.0 ot
8184.0 6996.0 188.0 104.0 the
8420.0 6996.0 440.0 124.0 Capital
8912.0 6996.0 296.0 104.0 hotel
9304.0 6996.0 444.0 104.0 Invited

6948.0 7099.0 580.0 112.0 thehoti'e
7624.0 7136.0 68.0 76.0 o
7736.0 7108.0 420.0 104.0 dinner
8192.0 7120.0 668.0 100.0 to-morrow.
9024.0 7112.0 108.0 104.0 It
9240.0 7140.0 232.0 80.0 was
9592.0 7144.0 128.0 80.0 ac

6960.0 7220.0 448.0 108.0 cented.

7064.0 7336.0 244.0 104.0 The
7396.0 7340.0 348.0 104.0 house
7844.0 7348.0 308.0 100.0 went
8264.0 7344.0 240.0 104.0 into
8604.0 7348.0 644.0 104.0 committee
9356.0 7348.0 124.0 104.0 of
9572.0 7348.0 192.0 104.0 the

6948.0 7452.0 396.0 112.0 whole.
7400.0 7456.0 204.0 104.0 Mr.
7648.0 7460.0 404.0 116.0 Smyth
8104.0 7464.0 116.0 96.0 In
8276.0 7476.0 192.0 88.0 the
8552.0 7464.0 312.0 104.0 chair
8864.0 7540.0 28.0 32.0 ,
8952.0 7468.0 176.0 100.0 for
9212.0 7464.0 192.0 104.0 the
9492.0 7492.0 208.0 76.0 con-

6948.0 7572.0 612.0 104.0 sideration
7616.0 7576.0 128.0 100.0 of
7788.0 7584.0 192.0 96.0 the
8024.0 7580.0 192.0 100.0 bill
8300.0 7580.0 424.0 120.0 p.iylng
8808.0 7584.0 408.0 100.0 Hobert
9308.0 7580.0 444.0 104.0 Furnas

6944.0 7688.0 356.0 116.0 S5,000
7348.0 7692.0 176.0 100.0 for
7564.0 7692.0 484.0 104.0 services
8112.0 7720.0 124.0 76.0 as
8300.0 7700.0 188.0 96.0 the
8560.0 7692.0 584.0 108.0 Nebraska
9236.0 7700.0 476.0 100.0 commis-

6948.0 7804.0 384.0 108.0 sioner
7372.0 7812.0 116.0 96.0 at
7536.0 7808.0 184.0 104.0 the
7772.0 7808.0 280.0 104.0 New
8100.0 7816.0 472.0 96.0 Orleans
8644.0 7816.0 696.0 104.0 exposition.

7072.0 7923.0 444.0 100.0 Messrs.
7576.0 7923.0 376.0 104.0 Fuller
7992.0 7927.0 120.0 96.0 of
8160.0 7932.0 304.0 96.0 Gaire
8512.0 7932.0 224.0 96.0 and
8796.0 7932.0 388.0 100.0 Butler
9220.0 7936.0 124.0 96.0 of
9388.0 7927.0 376.0 104.0 Miller

6944.0 8036.0 424.0 108.0 offered
7416.0 8040.0 792.0 104.0 amendments
8256.0 8047.0 124.0 96.0 of
8424.0 8047.0 352.0 104.0 S2.000
8820.0 8051.0 228.0 100.0 and
9104.0 8047.0 372.0 104.0 S3.500
9480.0 8124.0 24.0 40.0 ,
9556.0 8051.0 196.0 100.0 but

6948.0 8156.0 260.0 120.0 they
7264.0 8175.0 284.0 84.0 were
7600.0 8164.0 328.0 96.0 voted
8016.0 8160.0 332.0 104.0 down
8448.0 8168.0 296.0 100.0 after
8820.0 8188.0 148.0 76.0 an
9076.0 8164.0 340.0 100.0 hours
9468.0 8164.0 272.0 104.0 talk.

6944.0 8272.0 244.0 100.0 The
7232.0 8272.0 640.0 104.0 committee
7920.0 8303.0 248.0 72.0 rose
8172.0 8352.0 24.0 32.0 ,
8296.0 8303.0 240.0 76.0 reK
8424.0 8303.0 24.0 92.0 |
8536.0 8307.0 24.0 68.0 >
8572.0 8280.0 232.0 100.0 rted
8900.0 8280.0 584.0 124.0 favorably
9536.0 8284.0 224.0 100.0 and

6948.0 8392.0 188.0 96.0 the
7216.0 8388.0 192.0 100.0 hill
7456.0 8416.0 232.0 76.0 was
7724.0 8388.0 464.0 108.0 ordered
8240.0 8396.0 180.0 100.0 for
8460.0 8424.0 64.0 72.0 a
8572.0 8396.0 300.0 104.0 third
8920.0 8396.0 356.0 108.0 order.

7064.0 8504.0 716.0 116.0 Adlourued.

7264.0 8720.0 640.0 100.0 Marlon's
7964.0 8724.0 632.0 116.0 Hanging
8668.0 8728.0 796.0 120.0 Postponed.

7072.0 8856.0 692.0 116.0 BKATIHCE.
7824.0 8860.0 276.0 104.0 Neb.
8112.0 8932.0 28.0 36.0 .
8228.0 8864.0 380.0 100.0 March
8656.0 8864.0 88.0 100.0 S.
8892.0 8868.0 32.0 120.0 (
8940.0 8864.0 440.0 124.0 Special
9460.0 8868.0 280.0 104.0 Tele-

6956.0 9028.0 308.0 92.0 gram
7316.0 9012.0 112.0 92.0 to
7532.0 9003.0 192.0 100.0 the
7768.0 8999.0 368.0 124.0 Biij
7916.0 9028.0 28.0 76.0 :
8004.0 9028.0 28.0 76.0 :
8280.0 8999.0 416.0 112.0 Sheriff
8788.0 9003.0 344.0 108.0 D.-.vis
9244.0 9008.0 512.0 104.0 received

6944.0 9168.0 64.0 76.0 a
7096.0 9144.0 532.0 116.0 telegram
7684.0 9148.0 288.0 100.0 from
8024.0 9148.0 588.0 104.0 Governor
8656.0 9144.0 464.0 124.0 Thayer
9168.0 9152.0 224.0 100.0 this
9444.0 9160.0 296.0 96.0 after-

6948.0 9284.0 296.0 76.0 noon
7376.0 9259.0 696.0 124.0 postiKUiinc
8164.0 9264.0 188.0 108.0 the
8468.0 9272.0 600.0 100.0 execution
9272.0 9272.0 128.0 96.0 of
9484.0 9272.0 292.0 100.0 Jack

6952.0 9375.0 448.0 100.0 Marlon
7492.0 9379.0 296.0 100.0 until
7868.0 9379.0 380.0 100.0 March
8400.0 9383.0 148.0 100.0 24.
8680.0 9383.0 280.0 100.0 This
9068.0 9383.0 388.0 104.0 makes
9588.0 9388.0 188.0 104.0 the

6964.0 9496.0 376.0 100.0 fourth
7396.0 9492.0 256.0 100.0 date
7696.0 9500.0 172.0 96.0 set
7916.0 9500.0 180.0 96.0 for
8140.0 9496.0 180.0 100.0 his
8368.0 9500.0 628.0 104.0 execution.

7080.0 9604.0 560.0 108.0 Lixcoi.y
7644.0 9684.0 24.0 44.0 ,
7760.0 9612.0 268.0 100.0 Neb.
8048.0 9684.0 24.0 24.0 .
8172.0 9612.0 388.0 104.0 March
8644.0 9616.0 88.0 100.0 S.
8880.0 9616.0 32.0 116.0 [
8928.0 9612.0 444.0 116.0 Special
9444.0 9616.0 272.0 104.0 Tele-

6952.0 9752.0 308.0 88.0 gram
7312.0 9732.0 116.0 96.0 to
7476.0 9728.0 188.0 100.0 the
7724.0 9728.0 360.0 116.0 BKF..I
8232.0 9732.0 584.0 104.0 Governor
8900.0 9732.0 448.0 104.0 Thaver
9400.0 9736.0 372.0 120.0 to-day

6952.0 9840.0 724.0 124.0 telegraphed
7724.0 9852.0 188.0 92.0 the
7952.0 9844.0 392.0 104.0 sheriff
8372.0 9848.0 124.0 96.0 of
8548.0 9848.0 308.0 120.0 Gage
8900.0 9856.0 424.0 112.0 county
9356.0 9856.0 376.0 108.0 notify

6960.0 9955.0 192.0 108.0 ing
7208.0 9960.0 224.0 100.0 him
7488.0 9960.0 244.0 100.0 that
7780.0 9964.0 140.0 96.0 he
7968.0 9964.0 216.0 100.0 had
8280.0 9964.0 584.0 120.0 reprieved
8952.0 9964.0 292.0 100.0 Jack
9336.0 9964.0 436.0 104.0 Marlon

6964.0 10071.0 228.0 100.0 and
7244.0 10079.0 628.0 116.0 postponed
7924.0 10075.0 192.0 100.0 the
8160.0 10083.0 600.0 100.0 execution
8812.0 10079.0 124.0 104.0 of
9024.0 10079.0 172.0 100.0 his
9244.0 10092.0 540.0 96.0 sentence

6956.0 10196.0 224.0 92.0 two
7268.0 10180.0 372.0 112.0 weeks
7648.0 10263.0 28.0 44.0 ,
7772.0 10196.0 300.0 96.0 until
8176.0 10196.0 392.0 100.0 March
8652.0 10196.0 120.0 96.0 25
8796.0 10224.0 28.0 88.0 ;
8896.0 10196.0 236.0 100.0 also
9204.0 10199.0 580.0 120.0 notifying

6956.0 10308.0 236.0 96.0 that
7288.0 10308.0 440.0 96.0 further
7808.0 10308.0 960.0 104.0 communication
8844.0 10312.0 368.0 104.0 would
9264.0 10316.0 132.0 100.0 be
9448.0 10316.0 324.0 100.0 made

6952.0 10420.0 144.0 100.0 bv
7208.0 10420.0 300.0 100.0 mall.
7656.0 10420.0 124.0 100.0 In
7896.0 10451.0 64.0 68.0 a
8068.0 10424.0 316.0 100.0 short
8496.0 10428.0 596.0 100.0 Interview
9200.0 10432.0 580.0 100.0 Governor

6944.0 10532.0 452.0 116.0 Thajer
7504.0 10536.0 368.0 100.0 stated
7984.0 10536.0 244.0 104.0 that
8340.0 10544.0 176.0 96.0 his
8620.0 10548.0 376.0 100.0 action
9112.0 10572.0 232.0 72.0 was
9440.0 10548.0 336.0 100.0 based

6952.0 10651.0 424.0 124.0 larsely
7428.0 10676.0 300.0 96.0 upon
7784.0 10655.0 192.0 96.0 the
8028.0 10660.0 228.0 100.0 fact
8308.0 10660.0 240.0 96.0 that
8604.0 10684.0 148.0 80.0 no
8836.0 10660.0 272.0 104.0 time
9200.0 10660.0 216.0 104.0 had
9504.0 10668.0 272.0 96.0 been

6952.0 10767.0 332.0 112.0 given
7464.0 10767.0 228.0 100.0 him
7904.0 10767.0 180.0 104.0 for
8316.0 10796.0 408.0 100.0 proper
8924.0 10779.0 848.0 100.0 consideration

6952.0 10884.0 124.0 96.0 of
7264.0 10880.0 192.0 104.0 the
7616.0 10907.0 256.0 80.0 case
8064.0 10912.0 300.0 96.0 upon
8580.0 10892.0 148.0 96.0 its
8928.0 10892.0 420.0 108.0 merits.
9540.0 10892.0 244.0 104.0 The

6952.0 11000.0 488.0 108.0 petition
7552.0 11000.0 424.0 112.0 asking
8068.0 11012.0 188.0 92.0 the
8364.0 11008.0 820.0 104.0 commutation
9280.0 11035.0 232.0 76.0 was
9584.0 11020.0 204.0 92.0 not

6952.0 11116.0 604.0 116.0 piosented
7616.0 11124.0 112.0 92.0 to
7780.0 11120.0 232.0 100.0 him
8060.0 11120.0 296.0 100.0 until
8408.0 11147.0 220.0 72.0 one
8676.0 11124.0 316.0 100.0 week
9084.0 11132.0 304.0 116.0 prior
9432.0 11132.0 116.0 96.0 to
9596.0 11132.0 188.0 96.0 the

6952.0 11240.0 220.0 112.0 day
7228.0 11232.0 288.0 100.0 ti\ed
7572.0 11236.0 180.0 100.0 for
7840.0 11244.0 188.0 92.0 the
8120.0 11240.0 592.0 100.0 execution
8732.0 11312.0 24.0 44.0 ,
8852.0 11236.0 228.0 104.0 and
9188.0 11240.0 188.0 104.0 the
9480.0 11244.0 256.0 100.0 testi-

6956.0 11372.0 344.0 96.0 mony
7340.0 11347.0 112.0 100.0 in
7512.0 11351.0 188.0 100.0 the
7748.0 11376.0 256.0 76.0 case
8056.0 11376.0 228.0 76.0 was
8332.0 11356.0 196.0 100.0 not
8580.0 11364.0 504.0 96.0 received
9136.0 11372.0 112.0 84.0 at
9296.0 11368.0 188.0 88.0 the
9524.0 11384.0 216.0 84.0 gov

6952.0 11460.0 432.0 104.0 ernor's
7436.0 11467.0 316.0 100.0 ofllcc
7804.0 11464.0 292.0 104.0 until
8148.0 11471.0 644.0 116.0 yesterday.
8912.0 11471.0 364.0 100.0 There
9328.0 11475.0 92.0 100.0 Is
9472.0 11475.0 272.0 100.0 noth-

6960.0 11584.0 196.0 116.0 ing
7204.0 11584.0 116.0 96.0 In
7380.0 11580.0 188.0 100.0 the
7620.0 11591.0 456.0 112.0 present
8160.0 11588.0 376.0 100.0 action
8592.0 11591.0 124.0 92.0 of
8808.0 11588.0 188.0 100.0 the
9044.0 11591.0 580.0 100.0 executive
9676.0 11608.0 116.0 84.0 to

6952.0 11700.0 312.0 96.0 show
7316.0 11700.0 304.0 96.0 what
7668.0 11700.0 176.0 100.0 his
7896.0 11700.0 508.0 104.0 decision
8504.0 11727.0 252.0 96.0 may
8808.0 11708.0 132.0 96.0 be
8992.0 11708.0 332.0 96.0 when
9392.0 11708.0 140.0 104.0 he
9584.0 11708.0 200.0 104.0 has

6956.0 11816.0 332.0 96.0 iriven
7352.0 11816.0 188.0 96.0 the
7584.0 11840.0 252.0 76.0 case
7892.0 11820.0 188.0 96.0 the
8144.0 11816.0 836.0 108.0 consideration
9076.0 11824.0 240.0 100.0 that
9388.0 11824.0 140.0 104.0 he
9588.0 11828.0 140.0 100.0 de

6956.0 11932.0 312.0 100.0 sires.
7400.0 11928.0 244.0 104.0 The
7692.0 11932.0 252.0 120.0 plea
7996.0 11940.0 180.0 96.0 for
8220.0 11936.0 816.0 104.0 commutation
9088.0 11964.0 148.0 72.0 on
9288.0 11944.0 188.0 96.0 thn
9524.0 11948.0 256.0 116.0 part

6952.0 12047.0 124.0 96.0 of
7124.0 12047.0 188.0 100.0 the
7356.0 12047.0 708.0 104.0 condemned
8140.0 12076.0 256.0 76.0 man
8456.0 12076.0 228.0 80.0 was
8736.0 12056.0 600.0 100.0 presented
9404.0 12060.0 116.0 96.0 to
9568.0 12068.0 192.0 88.0 the

6956.0 12184.0 556.0 96.0 governor
7592.0 12167.0 144.0 116.0 by
7824.0 12167.0 120.0 100.0 C.
8000.0 12167.0 124.0 104.0 O.
8184.0 12167.0 340.0 104.0 Bates
8588.0 12167.0 232.0 100.0 and
8872.0 12171.0 468.0 104.0 Colonel
9388.0 12171.0 352.0 124.0 Colby
9744.0 12244.0 28.0 48.0 ,

6952.0 12280.0 128.0 100.0 of
7144.0 12276.0 552.0 108.0 Beatrice.
8348.0 12419.0 68.0 8.0 _

7188.0 12496.0 108.0 96.0 A
7372.0 12496.0 720.0 116.0 AVjoining
8160.0 12504.0 580.0 96.0 Convict
8836.0 12504.0 708.0 116.0 Question.

7076.0 12628.0 564.0 108.0 LI.VCOI.X
7648.0 12708.0 24.0 44.0 ,
7784.0 12632.0 292.0 104.0 Neb.
8096.0 12708.0 28.0 36.0 ,
8184.0 12636.0 384.0 104.0 March
8656.0 12636.0 84.0 104.0 S.
8928.0 12640.0 32.0 120.0 [
8972.0 12640.0 440.0 124.0 Special
9484.0 12640.0 268.0 104.0 Tele-

6952.0 12799.0 312.0 92.0 gram
7372.0 12784.0 116.0 92.0 to
7592.0 12776.0 192.0 100.0 the
7888.0 12776.0 296.0 104.0 BEG.
8200.0 12780.0 36.0 120.0 ]
8384.0 12776.0 460.0 108.0 Colonel
8920.0 12780.0 324.0 104.0 Luke
9296.0 12784.0 432.0 104.0 Murnn
9752.0 12859.0 28.0 48.0 ,

6952.0 12916.0 120.0 100.0 of
7128.0 12916.0 604.0 128.0 Wyoming
7740.0 12991.0 24.0 48.0 ,
7808.0 12944.0 228.0 76.0 was
8088.0 12919.0 260.0 104.0 here
8400.0 12919.0 380.0 124.0 to-day
8848.0 12923.0 480.0 124.0 seeking
9376.0 12952.0 356.0 100.0 oppor-

6952.0 13055.0 380.0 132.0 tunity
7376.0 13063.0 112.0 100.0 to
7540.0 13059.0 312.0 120.0 place
7904.0 13068.0 168.0 92.0 150
8116.0 13059.0 616.0 128.0 Wyoming
8816.0 13068.0 512.0 104.0 convicts
9428.0 13072.0 116.0 100.0 In
9600.0 13072.0 192.0 100.0 the

6956.0 13200.0 584.0 108.0 Nebraska
7592.0 13204.0 820.0 124.0 penitentiary.
8556.0 13208.0 444.0 124.0 During
9048.0 13208.0 192.0 104.0 the
9292.0 13208.0 216.0 108.0 last
9560.0 13212.0 212.0 104.0 five

6952.0 13367.0 320.0 96.0 years
7324.0 13344.0 184.0 104.0 the
7556.0 13344.0 572.0 120.0 prisoners
8180.0 13348.0 284.0 104.0 have
8516.0 13352.0 276.0 100.0 been
8844.0 13360.0 116.0 96.0 at
9052.0 13352.0 360.0 104.0 Jollet
9420.0 13427.0 24.0 40.0 ,
9500.0 13352.0 236.0 108.0 Ills.
9756.0 13427.0 28.0 44.0 ,

6952.0 13484.0 196.0 104.0 but
7184.0 13488.0 188.0 104.0 the
7404.0 13488.0 552.0 104.0 abolition
8048.0 13491.0 124.0 100.0 of
8276.0 13491.0 192.0 100.0 the
8572.0 13495.0 512.0 100.0 contract
9156.0 13499.0 424.0 116.0 system
9672.0 13503.0 96.0 96.0 ol

6956.0 13627.0 308.0 104.0 labor
7308.0 13631.0 112.0 104.0 In
7476.0 13627.0 244.0 104.0 that
7768.0 13640.0 292.0 92.0 stats
8148.0 13631.0 472.0 104.0 renders
8708.0 13635.0 92.0 100.0 it
8892.0 13635.0 672.0 124.0 impossible
9664.0 13644.0 116.0 96.0 to

6956.0 13772.0 288.0 136.0 keep
7340.0 13776.0 304.0 96.0 them
7772.0 13768.0 316.0 108.0 there
8192.0 13776.0 428.0 112.0 longer.
8756.0 13776.0 436.0 104.0 Murrin
9208.0 13852.0 24.0 40.0 ,
9356.0 13788.0 252.0 92.0 who
9696.0 13784.0 96.0 100.0 is

6956.0 13887.0 572.0 104.0 chairman
7580.0 13896.0 116.0 88.0 ot
7748.0 13892.0 192.0 96.0 the
7996.0 13887.0 604.0 120.0 Wyoming
8648.0 13896.0 788.0 120.0 penitentiary
9484.0 13924.0 244.0 76.0 com-

6960.0 14003.0 384.0 108.0 mittee
7348.0 14075.0 28.0 48.0 ,
7524.0 14003.0 452.0 120.0 applied
8068.0 14015.0 116.0 88.0 to
8288.0 14011.0 192.0 96.0 the
8568.0 14007.0 592.0 104.0 Nebraska
9272.0 14015.0 444.0 100.0 authori-

6960.0 14120.0 208.0 100.0 ties
7176.0 14195.0 24.0 36.0 ,
7528.0 14120.0 200.0 100.0 but
8056.0 14148.0 232.0 76.0 was
8564.0 14127.0 784.0 100.0 unsuccessful
9640.0 14139.0 116.0 88.0 to

6960.0 14232.0 380.0 104.0 obtain
7516.0 14232.0 672.0 108.0 permiss'on
8004.0 14232.0 24.0 64.0 '
8428.0 14244.0 116.0 92.0 to
8772.0 14240.0 500.0 100.0 transfer
9500.0 14244.0 296.0 100.0 their

6956.0 14348.0 508.0 100.0 convicts
7572.0 14348.0 292.0 100.0 here.
8004.0 14348.0 180.0 100.0 Ho
8288.0 14348.0 376.0 100.0 leaves
8760.0 14352.0 112.0 100.0 in
8972.0 14360.0 188.0 92.0 the
9260.0 14360.0 540.0 116.0 morning

6956.0 14464.0 224.0 96.0 and
7228.0 14468.0 348.0 92.0 states
7624.0 14459.0 240.0 100.0 that
7912.0 14468.0 192.0 92.0 tne
8152.0 14468.0 276.0 112.0 only
8524.0 14464.0 332.0 112.0 thing
8912.0 14468.0 176.0 96.0 for
9192.0 14464.0 600.0 124.0 Wyoming

6956.0 14579.0 112.0 92.0 to
7112.0 14575.0 144.0 100.0 do
7304.0 14575.0 92.0 100.0 Is
7440.0 14579.0 116.0 96.0 to
7600.0 14583.0 580.0 96.0 construct
8224.0 14604.0 64.0 72.0 a
8340.0 14575.0 388.0 124.0 prison
8780.0 14583.0 128.0 96.0 of
8956.0 14579.0 296.0 104.0 their
9296.0 14612.0 256.0 76.0 own
9656.0 14587.0 116.0 100.0 In

6956.0 14699.0 188.0 92.0 the
7208.0 14703.0 288.0 88.0 most
7536.0 14695.0 436.0 96.0 central
8020.0 14703.0 248.0 96.0 part
8312.0 14699.0 124.0 92.0 of
8540.0 14695.0 192.0 100.0 the
8824.0 14699.0 564.0 116.0 territory.
9524.0 14703.0 104.0 100.0 It
9676.0 14707.0 100.0 96.0 Is

6952.0 14804.0 504.0 104.0 believed
7564.0 14808.0 580.0 100.0 Governor
8296.0 14808.0 640.0 112.0 Moonlight
9048.0 14816.0 232.0 100.0 will
9388.0 14819.0 216.0 96.0 call
9716.0 14848.0 68.0 72.0 a

6956.0 14924.0 412.0 120.0 special
7416.0 14924.0 432.0 100.0 session
7900.0 14928.0 124.0 92.0 of
8128.0 14932.0 192.0 92.0 the
8420.0 14920.0 612.0 108.0 territorial
9144.0 14928.0 652.0 112.0 legislature

6956.0 15044.0 116.0 96.0 to
7116.0 15040.0 260.0 100.0 take
7416.0 15064.0 312.0 76.0 some
7776.0 15048.0 304.0 112.0 steps
8132.0 15040.0 492.0 100.0 towards
8676.0 15044.0 612.0 120.0 prorldlug
9364.0 15052.0 176.0 96.0 for
9588.0 15052.0 188.0 100.0 the

6960.0 15155.0 676.0 104.0 disposition
7684.0 15155.0 124.0 96.0 of
7852.0 15155.0 320.0 100.0 these
8204.0 15155.0 572.0 120.0 prisoners
8788.0 15232.0 24.0 48.0 ,
8868.0 15160.0 264.0 104.0 who
9176.0 15172.0 428.0 96.0 cannot
9648.0 15192.0 156.0 80.0 te-

6964.0 15271.0 300.0 100.0 inaiu
7316.0 15271.0 116.0 100.0 at
7472.0 15267.0 404.0 108.0 Jollet.

7364.0 15515.0 464.0 96.0 Grand
7916.0 15515.0 692.0 100.0 Islanders
8684.0 15519.0 748.0 104.0 Celebrate.

7072.0 15647.0 572.0 108.0 Lixcor.x
7652.0 15723.0 24.0 48.0 ,
7728.0 15651.0 276.0 104.0 .Neb.
8020.0 15723.0 28.0 44.0 ,
8120.0 15651.0 384.0 108.0 March
8608.0 15655.0 84.0 100.0 S.
8844.0 15655.0 208.0 124.0 fSp
9100.0 15655.0 276.0 104.0 ecial
9472.0 15659.0 272.0 104.0 Tele-

6960.0 15820.0 312.0 92.0 gram
7316.0 15796.0 116.0 100.0 to
7508.0 15800.0 192.0 96.0 the
7780.0 15791.0 308.0 104.0 BEE.
8124.0 15816.0 20.0 100.0 |
8284.0 15796.0 576.0 112.0 To-night
8956.0 15804.0 188.0 100.0 the
9232.0 15808.0 520.0 100.0 senators
9760.0 15880.0 8.0 24.0 ,

6960.0 15932.0 936.0 128.0 representatives
7948.0 15936.0 224.0 104.0 and
8228.0 15963.0 64.0 76.0 a
8356.0 15940.0 480.0 100.0 number
8876.0 15944.0 128.0 96.0 of
9068.0 15944.0 192.0 100.0 the
9308.0 15944.0 476.0 104.0 citizens

6964.0 16080.0 124.0 100.0 of
7128.0 16076.0 380.0 108.0 Grand
7560.0 16076.0 392.0 104.0 Island
8016.0 16080.0 664.0 108.0 celebrated
8796.0 16084.0 192.0 100.0 the
9092.0 16087.0 540.0 104.0 .selection
9680.0 16120.0 68.0 72.0 o
9760.0 16116.0 8.0 68.0 :

6964.0 16223.0 248.0 100.0 that
7252.0 16215.0 308.0 112.0 place
7632.0 16235.0 180.0 88.0 tor
7856.0 16248.0 64.0 76.0 a
8000.0 16219.0 540.0 108.0 soldiers'
8596.0 16223.0 328.0 100.0 home
8932.0 16299.0 24.0 48.0 ,
9008.0 16227.0 148.0 120.0 by
9200.0 16260.0 68.0 72.0 a
9316.0 16227.0 436.0 128.0 batique

6964.0 16372.0 116.0 96.0 at
7176.0 16363.0 192.0 108.0 the
7480.0 16363.0 536.0 104.0 Windsor
8140.0 16363.0 344.0 104.0 hotel.
8724.0 16363.0 372.0 108.0 There
9224.0 16400.0 296.0 76.0 were
9620.0 16376.0 184.0 96.0 300

6968.0 16516.0 376.0 112.0 guests
7452.0 16508.0 116.0 100.0 in
7676.0 16508.0 680.0 104.0 attendance
8360.0 16584.0 28.0 44.0 ,
8504.0 16535.0 416.0 92.0 among
9072.0 16508.0 304.0 108.0 them
9464.0 16516.0 340.0 124.0 being

6968.0 16648.0 1052.0 124.0 GovernorThaycr
8060.0 16652.0 228.0 100.0 and
8340.0 16652.0 396.0 120.0 nearly
8780.0 16652.0 156.0 104.0 all
8988.0 16655.0 188.0 104.0 the
9228.0 16659.0 512.0 100.0 member

6964.0 16795.0 128.0 96.0 of
7128.0 16791.0 192.0 104.0 the
7360.0 16791.0 676.0 112.0 legislature.
8164.0 16791.0 564.0 108.0 Speeches
8836.0 16824.0 288.0 76.0 were
9220.0 16799.0 324.0 104.0 made
9636.0 16799.0 140.0 128.0 by

6964.0 16936.0 192.0 100.0 the
7228.0 16956.0 556.0 100.0 governor
7880.0 16931.0 228.0 104.0 and
8224.0 16936.0 452.0 108.0 Messrs.
8796.0 16940.0 360.0 112.0 Colby
9156.0 17012.0 28.0 44.0 ,
9300.0 16940.0 440.0 124.0 Majors

6968.0 17072.0 768.0 112.0 Vandemark.
7852.0 17076.0 496.0 104.0 HobDlns
8364.0 17152.0 28.0 40.0 ,
8508.0 17076.0 812.0 108.0 Vandnrvoort
9328.0 17156.0 24.0 36.0 ,
9448.0 17088.0 316.0 112.0 Agee

6968.0 17192.0 620.0 104.0 Stihmlnke
7592.0 17268.0 28.0 48.0 ,
7736.0 17192.0 372.0 104.0 Crane
8116.0 17268.0 24.0 44.0 ,
8260.0 17192.0 388.0 104.0 Fuller
8648.0 17268.0 28.0 52.0 ,
8824.0 17196.0 376.0 104.0 Miller
9200.0 17272.0 28.0 36.0 ,
9340.0 17196.0 428.0 128.0 Bently

6976.0 17307.0 616.0 104.0 Whltmore
7600.0 17384.0 24.0 40.0 ,
7744.0 17311.0 424.0 120.0 Casper
8172.0 17384.0 24.0 48.0 ,
8328.0 17311.0 676.0 108.0 Newcomer
9004.0 17388.0 28.0 44.0 ,
9152.0 17315.0 616.0 104.0 McNamar

6976.0 17423.0 428.0 104.0 Itiissell
7420.0 17499.0 24.0 48.0 ,
7620.0 17423.0 384.0 104.0 Moore
8008.0 17499.0 24.0 44.0 ,
8216.0 17423.0 412.0 104.0 Hawes
8632.0 17499.0 28.0 48.0 ,
8844.0 17427.0 564.0 120.0 Llnlnger
9564.0 17460.0 192.0 72.0 ant

6972.0 17543.0 448.0 104.0 Brown.
7604.0 17540.0 248.0 100.0 The
8016.0 17547.0 540.0 116.0 speeches
8712.0 17547.0 604.0 100.0 embodied
9440.0 17572.0 316.0 100.0 everj

6960.0 17683.0 428.0 96.0 spei'.os
7232.0 17683.0 20.0 52.0 '
7436.0 17660.0 124.0 100.0 of
7648.0 17660.0 192.0 100.0 wit
7848.0 17731.0 28.0 36.0 ,
7928.0 17656.0 408.0 104.0 humor
8380.0 17660.0 240.0 100.0 and
8736.0 17664.0 396.0 104.0 pathos
9140.0 17735.0 28.0 40.0 ,
9288.0 17667.0 232.0 100.0 and
9596.0 17667.0 192.0 100.0 the

6984.0 17776.0 512.0 136.0 happiest
7556.0 17776.0 428.0 116.0 feeling
8036.0 17776.0 580.0 124.0 prevailed
8676.0 17776.0 684.0 112.0 whlle.wine
9368.0 17856.0 24.0 36.0 ,
9448.0 17780.0 308.0 104.0 clear

6960.0 17916.0 228.0 76.0 and
7288.0 17892.0 720.0 104.0 sandwiches
8096.0 17916.0 292.0 76.0 ware
8508.0 17904.0 396.0 92.0 served
8960.0 17900.0 116.0 96.0 In
9140.0 17896.0 608.0 120.0 profusion

6964.0 18007.0 248.0 100.0 The
7316.0 18016.0 292.0 96.0 most
7712.0 18007.0 460.0 100.0 notable
8280.0 18007.0 640.0 104.0 sentiment
9008.0 18020.0 116.0 92.0 to
9176.0 18016.0 364.0 104.0 which
9588.0 18040.0 140.0 76.0 ex-

6964.0 18123.0 504.0 124.0 pression
7524.0 18148.0 236.0 76.0 was
7804.0 18123.0 332.0 108.0 slven
8196.0 18152.0 232.0 76.0 was
8476.0 18127.0 240.0 100.0 that
8760.0 18127.0 112.0 100.0 In
8944.0 18156.0 68.0 72.0 a
9116.0 18127.0 228.0 96.0 few
9452.0 18156.0 332.0 88.0 years

6964.0 18243.0 188.0 100.0 the
7252.0 18243.0 428.0 100.0 annual
7780.0 18239.0 516.0 104.0 soldiers'
8404.0 18243.0 480.0 100.0 reunion
8940.0 18239.0 124.0 104.0 of
9176.0 18243.0 596.0 108.0 Nebraska

6960.0 18336.0 408.0 124.0 should
7428.0 18356.0 132.0 104.0 be
7608.0 18356.0 256.0 100.0 held
7904.0 18367.0 112.0 92.0 at
8064.0 18360.0 392.0 100.0 Grand
8524.0 18356.0 432.0 104.0 Island.

7440.0 18600.0 480.0 96.0 Carter
7992.0 18600.0 300.0 100.0 Wilt
8396.0 18604.0 308.0 96.0 nun
8804.0 18604.0 476.0 112.0 Again.

7076.0 18736.0 576.0 104.0 CHICAGO
7660.0 18811.0 24.0 40.0 ,
7736.0 18732.0 388.0 108.0 March
8168.0 18740.0 104.0 100.0 S.
8424.0 18743.0 20.0 116.0 [
8472.0 18740.0 440.0 128.0 Special
8956.0 18740.0 596.0 128.0 Telegram
9652.0 18747.0 120.0 100.0 to

6968.0 18879.0 188.0 100.0 the
7200.0 18879.0 260.0 104.0 BEE
7484.0 18875.0 24.0 124.0 |
7652.0 18875.0 624.0 108.0 Strenuons
8316.0 18887.0 392.0 100.0 efforts
8760.0 18887.0 280.0 100.0 have
9088.0 18899.0 276.0 88.0 been
9464.0 18887.0 328.0 104.0 made

6968.0 19027.0 112.0 96.0 to
7116.0 19023.0 332.0 104.0 effect
7492.0 19048.0 64.0 76.0 a
7600.0 19019.0 536.0 108.0 coalition
8192.0 19023.0 504.0 108.0 between
8812.0 19027.0 188.0 104.0 the
9076.0 19027.0 684.0 104.0 democratic

6968.0 19160.0 228.0 108.0 and
7244.0 19164.0 304.0 104.0 labor
7596.0 19168.0 316.0 120.0 party
7960.0 19168.0 176.0 100.0 for
8176.0 19168.0 888.0 124.0 themayoralty
8388.0 19164.0 28.0 124.0 !
9124.0 19172.0 600.0 120.0 campaign
9740.0 19244.0 24.0 48.0 ,

6968.0 19308.0 200.0 100.0 but
7232.0 19304.0 264.0 124.0 they
7528.0 19308.0 280.0 100.0 have
7860.0 19304.0 376.0 108.0 tailed.
8332.0 19308.0 372.0 108.0 There
8752.0 19335.0 288.0 76.0 were
9084.0 19312.0 624.0 104.0 Indication
9724.0 19339.0 24.0 72.0 ;

6972.0 19447.0 396.0 128.0 to-day
7372.0 19519.0 28.0 48.0 ,
7504.0 19447.0 520.0 100.0 however
8020.0 19523.0 28.0 44.0 ,
8104.0 19459.0 244.0 92.0 that
8452.0 19447.0 404.0 124.0 Mayor
8944.0 19447.0 548.0 108.0 Harrison
9552.0 19451.0 228.0 104.0 will

6972.0 19591.0 332.0 100.0 make
7344.0 19591.0 480.0 100.0 another
7904.0 19612.0 216.0 80.0 run
8192.0 19591.0 228.0 100.0 and
8508.0 19591.0 244.0 104.0 thai
8796.0 19616.0 68.0 76.0 a
8912.0 19595.0 444.0 120.0 portion
9408.0 19595.0 124.0 100.0 of
9600.0 19595.0 188.0 104.0 the

6972.0 19732.0 312.0 104.0 labor
7328.0 19732.0 344.0 104.0 ticket
7728.0 19728.0 228.0 108.0 will
8004.0 19732.0 136.0 104.0 be
8184.0 19732.0 604.0 104.0 endorsed.
8996.0 19732.0 552.0 108.0 Harrison
9648.0 19740.0 116.0 100.0 ef-

6976.0 19876.0 368.0 108.0 fected
7388.0 19899.0 64.0 76.0 a
7500.0 19880.0 748.0 120.0 compromise
8296.0 19880.0 376.0 120.0 to-day
8720.0 19876.0 276.0 104.0 with
9048.0 19880.0 184.0 104.0 the
9284.0 19880.0 516.0 128.0 Iroquols

6968.0 20019.0 256.0 104.0 club
7232.0 20095.0 24.0 40.0 ,
7304.0 20015.0 484.0 120.0 through
7836.0 20019.0 428.0 100.0 several
8312.0 20019.0 124.0 100.0 of
8488.0 20019.0 140.0 104.0 Its
8668.0 20019.0 460.0 120.0 leadins
9180.0 20027.0 548.0 100.0 members
9736.0 20103.0 28.0 44.0 ,

6972.0 20172.0 232.0 92.0 and
7308.0 20159.0 224.0 104.0 tills
7640.0 20159.0 96.0 104.0 Is
7832.0 20163.0 344.0 100.0 taken
8228.0 20188.0 124.0 76.0 as
8456.0 20188.0 148.0 76.0 an
8660.0 20159.0 624.0 112.0 Indication
9344.0 20172.0 244.0 100.0 that
9640.0 20176.0 140.0 96.0 he

6976.0 20304.0 228.0 104.0 will
7316.0 20304.0 328.0 104.0 make
7748.0 20304.0 480.0 104.0 another
8328.0 20308.0 480.0 112.0 attempt
8892.0 20312.0 112.0 96.0 to
9104.0 20308.0 132.0 104.0 bo
9356.0 20312.0 428.0 104.0 elected

6980.0 20471.0 412.0 96.0 mayor.
7528.0 20448.0 316.0 100.0 "Tho
7920.0 20471.0 720.0 100.0 newspapers
8732.0 20475.0 304.0 80.0 seem
9148.0 20455.0 116.0 100.0 to
9316.0 20451.0 332.0 104.0 think
9656.0 20527.0 28.0 48.0 ,
9696.0 20451.0 28.0 56.0 '
9764.0 20451.0 24.0 56.0 '

6976.0 20587.0 244.0 104.0 said
7264.0 20616.0 64.0 76.0 a
7384.0 20587.0 244.0 104.0 well
7700.0 20587.0 424.0 104.0 known
8164.0 20591.0 228.0 120.0 city
8436.0 20591.0 576.0 124.0 employer
9048.0 20591.0 340.0 120.0 today
9392.0 20667.0 28.0 36.0 ,
9484.0 20599.0 332.0 96.0 "that

6988.0 20711.0 268.0 96.0 'Our
7292.0 20704.0 420.0 108.0 Cartel'
7784.0 20711.0 200.0 96.0 has
8032.0 20707.0 332.0 116.0 given
8420.0 20731.0 148.0 92.0 up
8612.0 20707.0 184.0 104.0 the
8844.0 20711.0 360.0 116.0 ghost
9340.0 20711.0 304.0 100.0 Such
9704.0 20715.0 104.0 96.0 is

6984.0 20828.0 180.0 100.0 far
7264.0 20828.0 288.0 100.0 from
7660.0 20824.0 192.0 100.0 the
7900.0 20831.0 272.0 96.0 tact.
8328.0 20820.0 288.0 124.0 Why
8620.0 20899.0 28.0 40.0 ,
8700.0 20851.0 312.0 76.0 some
9100.0 20828.0 124.0 96.0 of
9272.0 20828.0 176.0 100.0 his
9496.0 20828.0 316.0 104.0 close

6988.0 20940.0 432.0 104.0 friends
7524.0 20963.0 188.0 80.0 are
7760.0 20940.0 624.0 112.0 beginning
8484.0 20948.0 112.0 92.0 to
8708.0 20940.0 220.0 100.0 feel
8972.0 20940.0 504.0 124.0 jubilant
9536.0 20967.0 272.0 76.0 over

6984.0 21060.0 176.0 100.0 his
7208.0 21068.0 564.0 112.0 prospects
7780.0 21132.0 24.0 36.0 ,
7860.0 21043.0 540.0 124.0 although
8448.0 21055.0 180.0 104.0 his
8704.0 21060.0 248.0 100.0 well
9008.0 21072.0 428.0 88.0 known
9544.0 21060.0 264.0 104.0 luck

6988.0 21179.0 96.0 96.0 Is
7128.0 21175.0 392.0 124.0 neaily
7564.0 21175.0 152.0 100.0 all
7760.0 21171.0 268.0 124.0 they
8072.0 21175.0 284.0 100.0 have
8404.0 21183.0 116.0 92.0 to
8564.0 21175.0 264.0 100.0 base
8876.0 21175.0 288.0 100.0 their
9216.0 21192.0 348.0 100.0 hopes
9616.0 21204.0 196.0 80.0 on.

6988.0 21291.0 108.0 104.0 It
7140.0 21316.0 256.0 100.0 may
7504.0 21316.0 296.0 80.0 seem
7852.0 21291.0 640.0 116.0 surprising
8496.0 21367.0 24.0 40.0 ,
8580.0 21291.0 192.0 100.0 hut
8852.0 21287.0 84.0 104.0 it
9048.0 21291.0 96.0 100.0 Is
9192.0 21303.0 248.0 92.0 true
9552.0 21295.0 244.0 100.0 that

6984.0 21431.0 364.0 84.0 scores
7448.0 21411.0 124.0 100.0 of
7616.0 21407.0 708.0 124.0 republicans
8432.0 21423.0 288.0 88.0 have
8768.0 21407.0 276.0 104.0 been
9124.0 21419.0 116.0 92.0 to
9328.0 21435.0 184.0 76.0 see
9568.0 21411.0 236.0 104.0 him

6988.0 21547.0 140.0 80.0 on
7180.0 21527.0 188.0 104.0 the
7472.0 21524.0 436.0 124.0 subject
8012.0 21527.0 124.0 96.0 of
8172.0 21551.0 68.0 76.0 a
8292.0 21527.0 784.0 104.0 non-partisan
9176.0 21527.0 352.0 104.0 ticket
9580.0 21527.0 232.0 104.0 and

6992.0 21667.0 344.0 100.0 many
7380.0 21640.0 340.0 104.0 think
7808.0 21644.0 96.0 100.0 if
7948.0 21640.0 140.0 108.0 he
8136.0 21644.0 272.0 100.0 does
8456.0 21667.0 208.0 76.0 run
8720.0 21644.0 136.0 100.0 he
8908.0 21640.0 232.0 104.0 will
9188.0 21655.0 188.0 112.0 get
9416.0 21648.0 120.0 92.0 W
9628.0 21671.0 192.0 96.0 per-

6988.0 21768.0 292.0 92.0 cent
7384.0 21764.0 124.0 92.0 of
7616.0 21764.0 188.0 96.0 the
7892.0 21755.0 628.0 108.0 democrats
8628.0 21764.0 252.0 100.0 who
8928.0 21760.0 408.0 112.0 belong
9444.0 21772.0 116.0 92.0 to
9632.0 21764.0 192.0 100.0 the

6992.0 21871.0 312.0 104.0 labor
7344.0 21879.0 324.0 116.0 party
7716.0 21871.0 228.0 104.0 and
7992.0 21875.0 224.0 104.0 will
8268.0 21875.0 604.0 104.0 otherwise
8912.0 21884.0 252.0 96.0 vote
9212.0 21875.0 296.0 104.0 their
9552.0 21904.0 260.0 76.0 own

6992.0 21987.0 348.0 104.0 ticket
7404.0 21999.0 292.0 88.0 trom
7804.0 21999.0 192.0 104.0 top
8100.0 21999.0 116.0 92.0 to
8268.0 21995.0 452.0 100.0 bottom.
8740.0 21991.0 64.0 52.0 "
8936.0 21991.0 248.0 104.0 The
9280.0 21999.0 344.0 116.0 hopes
9684.0 22003.0 124.0 92.0 of

6992.0 22107.0 396.0 116.0 Mayor
7436.0 22103.0 544.0 104.0 Harrison
7996.0 22179.0 28.0 32.0 ,
8080.0 22103.0 84.0 104.0 it
8216.0 22107.0 92.0 100.0 is
8400.0 22107.0 516.0 104.0 declared
8924.0 22183.0 24.0 40.0 ,
9008.0 22135.0 192.0 76.0 are
9248.0 22111.0 336.0 104.0 based
9640.0 22135.0 152.0 76.0 on

6992.0 22223.0 188.0 100.0 the
7232.0 22223.0 224.0 100.0 fact
7504.0 22227.0 244.0 96.0 that
7792.0 22220.0 476.0 104.0 Nellson
8280.0 22295.0 28.0 44.0 ,
8364.0 22227.0 188.0 100.0 the
8600.0 22223.0 308.0 104.0 labor
8948.0 22227.0 608.0 104.0 candidate
9628.0 22235.0 184.0 96.0 for

6996.0 22363.0 388.0 92.0 mayor
7384.0 22408.0 28.0 40.0 ,
7528.0 22336.0 96.0 100.0 is
7732.0 22336.0 584.0 104.0 unknown
8332.0 22412.0 28.0 36.0 ,
8452.0 22340.0 220.0 100.0 and
8752.0 22340.0 240.0 104.0 that
9044.0 22344.0 272.0 100.0 with
9388.0 22348.0 188.0 100.0 the
9644.0 22371.0 168.0 76.0 os-

6992.0 22451.0 492.0 104.0 slstancfl
7532.0 22456.0 124.0 96.0 of
7700.0 22451.0 152.0 100.0 all
7916.0 22460.0 188.0 96.0 the
8208.0 22468.0 228.0 96.0 city
8524.0 22456.0 224.0 100.0 and
8804.0 22456.0 428.0 100.0 federal
9288.0 22464.0 520.0 100.0 macftln-

6992.0 22596.0 196.0 96.0 ery
7192.0 22643.0 24.0 44.0 ,
7276.0 22579.0 140.0 96.0 tie
7456.0 22571.0 368.0 120.0 might
7872.0 22567.0 132.0 104.0 be
8048.0 22567.0 248.0 104.0 able
8340.0 22588.0 116.0 84.0 to
8500.0 22579.0 336.0 116.0 again
8932.0 22575.0 132.0 100.0 be
9108.0 22575.0 464.0 108.0 elected.

6996.0 22811.0 272.0 96.0 The
7340.0 22811.0 416.0 96.0 Court
7864.0 22811.0 404.0 96.0 Make
8276.0 22840.0 60.0 68.0 *
8448.0 22840.0 76.0 68.0 a
8648.0 22811.0 176.0 104.0 Fe
8848.0 22840.0 100.0 76.0 *
9072.0 22815.0 728.0 104.0 Remarks.

7104.0 22947.0 576.0 108.0 CIIICAOO
7684.0 23023.0 28.0 44.0 ,
7772.0 22947.0 380.0 104.0 March
8216.0 22947.0 88.0 108.0 S.
8456.0 22947.0 36.0 128.0 [
8500.0 22947.0 444.0 116.0 Special
9032.0 22951.0 596.0 124.0 Telegram
9688.0 22964.0 124.0 96.0 to

6996.0 23092.0 188.0 104.0 the
7220.0 23087.0 296.0 112.0 BEE.
7532.0 23087.0 36.0 128.0 ]
7716.0 23092.0 260.0 104.0 Mrs.
8024.0 23092.0 296.0 104.0 Shea
8320.0 23168.0 28.0 44.0 ,
8396.0 23092.0 252.0 104.0 who
8676.0 23104.0 260.0 96.0 shot
8972.0 23096.0 228.0 104.0 and
9240.0 23100.0 568.0 108.0 wounded

6996.0 23263.0 64.0 76.0 a
7092.0 23259.0 380.0 96.0 grocer
7520.0 23236.0 408.0 104.0 nsmjil
7976.0 23236.0 544.0 104.0 Mitthew
8568.0 23236.0 432.0 128.0 Clynch
9008.0 23315.0 28.0 44.0 ,
9116.0 23239.0 368.0 108.0 whoii
9580.0 23243.0 200.0 104.0 she

6992.0 23375.0 476.0 104.0 claimed
7508.0 23399.0 232.0 80.0 was
7784.0 23375.0 388.0 120.0 trying
8216.0 23383.0 112.0 96.0 to
8372.0 23379.0 328.0 104.0 effect
8748.0 23403.0 144.0 80.0 an
8940.0 23383.0 544.0 108.0 entrance
9540.0 23383.0 244.0 108.0 into

6996.0 23523.0 200.0 100.0 her
7228.0 23515.0 216.0 108.0 hou
7516.0 23544.0 60.0 76.0 e
7584.0 23596.0 24.0 44.0 ,
7660.0 23519.0 216.0 100.0 had
7920.0 23544.0 60.0 80.0 a
8028.0 23519.0 736.0 132.0 preliminary
8852.0 23523.0 472.0 128.0 hearing
9372.0 23531.0 432.0 124.0 to-day.

6996.0 23660.0 244.0 104.0 The
7320.0 23660.0 540.0 104.0 evldanco
7976.0 23687.0 228.0 76.0 was
8312.0 23664.0 376.0 112.0 rather
8764.0 23668.0 616.0 128.0 da-naming
9440.0 23679.0 116.0 96.0 to
9604.0 23676.0 192.0 104.0 the

7004.0 23827.0 440.0 80.0 woman
7520.0 23807.0 232.0 100.0 and
7848.0 23804.0 568.0 108.0 Indicated
8504.0 23811.0 240.0 104.0 that
8832.0 23811.0 200.0 104.0 she
9084.0 23815.0 212.0 104.0 ha-1
9352.0 23815.0 436.0 108.0 invited

7000.0 23947.0 464.0 124.0 Clynch.
7592.0 23943.0 288.0 108.0 This
7928.0 23947.0 216.0 104.0 ha'l
8200.0 23975.0 144.0 76.0 no
8396.0 23951.0 412.0 124.0 weljht
8812.0 24027.0 36.0 44.0 ,
8900.0 23955.0 528.0 116.0 however
9432.0 24027.0 28.0 44.0 ,
9516.0 23959.0 276.0 104.0 with

7000.0 24087.0 380.0 120.0 Judge
7496.0 24083.0 372.0 108.0 White
7868.0 24168.0 32.0 36.0 ,
8012.0 24087.0 384.0 108.0 before
8492.0 24095.0 372.0 104.0 whom
8952.0 24095.0 188.0 108.0 the
9224.0 24127.0 256.0 76.0 case
9576.0 24127.0 236.0 80.0 was

7016.0 24236.0 296.0 104.0 read.
7520.0 24232.0 180.0 104.0 He
7784.0 24232.0 248.0 104.0 said
8060.0 24259.0 28.0 80.0 :
8236.0 24236.0 192.0 104.0 "If
8476.0 24236.0 84.0 104.0 It
8632.0 24236.0 96.0 104.0 Is
8792.0 24244.0 244.0 100.0 true
9080.0 24240.0 240.0 104.0 that
9400.0 24244.0 436.0 124.0 Clynch

7020.0 24375.0 220.0 108.0 had
7288.0 24403.0 144.0 80.0 an
7484.0 24375.0 800.0 128.0 appointment
8336.0 24379.0 268.0 104.0 with
8652.0 24375.0 280.0 112.0 Mrs.
8988.0 24379.0 292.0 108.0 Shea
9288.0 24459.0 32.0 24.0 ,
9372.0 24383.0 268.0 108.0 then
9704.0 24387.0 140.0 104.0 ho

7016.0 24496.0 96.0 100.0 Is
7160.0 24519.0 60.0 76.0 a
7268.0 24496.0 760.0 124.0 disreputable
8128.0 24523.0 256.0 76.0 man
8480.0 24496.0 228.0 104.0 and
8808.0 24496.0 52.0 104.0 I
8964.0 24488.0 372.0 116.0 would
9412.0 24519.0 196.0 92.0 not
9652.0 24503.0 136.0 104.0 be-

7024.0 24612.0 284.0 104.0 lieve
7416.0 24612.0 236.0 104.0 him
7736.0 24612.0 368.0 104.0 under
8180.0 24616.0 260.0 100.0 oath
8540.0 24616.0 92.0 100.0 if
8680.0 24616.0 140.0 100.0 ho
8868.0 24639.0 236.0 80.0 was
9144.0 24620.0 300.0 108.0 here.
9648.0 24620.0 180.0 104.0 He

7024.0 24731.0 284.0 100.0 tried
7396.0 24735.0 116.0 92.0 to
7600.0 24727.0 344.0 104.0 break
8032.0 24755.0 152.0 96.0 up
8268.0 24731.0 480.0 104.0 another
8796.0 24731.0 364.0 104.0 man's
9208.0 24735.0 432.0 124.0 family.
9784.0 24740.0 48.0 104.0 I

7036.0 24843.0 320.0 104.0 don't
7408.0 24843.0 428.0 104.0 believe
7884.0 24847.0 136.0 96.0 he
8064.0 24872.0 264.0 76.0 ever
8372.0 24847.0 320.0 104.0 made
8740.0 24851.0 272.0 104.0 such
9064.0 24876.0 148.0 80.0 an
9300.0 24855.0 472.0 120.0 appoint-

7040.0 24971.0 308.0 96.0 ment
7356.0 25031.0 28.0 32.0 ,
7524.0 24963.0 112.0 96.0 if
7684.0 24963.0 136.0 96.0 he
7868.0 24959.0 196.0 104.0 did
8116.0 24963.0 312.0 100.0 there
8480.0 24963.0 92.0 104.0 Is
8628.0 24963.0 288.0 104.0 little
8964.0 24971.0 116.0 96.0 to
9128.0 24967.0 132.0 104.0 be
9296.0 24971.0 548.0 120.0 regretted

7036.0 25079.0 88.0 100.0 if
7176.0 25079.0 136.0 104.0 he
7360.0 25079.0 100.0 100.0 is
7524.0 25075.0 388.0 104.0 killed.
8108.0 25075.0 200.0 104.0 It's
8352.0 25103.0 148.0 76.0 no
8544.0 25079.0 228.0 104.0 loss
8820.0 25095.0 112.0 92.0 at
8984.0 25083.0 148.0 104.0 all
9188.0 25087.0 88.0 100.0 if
9324.0 25087.0 140.0 100.0 ho
9544.0 25087.0 284.0 108.0 dies.

7028.0 25196.0 572.0 100.0 Continue
7644.0 25196.0 228.0 100.0 this
7924.0 25203.0 408.0 92.0 matter
8376.0 25199.0 172.0 96.0 for
8592.0 25207.0 188.0 96.0 ten
8832.0 25207.0 280.0 96.0 davs
9116.0 25275.0 28.0 40.0 ,
9236.0 25203.0 332.0 100.0 when
9664.0 25231.0 168.0 76.0 we

7028.0 25335.0 208.0 76.0 can
7296.0 25312.0 364.0 104.0 either
7708.0 25307.0 232.0 104.0 find
7988.0 25320.0 196.0 96.0 out
8232.0 25312.0 504.0 108.0 whether
8784.0 25316.0 136.0 100.0 he
8968.0 25316.0 244.0 108.0 dies
9256.0 25343.0 124.0 76.0 or
9424.0 25324.0 232.0 100.0 not
9732.0 25324.0 116.0 104.0 If

7024.0 25431.0 140.0 100.0 he
7208.0 25427.0 252.0 104.0 dies
7532.0 25423.0 184.0 108.0 Pll
7764.0 25423.0 304.0 108.0 nolle
8116.0 25455.0 256.0 100.0 pros
8424.0 25431.0 224.0 104.0 this
8696.0 25459.0 288.0 80.0 case.
8996.0 25436.0 68.0 56.0 "

7628.0 25675.0 312.0 104.0 Sirs.
8020.0 25679.0 484.0 96.0 Beck's
8596.0 25675.0 648.0 112.0 Funeral.

7132.0 25816.0 880.0 112.0 WASHIXGTOX
8020.0 25892.0 28.0 48.0 ,
8104.0 25816.0 376.0 108.0 March
8532.0 25820.0 88.0 104.0 S.
8748.0 25816.0 248.0 112.0 The
9084.0 25820.0 748.0 132.0 preliminary

7020.0 25963.0 440.0 108.0 funeral
7508.0 25959.0 432.0 104.0 service
7984.0 25987.0 272.0 76.0 over
8300.0 25959.0 188.0 108.0 the
8536.0 25963.0 496.0 108.0 remains
9124.0 25967.0 124.0 100.0 of
9336.0 25963.0 188.0 108.0 the
9616.0 25963.0 228.0 108.0 late

7020.0 26107.0 260.0 104.0 Mrs.
7336.0 26103.0 304.0 104.0 Beck
7684.0 26127.0 228.0 80.0 was
7960.0 26103.0 264.0 104.0 held
8272.0 26103.0 224.0 104.0 this
8548.0 26107.0 608.0 104.0 afternoon
9212.0 26123.0 116.0 88.0 at
9376.0 26107.0 192.0 108.0 the
9616.0 26136.0 224.0 76.0 res-

7020.0 26247.0 552.0 112.0 idenceof
7612.0 26243.0 484.0 108.0 Senator
8148.0 26247.0 328.0 108.0 Beck.
8660.0 26243.0 268.0 116.0 Uev.
9028.0 26251.0 256.0 104.0 Dr.s.
9388.0 26251.0 396.0 108.0 Power
9796.0 26328.0 32.0 52.0 ,

7032.0 26392.0 384.0 108.0 Butler
7448.0 26392.0 228.0 108.0 and
7732.0 26392.0 468.0 104.0 Bullock
8240.0 26396.0 632.0 108.0 conducted
8920.0 26392.0 300.0 108.0 brief
9292.0 26392.0 532.0 112.0 services.

7024.0 26535.0 480.0 104.0 Senator
7548.0 26531.0 300.0 104.0 Beck
7860.0 26607.0 24.0 44.0 ,
7944.0 26535.0 368.0 124.0 Major
8356.0 26535.0 228.0 104.0 and
8632.0 26531.0 264.0 112.0 Mrs.
8956.0 26535.0 496.0 108.0 Goodloa
9500.0 26539.0 232.0 104.0 aud
9768.0 26563.0 68.0 80.0 a

7028.0 26655.0 224.0 104.0 few
7300.0 26671.0 264.0 100.0 very
7616.0 26652.0 520.0 104.0 Intimate
8184.0 26652.0 440.0 104.0 friends
8676.0 26683.0 288.0 76.0 were
9012.0 26655.0 188.0 100.0 the
9248.0 26655.0 276.0 124.0 only
9560.0 26679.0 280.0 80.0 ones

7032.0 26772.0 248.0 100.0 who
7324.0 26768.0 796.0 124.0 accompanied
8212.0 26776.0 188.0 100.0 the
8484.0 26768.0 296.0 128.0 body
8872.0 26780.0 288.0 96.0 from
9268.0 26776.0 196.0 100.0 the
9564.0 26772.0 268.0 124.0 city.

7028.0 26887.0 244.0 104.0 The
7316.0 26887.0 500.0 104.0 remains
7860.0 26911.0 284.0 76.0 were
8184.0 26887.0 344.0 104.0 taken
8584.0 26904.0 116.0 92.0 to
8768.0 26883.0 648.0 128.0 Lexington
9432.0 26964.0 28.0 40.0 ,
9576.0 26887.0 212.0 128.0 Ky.
9804.0 26964.0 24.0 52.0 ,

7040.0 27007.0 176.0 100.0 for
7284.0 26999.0 660.0 108.0 Interment.

8476.0 27247.0 584.0 100.0 Failure.

7152.0 27383.0 812.0 116.0 LOI'ISVIU.E.
8012.0 27383.0 212.0 124.0 Ky.
8236.0 27459.0 28.0 48.0 ,
8316.0 27383.0 388.0 116.0 March
8752.0 27387.0 84.0 104.0 a
8976.0 27379.0 292.0 112.0 Wall
9312.0 27383.0 368.0 116.0 Smith
9732.0 27387.0 104.0 104.0 &

7040.0 27527.0 200.0 108.0 Co.
7260.0 27596.0 32.0 52.0 ,
7348.0 27527.0 624.0 124.0 proprietor
8008.0 27532.0 128.0 100.0 of
8220.0 27527.0 188.0 104.0 the
8456.0 27527.0 432.0 108.0 Gilbert
8936.0 27527.0 456.0 108.0 tobacco
9484.0 27559.0 296.0 76.0 ware-

7040.0 27671.0 344.0 100.0 house
7388.0 27743.0 32.0 36.0 ,
7464.0 27671.0 320.0 100.0 made
7832.0 27695.0 64.0 76.0 a
7940.0 27667.0 460.0 120.0 general
8440.0 27667.0 712.0 108.0 assignment
9200.0 27671.0 224.0 120.0 this
9476.0 27699.0 372.0 84.0 morn-

7040.0 27788.0 116.0 100.0 In
7176.0 27815.0 68.0 72.0 ?
7244.0 27859.0 28.0 28.0 .
7412.0 27788.0 620.0 108.0 Hablllt'ej
7876.0 27788.0 24.0 68.0 '
8108.0 27784.0 600.0 112.0 estimated
8784.0 27799.0 104.0 96.0 V
9032.0 27795.0 364.0 120.0 75,000.
9448.0 27799.0 392.0 108.0 assets.

7044.0 27907.0 512.0 124.0 5110,000.

9920.0 2556.0 452.0 240.0 GOES
10552.0 2560.0 216.0 232.0 TO
10940.0 2544.0 496.0 240.0 MEET
11552.0 2556.0 300.0 236.0 HIS
12028.0 2552.0 644.0 236.0 MAKER
12692.0 2728.0 28.0 60.0 ,
12808.0 2484.0 24.0 180.0 I

9912.0 3092.0 244.0 132.0 The
10260.0 3096.0 344.0 128.0 Great
10700.0 3084.0 620.0 168.0 Plymouth
11420.0 3092.0 552.0 132.0 Preacher
12068.0 3084.0 664.0 168.0 Peacefully

10384.0 3276.0 224.0 132.0 and
10680.0 3268.0 636.0 168.0 Painlessly
11368.0 3276.0 400.0 136.0 Passes
11848.0 3288.0 364.0 156.0 Away
12220.0 3364.0 28.0 44.0 ,

9928.0 3664.0 1280.0 124.0 PREPARATIONS
11496.0 3676.0 316.0 108.0 FOR
12076.0 3668.0 656.0 116.0 BURIAL.

9972.0 4052.0 636.0 104.0 Emblems
10716.0 4052.0 156.0 100.0 of
10980.0 4048.0 736.0 124.0 Mourning
11828.0 4048.0 904.0 120.0 AVItlcsprencl

10072.0 4224.0 884.0 116.0 llirottghout
11044.0 4220.0 680.0 120.0 llrooklyn
11836.0 4224.0 272.0 96.0 and
12220.0 4224.0 360.0 116.0 Deep

10220.0 4396.0 512.0 116.0 Regret
10776.0 4392.0 732.0 116.0 Kxprcsscil
11564.0 4420.0 164.0 68.0 on
11780.0 4392.0 208.0 100.0 Alt
12031.0 4388.0 384.0 104.0 Sides

10544.0 4556.0 636.0 108.0 -Sketch
11248.0 4560.0 156.0 96.0 of
11456.0 4560.0 240.0 100.0 His
11776.0 4564.0 320.0 100.0 Lite.

10764.0 4920.0 436.0 104.0 Death
11252.0 4924.0 96.0 104.0 1C
11372.0 4928.0 244.0 96.0 nils
11676.0 4928.0 244.0 100.0 All.

10044.0 5064.0 316.0 108.0 Nr.w
10408.0 5068.0 360.0 104.0 YOHK
10780.0 5140.0 28.0 40.0 ,
10904.0 5064.0 384.0 104.0 March
11368.0 5068.0 84.0 100.0 S.
11596.0 5064.0 264.0 108.0 Hov.
11927.0 5064.0 392.0 124.0 Henry
12396.0 5064.0 344.0 108.0 Ward

9932.0 5208.0 492.0 108.0 Beecher
10468.0 5212.0 352.0 128.0 began
10880.0 5224.0 112.0 88.0 to
11040.0 5199.0 264.0 108.0 sink
11352.0 5204.0 400.0 132.0 slowly
11792.0 5212.0 300.0 104.0 after
12132.0 5204.0 568.0 112.0 midnight
12712.0 5280.0 24.0 52.0 ,

9932.0 5352.0 224.0 104.0 and
10248.0 5364.0 188.0 96.0 the
10528.0 5348.0 544.0 108.0 watchers
11156.0 5356.0 116.0 96.0 at
11360.0 5348.0 176.0 104.0 his
11628.0 5352.0 208.0 104.0 bcd
11908.0 5348.0 176.0 108.0 Ido
12176.0 5376.0 276.0 80.0 soon
12508.0 5376.0 240.0 80.0 saw-

9932.0 5496.0 244.0 104.0 that
10260.0 5496.0 192.0 108.0 the
10536.0 5496.0 224.0 108.0 end
10852.0 5520.0 236.0 76.0 was
11192.0 5508.0 300.0 92.0 near.
11631.0 5492.0 172.0 108.0 He
11912.0 5492.0 400.0 128.0 passed
12420.0 5520.0 320.0 96.0 away

9936.0 5640.0 428.0 128.0 quietly
10448.0 5636.0 336.0 108.0 while
10868.0 5632.0 404.0 128.0 asleep.
11408.0 5636.0 496.0 108.0 Beecher
11972.0 5664.0 344.0 80.0 never
12368.0 5660.0 336.0 84.0 recov-

9932.0 5784.0 260.0 104.0 ered
10236.0 5780.0 864.0 108.0 conselousness
11164.0 5776.0 296.0 108.0 after
11508.0 5784.0 188.0 104.0 the
11748.0 5780.0 556.0 124.0 paralysis
12352.0 5784.0 396.0 124.0 stupe-

9956.0 5924.0 196.0 108.0 lied
10204.0 5924.0 172.0 104.0 his
10432.0 5924.0 348.0 104.0 mind.

10052.0 6068.0 228.0 104.0 Mr.
10332.0 6068.0 536.0 108.0 seccomb
10948.0 6087.0 312.0 80.0 came
11344.0 6072.0 116.0 96.0 at
11552.0 6072.0 292.0 100.0 10:20
11683.0 6096.0 28.0 76.0 :
11932.0 6064.0 224.0 108.0 this
12204.0 6064.0 540.0 116.0 morning

9940.0 6211.0 224.0 104.0 and
10212.0 6208.0 244.0 108.0 said
10500.0 6211.0 244.0 104.0 that
10792.0 6236.0 148.0 80.0 no
11004.0 6220.0 856.0 96.0 arrangements
11912.0 6208.0 220.0 108.0 had
12204.0 6220.0 184.0 112.0 yet
12444.0 6208.0 284.0 108.0 been

9936.0 6356.0 332.0 104.0 made
10312.0 6356.0 172.0 100.0 for
10532.0 6356.0 184.0 104.0 the
10804.0 6348.0 444.0 108.0 funeral
11312.0 6348.0 440.0 108.0 further
11800.0 6364.0 268.0 92.0 than
12128.0 6348.0 608.0 128.0 providing

9964.0 6516.0 12.0 80.0 ;
9992.0 6488.0 188.0 112.0 hat
10216.0 6496.0 264.0 124.0 they
10524.0 6496.0 404.0 108.0 should
10976.0 6496.0 128.0 100.0 be
11148.0 6492.0 424.0 108.0 carried
11624.0 6508.0 196.0 92.0 out
11864.0 6496.0 140.0 124.0 by
12064.0 6492.0 452.0 128.0 Hopper
12596.0 6496.0 132.0 104.0 of

9964.0 6632.0 592.0 128.0 Brooklyn.
10692.0 6636.0 180.0 108.0 Dr.
10968.0 6632.0 376.0 112.0 Searle
11352.0 6712.0 24.0 44.0 ,
11428.0 6636.0 140.0 108.0 ho
11656.0 6636.0 240.0 108.0 said
11912.0 6712.0 24.0 40.0 ,
11992.0 6636.0 216.0 108.0 had
12264.0 6632.0 448.0 112.0 noticed

10104.0 6788.0 436.0 120.0 change
10648.0 6780.0 120.0 108.0 In
10912.0 6783.0 192.0 96.0 the
11236.0 6776.0 536.0 108.0 patient's
11916.0 6776.0 588.0 112.0 condition
12639.0 6783.0 112.0 100.0 at

9936.0 6924.0 248.0 104.0 3:50
10024.0 6948.0 24.0 80.0 :
10356.0 6956.0 96.0 72.0 a.
10648.0 6952.0 152.0 76.0 in.
11000.0 6932.0 228.0 92.0 and
11412.0 6924.0 672.0 104.0 summoned
12272.0 6924.0 148.0 104.0 all
12616.0 6924.0 116.0 104.0 In

9944.0 7072.0 192.0 96.0 the
10256.0 7064.0 348.0 108.0 house
10744.0 7072.0 112.0 96.0 to
10976.0 7072.0 188.0 96.0 the
11320.0 7060.0 464.0 112.0 bedside
11792.0 7144.0 28.0 48.0 ,
11948.0 7068.0 804.0 120.0 momentarily

9944.0 7212.0 604.0 124.0 expecting
10592.0 7212.0 176.0 100.0 his
10844.0 7208.0 328.0 104.0 death
11188.0 7280.0 24.0 36.0 ,
11308.0 7208.0 200.0 104.0 but
11592.0 7212.0 140.0 100.0 ho
11824.0 7208.0 500.0 128.0 lingered
12420.0 7212.0 332.0 108.0 much

9960.0 7351.0 380.0 124.0 longer
10376.0 7355.0 276.0 100.0 than
10704.0 7351.0 220.0 104.0 had
10972.0 7355.0 272.0 100.0 been
11296.0 7351.0 744.0 112.0 anticipated.
12135.0 7351.0 168.0 104.0 He
12352.0 7351.0 404.0 128.0 passed

9944.0 7520.0 324.0 88.0 away
10328.0 7496.0 588.0 124.0 Gradually
11000.0 7504.0 228.0 92.0 and
11312.0 7492.0 404.0 108.0 almost
11848.0 7496.0 852.0 128.0 imperceptibly
12708.0 7572.0 28.0 44.0 ,

9980.0 7636.0 480.0 120.0 Irawlng
10544.0 7640.0 176.0 104.0 his
10824.0 7640.0 212.0 100.0 last
11120.0 7636.0 384.0 104.0 breath
11588.0 7640.0 484.0 104.0 without
12160.0 7648.0 552.0 116.0 apparent

9944.0 7780.0 556.0 128.0 suffering
10560.0 7808.0 124.0 76.0 or
10728.0 7788.0 376.0 96.0 return
11160.0 7788.0 112.0 92.0 to
11348.0 7780.0 868.0 108.0 consciousness
12304.0 7780.0 120.0 104.0 In
12516.0 7808.0 232.0 92.0 any

9944.0 7919.0 432.0 112.0 degree.
10548.0 7923.0 364.0 104.0 "Mrs.
11072.0 7919.0 488.0 112.0 Beecher
11564.0 8000.0 24.0 44.0 ,
11604.0 7923.0 68.0 56.0 "
11784.0 7923.0 248.0 104.0 said
12152.0 7923.0 560.0 108.0 Seccomb
12720.0 8000.0 28.0 48.0 ,

9956.0 8064.0 324.0 104.0 "bore
10324.0 8092.0 152.0 100.0 up
10540.0 8060.0 760.0 128.0 wonderfully
11380.0 8068.0 232.0 104.0 and
11700.0 8064.0 276.0 108.0 with
12124.0 8068.0 628.0 104.0 marvelous

9944.0 8232.0 528.0 100.0 courage.
10484.0 8208.0 68.0 56.0 "
10684.0 8208.0 176.0 104.0 No
10900.0 8232.0 328.0 88.0 crape
11272.0 8232.0 232.0 80.0 was
11552.0 8224.0 312.0 96.0 hung
11912.0 8236.0 144.0 76.0 on
12152.0 8208.0 188.0 104.0 the
12420.0 8208.0 276.0 108.0 door
12720.0 8284.0 28.0 48.0 ,

9948.0 8352.0 232.0 104.0 Mr.
10232.0 8348.0 492.0 108.0 Beecher
10768.0 8348.0 420.0 120.0 having
11231.0 8348.0 420.0 124.0 always
11740.0 8352.0 508.0 128.0 objected
12344.0 8360.0 116.0 96.0 to
12552.0 8352.0 200.0 104.0 the

9952.0 8512.0 196.0 84.0 use
10188.0 8495.0 120.0 100.0 of
10372.0 8495.0 224.0 100.0 this
10636.0 8495.0 228.0 104.0 and
10912.0 8491.0 184.0 104.0 the
11140.0 8491.0 368.0 124.0 gloom
11596.0 8495.0 628.0 104.0 associated
12316.0 8491.0 412.0 108.0 within

9952.0 8636.0 188.0 104.0 the
10180.0 8664.0 536.0 100.0 presence
10740.0 8640.0 124.0 100.0 of
10896.0 8636.0 372.0 104.0 death.
11344.0 8636.0 456.0 104.0 Instead
11812.0 8716.0 24.0 44.0 ,
11896.0 8668.0 64.0 72.0 a
12012.0 8640.0 736.0 120.0 magnificent

9960.0 8780.0 416.0 104.0 wreath
10464.0 8780.0 124.0 100.0 of
10656.0 8780.0 432.0 104.0 flowers
11132.0 8780.0 316.0 120.0 hung
11496.0 8788.0 288.0 96.0 from
11836.0 8780.0 188.0 104.0 the
12076.0 8780.0 204.0 104.0 lett
12332.0 8780.0 244.0 104.0 side
12628.0 8784.0 124.0 104.0 of

9952.0 8924.0 188.0 100.0 the
10228.0 8924.0 532.0 120.0 doorway
10760.0 8995.0 28.0 44.0 ,
10904.0 8920.0 592.0 124.0 composed
11584.0 8924.0 128.0 100.0 of
11800.0 8924.0 340.0 104.0 white
12224.0 8920.0 228.0 108.0 and
12544.0 8928.0 192.0 100.0 red

9952.0 9088.0 304.0 80.0 roses
10300.0 9063.0 224.0 104.0 and
10572.0 9063.0 336.0 104.0 llllles
10952.0 9063.0 120.0 104.0 of
11120.0 9063.0 188.0 104.0 the
11360.0 9063.0 364.0 124.0 valley
11728.0 9140.0 28.0 40.0 ,
11804.0 9063.0 224.0 108.0 tied
12083.0 9063.0 272.0 104.0 with
12420.0 9067.0 336.0 104.0 white

9952.0 9204.0 436.0 108.0 r'bbou.
10016.0 9204.0 24.0 68.0 '

10076.0 9328.0 160.0 96.0 At
10292.0 9328.0 284.0 96.0 10ro
10424.0 9352.0 24.0 72.0 :
10624.0 9323.0 84.0 104.0 It
10764.0 9348.0 228.0 80.0 was
11080.0 9328.0 328.0 104.0 given
11504.0 9323.0 196.0 104.0 out
11780.0 9328.0 236.0 100.0 that
12068.0 9328.0 188.0 100.0 the
12308.0 9328.0 444.0 104.0 funeral

9952.0 9439.0 376.0 108.0 would
10416.0 9443.0 260.0 100.0 take
10764.0 9443.0 312.0 108.0 place
11156.0 9443.0 112.0 96.0 In
11364.0 9439.0 736.0 116.0 Greenwood.
12152.0 9443.0 604.0 116.0 Thursday

9956.0 9567.0 300.0 96.0 next
10396.0 9567.0 332.0 92.0 bomo
10808.0 9564.0 272.0 96.0 time
11156.0 9580.0 212.0 96.0 ago
11376.0 9631.0 24.0 44.0 ,
11456.0 9556.0 140.0 104.0 U.
11668.0 9560.0 160.0 104.0 W.
11884.0 9560.0 292.0 104.0 Sage
12184.0 9635.0 24.0 44.0 ,
12268.0 9564.0 488.0 100.0 member

9952.0 9680.0 124.0 100.0 of
10144.0 9676.0 600.0 104.0 Plymouth
10832.0 9676.0 408.0 100.0 church
11248.0 9748.0 28.0 40.0 ,
11328.0 9676.0 792.0 120.0 appropriated
12200.0 9688.0 140.0 128.0 by
12396.0 9676.0 228.0 100.0 will
12692.0 9703.0 64.0 72.0 a

9956.0 9819.0 244.0 76.0 sum
10252.0 9796.0 124.0 96.0 of
10444.0 9816.0 404.0 92.0 money
10936.0 9800.0 116.0 88.0 to
11140.0 9792.0 316.0 104.0 place
11500.0 9819.0 64.0 72.0 a
11612.0 9800.0 368.0 100.0 statue
12064.0 9792.0 124.0 100.0 of
12260.0 9784.0 492.0 112.0 Beecher

9960.0 9887.0 112.0 120.0 In
10136.0 9908.0 528.0 112.0 Prospect
10712.0 9904.0 280.0 112.0 park
11076.0 9908.0 296.0 100.0 after
11452.0 9908.0 176.0 100.0 his
11672.0 9916.0 500.0 96.0 decease.
12312.0 9908.0 444.0 120.0 Qulncy

9964.0 10019.0 348.0 108.0 Wood
10324.0 10096.0 28.0 44.0 ,
10404.0 10028.0 188.0 100.0 the
10640.0 10024.0 712.0 100.0 well-known
11408.0 10024.0 492.0 124.0 sculptor
11904.0 10096.0 24.0 44.0 ,
11984.0 10028.0 256.0 96.0 who
12280.0 10024.0 88.0 104.0 Is
12440.0 10036.0 116.0 88.0 to
12612.0 10024.0 144.0 108.0 do

9956.0 10143.0 188.0 100.0 the
10192.0 10143.0 304.0 96.0 work
10508.0 10211.0 24.0 40.0 ,
10588.0 10139.0 232.0 100.0 will
10868.0 10139.0 212.0 100.0 call
11144.0 10143.0 116.0 104.0 at
11304.0 10139.0 192.0 104.0 the
11544.0 10139.0 352.0 104.0 house
11944.0 10164.0 116.0 76.0 in
12120.0 10147.0 188.0 96.0 the
12364.0 10164.0 392.0 84.0 course

9956.0 10263.0 112.0 96.0 ot
10144.0 10256.0 184.0 104.0 the
10376.0 10263.0 220.0 100.0 dav
10640.0 10256.0 176.0 100.0 for
10860.0 10256.0 184.0 100.0 the
11132.0 10280.0 480.0 100.0 purpose
11656.0 10263.0 116.0 92.0 of
11844.0 10260.0 432.0 100.0 maklni
12275.0 10284.0 40.0 76.0 ;
12368.0 10284.0 64.0 72.0 a
12472.0 10260.0 244.0 116.0 plas-

9960.0 10380.0 168.0 96.0 ter
10168.0 10384.0 236.0 92.0 cast
10444.0 10376.0 124.0 96.0 of
10632.0 10372.0 176.0 100.0 his
10860.0 10376.0 536.0 100.0 features.
11536.0 10372.0 108.0 100.0 It
11732.0 10372.0 92.0 100.0 Is
11916.0 10388.0 204.0 84.0 not
12187.0 10376.0 548.0 100.0 intended

9960.0 10492.0 248.0 100.0 that
10312.0 10515.0 232.0 76.0 anv
10648.0 10484.0 768.0 104.0 examination
11528.0 10492.0 128.0 100.0 of
11768.0 10488.0 588.0 108.0 Bcecher's
12428.0 10488.0 316.0 104.0 brain

9964.0 10608.0 568.0 104.0 organism
10584.0 10604.0 292.0 100.0 shall
10928.0 10608.0 128.0 96.0 be
11104.0 10600.0 368.0 108.0 made.

10076.0 10724.0 244.0 100.0 The
10368.0 10744.0 312.0 76.0 news
10724.0 10724.0 124.0 96.0 of
10920.0 10720.0 580.0 104.0 Beecher's
11544.0 10720.0 336.0 104.0 death
11932.0 10720.0 396.0 124.0 spread
12379.0 10720.0 316.0 124.0 rapid-

9968.0 10839.0 112.0 120.0 ly
10144.0 10843.0 112.0 96.0 to
10304.0 10839.0 144.0 100.0 all
10504.0 10843.0 304.0 116.0 parts
10848.0 10843.0 120.0 88.0 of
11036.0 10843.0 192.0 92.0 the
11264.0 10835.0 228.0 116.0 city
11536.0 10835.0 232.0 100.0 and
11836.0 10835.0 572.0 124.0 Brooklyn
12508.0 10864.0 256.0 96.0 may

9968.0 10976.0 260.0 80.0 now
10280.0 10963.0 124.0 88.0 be
10452.0 10952.0 240.0 100.0 said
10744.0 10956.0 116.0 92.0 to
10904.0 10952.0 132.0 96.0 be
11080.0 10980.0 64.0 72.0 a
11188.0 10948.0 224.0 124.0 city
11460.0 10956.0 124.0 96.0 of
11652.0 10956.0 636.0 100.0 mournlnz.
12424.0 10952.0 312.0 104.0 Even

9960.0 11068.0 320.0 104.0 those
10324.0 11072.0 252.0 96.0 who
10620.0 11068.0 424.0 124.0 dldjr.ot
11084.0 11064.0 864.0 120.0 alwaysconcur
11979.0 11068.0 788.0 104.0 with'Beecher

9968.0 11188.0 112.0 96.0 In
10140.0 11184.0 176.0 100.0 his
10368.0 11184.0 344.0 100.0 views
10764.0 11192.0 212.0 92.0 had
11028.0 11208.0 152.0 76.0 no
11224.0 11184.0 604.0 104.0 hesitation
11884.0 11188.0 112.0 100.0 In
12092.0 11188.0 664.0 116.0 expressing

9964.0 11304.0 288.0 100.0 their
10296.0 11296.0 284.0 120.0 deep
10624.0 11312.0 360.0 104.0 regiet
11032.0 11312.0 112.0 88.0 at
11192.0 11300.0 172.0 104.0 hU
11412.0 11300.0 368.0 104.0 death.
11956.0 11308.0 168.0 96.0 As
12172.0 11332.0 64.0 72.0 a
12284.0 11304.0 308.0 100.0 maik
12644.0 11308.0 124.0 92.0 of

9968.0 11424.0 428.0 132.0 respect
10444.0 11424.0 112.0 92.0 to
10600.0 11415.0 172.0 100.0 his
10864.0 11436.0 496.0 100.0 memory
11468.0 11415.0 272.0 100.0 flans
11848.0 11440.0 144.0 80.0 on
12160.0 11420.0 148.0 100.0 all
12396.0 11420.0 372.0 120.0 public

9972.0 11531.0 572.0 120.0 buildings
10584.0 11556.0 284.0 76.0 were
10912.0 11531.0 392.0 124.0 placed
11352.0 11539.0 112.0 92.0 at
11576.0 11531.0 240.0 100.0 half
11924.0 11543.0 284.0 92.0 mast
12292.0 11535.0 228.0 100.0 and
12568.0 11539.0 188.0 100.0 the

9964.0 11652.0 232.0 120.0 city
10240.0 11648.0 224.0 104.0 hall
10520.0 11648.0 216.0 104.0 bell
10788.0 11648.0 372.0 100.0 tolled.
11200.0 11648.0 240.0 104.0 The
11480.0 11659.0 848.0 112.0 commtteeapi
11856.0 11648.0 24.0 100.0 !
12340.0 11680.0 28.0 64.0 >
12368.0 11652.0 388.0 104.0 olnted

9964.0 11744.0 140.0 140.0 by
10160.0 11764.0 184.0 104.0 the
10392.0 11764.0 428.0 100.0 oflicers
10864.0 11764.0 120.0 100.0 of
11056.0 11764.0 600.0 104.0 Plymouth
11704.0 11764.0 412.0 104.0 church
12172.0 11768.0 212.0 100.0 last
12476.0 11768.0 236.0 100.0 Sun-

9968.0 11876.0 220.0 124.0 day
10236.0 11892.0 112.0 88.0 to
10396.0 11880.0 260.0 100.0 take
10700.0 11884.0 404.0 116.0 charge
11144.0 11880.0 128.0 96.0 of
11340.0 11884.0 188.0 96.0 the
11636.0 11880.0 440.0 100.0 funeral
12168.0 11880.0 324.0 108.0 made
12580.0 11884.0 188.0 104.0 the

9972.0 12020.0 592.0 112.0 necessary
10612.0 12004.0 844.0 96.0 arrangements
11500.0 11992.0 228.0 104.0 this
11780.0 12000.0 516.0 100.0 mornliiL
12312.0 12068.0 28.0 32.0 .

10084.0 12111.0 244.0 100.0 The
10376.0 12107.0 592.0 124.0 following
11016.0 12140.0 228.0 76.0 was
11348.0 12136.0 420.0 96.0 among
11872.0 12120.0 192.0 96.0 the
12168.0 12120.0 600.0 108.0 telegrams

9968.0 12231.0 516.0 104.0 received
10516.0 12252.0 28.0 76.0 :

10096.0 12348.0 744.0 100.0 EXKCTTIVK
10964.0 12344.0 600.0 108.0 MAXSIOX
11564.0 12415.0 28.0 48.0 ,
11760.0 12340.0 888.0 112.0 'WASHIXGTOX

9976.0 12460.0 280.0 104.0 Mrs.
10384.0 12460.0 388.0 120.0 Henry
10900.0 12460.0 336.0 104.0 Ward
11344.0 12460.0 500.0 104.0 Boecher
11868.0 12487.0 28.0 76.0 :
12024.0 12468.0 432.0 104.0 Accept
12584.0 12487.0 184.0 96.0 my

9968.0 12580.0 532.0 104.0 heartfelt
10548.0 12580.0 604.0 136.0 sympathy
11196.0 12580.0 116.0 96.0 in
11384.0 12580.0 232.0 100.0 tJiis
11696.0 12580.0 284.0 100.0 hour
12064.0 12588.0 120.0 92.0 of
12248.0 12603.0 284.0 96.0 your
12596.0 12584.0 128.0 96.0 be-

9976.0 12708.0 636.0 92.0 reavement
10620.0 12768.0 28.0 28.0 ,
10708.0 12696.0 268.0 100.0 with
11028.0 12675.0 188.0 120.0 the
11264.0 12696.0 288.0 120.0 hope
11596.0 12692.0 240.0 104.0 that
11927.0 12692.0 492.0 104.0 comfort
12508.0 12720.0 260.0 100.0 may

9972.0 12816.0 132.0 100.0 be
10148.0 12811.0 688.0 100.0 vouchsafed
10888.0 12811.0 288.0 100.0 fiom
11228.0 12811.0 188.0 100.0 the
11464.0 12811.0 560.0 120.0 heavenly
12108.0 12840.0 392.0 76.0 source
12544.0 12840.0 224.0 92.0 you

9976.0 12927.0 340.0 104.0 know
10364.0 12952.0 128.0 76.0 so
10544.0 12927.0 280.0 100.0 well.
11192.0 12931.0 528.0 100.0 GHOVEK
11787.0 12927.0 840.0 104.0 CI-KVELAXD.

10096.0 13044.0 188.0 100.0 Dr.
10400.0 13044.0 376.0 104.0 Searle
10876.0 13040.0 388.0 104.0 makes
11372.0 13044.0 188.0 100.0 the
11688.0 13044.0 596.0 112.0 following
12388.0 13044.0 372.0 100.0 verbal

9972.0 13164.0 612.0 100.0 statement
10696.0 13160.0 112.0 100.0 In
10920.0 13156.0 392.0 120.0 regard
11416.0 13168.0 120.0 92.0 to
11640.0 13160.0 192.0 100.0 the
11920.0 13160.0 844.0 116.0 distinguished

9972.0 13272.0 488.0 108.0 divine's
10508.0 13280.0 216.0 96.0 last
10772.0 13276.0 336.0 96.0 hours
11132.0 13299.0 32.0 76.0 :
11231.0 13276.0 496.0 100.0 Beecher
11772.0 13276.0 356.0 116.0 began
12180.0 13288.0 116.0 92.0 to
12344.0 13280.0 200.0 100.0 fall
12587.0 13280.0 144.0 100.0 de-

9972.0 13392.0 452.0 120.0 cidedly
10472.0 13400.0 116.0 92.0 at
10624.0 13392.0 60.0 92.0 3
10728.0 13388.0 436.0 108.0 o'clock
11196.0 13388.0 228.0 104.0 this
11528.0 13396.0 568.0 120.0 morning.
12292.0 13396.0 212.0 96.0 His
12552.0 13420.0 172.0 76.0 res-

9980.0 13507.0 484.0 128.0 piration
10532.0 13532.0 224.0 76.0 was
10804.0 13507.0 360.0 116.0 rapid.
11283.0 13507.0 164.0 104.0 At
11492.0 13516.0 56.0 88.0 *
11596.0 13507.0 428.0 104.0 o'clock
12088.0 13507.0 192.0 104.0 the
12368.0 13507.0 404.0 120.0 family

9976.0 13648.0 236.0 76.0 was
10316.0 13604.0 700.0 120.0 summoned
11208.0 13619.0 360.0 104.0 Death
11676.0 13652.0 316.0 76.0 came
12096.0 13627.0 400.0 120.0 slowly
12540.0 13627.0 228.0 104.0 and

9980.0 13736.0 516.0 124.0 steadily.
10632.0 13740.0 216.0 96.0 His
10896.0 13736.0 668.0 120.0 respiration
11616.0 13740.0 592.0 116.0 gradually
12316.0 13743.0 452.0 100.0 became

9988.0 13856.0 352.0 104.0 faster
10384.0 13852.0 224.0 104.0 and
10660.0 13860.0 352.0 96.0 faster
11052.0 13848.0 296.0 108.0 until
11392.0 13856.0 268.0 120.0 they
11764.0 13852.0 476.0 104.0 reached
12348.0 13856.0 308.0 120.0 sixty
12704.0 13883.0 64.0 72.0 a

9976.0 13976.0 432.0 100.0 minute
10412.0 14044.0 28.0 48.0 ,
10488.0 13995.0 216.0 76.0 one
10772.0 13972.0 272.0 96.0 each
11156.0 13972.0 452.0 112.0 second.
11816.0 13968.0 216.0 100.0 His
12108.0 13968.0 324.0 112.0 pulse
12540.0 13995.0 232.0 80.0 was

9996.0 14092.0 484.0 96.0 variable
10524.0 14084.0 228.0 104.0 and
10796.0 14088.0 320.0 96.0 often
11160.0 14084.0 536.0 108.0 reaching
11740.0 14084.0 204.0 100.0 140.
12083.0 14084.0 176.0 100.0 lie
12304.0 14084.0 232.0 104.0 still
12587.0 14108.0 116.0 80.0 re-

9988.0 14203.0 456.0 100.0 mained
10492.0 14199.0 116.0 100.0 in
10672.0 14203.0 180.0 96.0 the
10896.0 14224.0 312.0 76.0 same
11244.0 14199.0 584.0 100.0 condition
11880.0 14207.0 396.0 112.0 except
12320.0 14203.0 384.0 100.0 breath

9984.0 14296.0 196.0 136.0 ing
10192.0 14387.0 24.0 40.0 ,
10268.0 14312.0 1244.0 124.0 eyesclosed.-entlrely
11596.0 14319.0 796.0 96.0 unconscious.
12528.0 14315.0 244.0 104.0 The

9980.0 14432.0 424.0 100.0 motion
10452.0 14432.0 124.0 96.0 of
10624.0 14432.0 176.0 96.0 his
10844.0 14436.0 300.0 112.0 right
11192.0 14447.0 232.0 80.0 arm
11476.0 14428.0 448.0 100.0 became
11952.0 14428.0 220.0 104.0 less
12200.0 14432.0 524.0 120.0 frequent
12724.0 14503.0 32.0 36.0 ,

9980.0 14544.0 228.0 108.0 and
10404.0 14544.0 376.0 120.0 finally
11000.0 14540.0 472.0 144.0 stopped
11636.0 14544.0 408.0 104.0 almost
12244.0 14544.0 516.0 124.0 entirely.

9980.0 14664.0 380.0 104.0 About
10600.0 14664.0 60.0 88.0 0
10840.0 14643.0 424.0 116.0 o'clock
11492.0 14656.0 120.0 104.0 In
11804.0 14660.0 188.0 100.0 the
12232.0 14664.0 540.0 112.0 morning

9976.0 14800.0 172.0 76.0 we
10328.0 14771.0 336.0 104.0 could
10848.0 14775.0 372.0 100.0 detect
11396.0 14771.0 196.0 104.0 the
11776.0 14775.0 240.0 104.0 first
12135.0 14792.0 632.0 108.0 symptoms

9976.0 14895.0 124.0 100.0 of
10184.0 14887.0 652.0 104.0 immediate
10880.0 14891.0 372.0 100.0 death.
11380.0 14887.0 220.0 104.0 His
11676.0 14895.0 316.0 116.0 pulse
12060.0 14920.0 200.0 76.0 ran
12312.0 14920.0 152.0 104.0 up
12528.0 14920.0 24.0 44.0 <
12552.0 14895.0 216.0 100.0 UII1

9980.0 15008.0 396.0 120.0 higher
10376.0 15079.0 28.0 44.0 ,
10496.0 15004.0 528.0 104.0 flickered
11112.0 15004.0 228.0 108.0 and
11444.0 15008.0 608.0 104.0 fluctuated
12140.0 15011.0 296.0 100.0 until
12496.0 15011.0 236.0 100.0 9:28
12580.0 15031.0 24.0 80.0 :
12736.0 15083.0 28.0 48.0 ,

9972.0 15143.0 228.0 88.0 two
10288.0 15128.0 492.0 100.0 minutes
10868.0 15124.0 384.0 100.0 before
11335.0 15124.0 180.0 100.0 his
11600.0 15124.0 384.0 100.0 death.
12168.0 15124.0 212.0 104.0 His
12452.0 15128.0 308.0 116.0 pulse

9976.0 15244.0 392.0 100.0 ceased
10456.0 15240.0 400.0 100.0 almost
10900.0 15240.0 484.0 124.0 entirely
11424.0 15248.0 116.0 92.0 at
11628.0 15240.0 188.0 104.0 the
11868.0 15240.0 340.0 120.0 wrist
12275.0 15267.0 128.0 76.0 so
12468.0 15244.0 304.0 104.0 faint

9980.0 15360.0 244.0 104.0 that
10312.0 15360.0 84.0 100.0 It
10484.0 15356.0 328.0 100.0 could
10896.0 15356.0 392.0 120.0 hardly
11376.0 15356.0 128.0 100.0 be
11596.0 15356.0 508.0 104.0 detected
12112.0 15432.0 24.0 40.0 ,
12208.0 15356.0 220.0 100.0 and
12496.0 15364.0 268.0 100.0 then

9980.0 15471.0 472.0 124.0 stopped
10500.0 15471.0 648.0 116.0 altogether.
11276.0 15467.0 368.0 104.0 There
11688.0 15492.0 240.0 84.0 was
12004.0 15504.0 64.0 68.0 a
12112.0 15475.0 468.0 120.0 rattling
12644.0 15475.0 120.0 104.0 In

9980.0 15587.0 176.0 104.0 his
10240.0 15587.0 372.0 104.0 throat
10620.0 15659.0 28.0 36.0 ,
10700.0 15587.0 444.0 120.0 painful
11236.0 15583.0 116.0 104.0 to
11412.0 15587.0 324.0 104.0 those
11780.0 15591.0 432.0 100.0 around
12275.0 15591.0 228.0 100.0 him
12576.0 15591.0 196.0 100.0 but

9976.0 15704.0 376.0 104.0 unfelt
10440.0 15704.0 140.0 112.0 by
10672.0 15704.0 236.0 100.0 him
10992.0 15704.0 380.0 124.0 owing
11436.0 15707.0 112.0 92.0 to
11640.0 15707.0 188.0 96.0 the
11912.0 15707.0 408.0 100.0 failure
12379.0 15711.0 124.0 96.0 of
12576.0 15711.0 188.0 100.0 the

9980.0 15843.0 340.0 80.0 nerve
10408.0 15824.0 384.0 96.0 center
10876.0 15816.0 124.0 104.0 of
11084.0 15820.0 188.0 100.0 the
11356.0 15820.0 680.0 124.0 respiratory
12096.0 15847.0 404.0 88.0 organs
12512.0 15899.0 24.0 24.0 ,
12612.0 15835.0 116.0 88.0 to-

9980.0 15936.0 388.0 104.0 gether
10416.0 15936.0 264.0 100.0 with
10732.0 15936.0 188.0 100.0 the
10984.0 15936.0 408.0 100.0 failure
11436.0 15936.0 124.0 96.0 of
11644.0 15936.0 188.0 100.0 the
11876.0 15936.0 412.0 104.0 heart's
12332.0 15928.0 420.0 116.0 action.

9980.0 16052.0 216.0 108.0 Ills
10240.0 16052.0 332.0 104.0 death
10588.0 16124.0 24.0 48.0 ,
10652.0 16052.0 364.0 104.0 which
11064.0 16076.0 312.0 80.0 came
11420.0 16056.0 116.0 96.0 at
11572.0 16052.0 244.0 96.0 9UO
11660.0 16080.0 24.0 72.0 :
11816.0 16128.0 28.0 44.0 ,
11880.0 16080.0 228.0 76.0 was
12156.0 16080.0 264.0 96.0 very
12464.0 16084.0 268.0 72.0 casv
12736.0 16132.0 32.0 40.0 ,

9976.0 16192.0 124.0 84.0 as
10152.0 16167.0 496.0 124.0 painless
10696.0 16167.0 88.0 100.0 If
10852.0 16176.0 196.0 92.0 not
11096.0 16167.0 512.0 112.0 pleasant
11652.0 16196.0 124.0 76.0 as
11820.0 16167.0 336.0 104.0 death
12208.0 16176.0 288.0 96.0 from
12544.0 16180.0 188.0 96.0 suf-

9980.0 16287.0 496.0 104.0 focation
10528.0 16312.0 128.0 72.0 or
10692.0 16283.0 148.0 116.0 by
10883.0 16283.0 608.0 120.0 drowning
11540.0 16283.0 92.0 100.0 is
11676.0 16287.0 248.0 100.0 said
11972.0 16295.0 112.0 92.0 to
12135.0 16295.0 156.0 96.0 be.

10096.0 16403.0 136.0 100.0 In
10324.0 16411.0 188.0 92.0 the
10596.0 16396.0 404.0 120.0 sitting
11076.0 16423.0 312.0 80.0 room
11492.0 16400.0 116.0 100.0 In
11720.0 16403.0 192.0 100.0 the
11992.0 16403.0 284.0 104.0 back
12340.0 16403.0 124.0 100.0 of
12556.0 16403.0 192.0 104.0 the

9976.0 16524.0 348.0 100.0 house
10448.0 16516.0 368.0 104.0 where
10976.0 16512.0 188.0 104.0 the
11320.0 16524.0 316.0 116.0 great
11752.0 16524.0 532.0 116.0 preacher
12431.0 16527.0 332.0 96.0 spent

9976.0 16659.0 348.0 76.0 manv
10564.0 16636.0 340.0 96.0 hours
11140.0 16632.0 124.0 100.0 of
11504.0 16632.0 180.0 100.0 his
11924.0 16636.0 240.0 100.0 life.
12408.0 16636.0 368.0 120.0 Major

9980.0 16748.0 320.0 108.0 Pond
10464.0 16748.0 228.0 100.0 this
10932.0 16752.0 492.0 108.0 evening
11668.0 16772.0 228.0 76.0 was
12135.0 16735.0 284.0 136.0 busy
12580.0 16772.0 144.0 84.0 en-

9984.0 16867.0 352.0 108.0 gaged
10432.0 16867.0 116.0 100.0 In
10656.0 16863.0 648.0 120.0 answering
11408.0 16888.0 348.0 92.0 many
11852.0 16867.0 596.0 120.0 telegrams
12535.0 16871.0 240.0 100.0 that

9980.0 17008.0 288.0 80.0 were
10372.0 16979.0 504.0 104.0 received
10988.0 16979.0 140.0 120.0 by
11224.0 16964.0 264.0 120.0 Mrs.
11604.0 16979.0 524.0 104.0 Beecher.
12252.0 16987.0 108.0 100.0 A
12468.0 16983.0 308.0 116.0 large

9980.0 17099.0 476.0 104.0 number
10496.0 17099.0 120.0 96.0 of
10680.0 17103.0 392.0 100.0 people
11116.0 17096.0 352.0 104.0 called
11516.0 17111.0 112.0 88.0 at
11676.0 17096.0 192.0 104.0 the
11932.0 17099.0 348.0 100.0 house
12360.0 17099.0 416.0 112.0 during

9976.0 17220.0 192.0 100.0 the
10212.0 17216.0 488.0 100.0 evcnlne
10744.0 17216.0 228.0 100.0 and
11020.0 17216.0 212.0 96.0 left
11272.0 17212.0 292.0 100.0 their
11664.0 17216.0 324.0 96.0 cards
12108.0 17220.0 268.0 96.0 with
12488.0 17220.0 284.0 100.0 kind

9980.0 17332.0 364.0 104.0 words
10408.0 17332.0 124.0 96.0 of
10596.0 17328.0 684.0 108.0 condolence
11283.0 17408.0 24.0 36.0 ,
11436.0 17332.0 116.0 100.0 A
11652.0 17328.0 376.0 104.0 crowd
12135.0 17332.0 116.0 100.0 of
12379.0 17336.0 392.0 120.0 people

9976.0 17448.0 484.0 104.0 hovered
10508.0 17444.0 428.0 104.0 around
10988.0 17444.0 188.0 104.0 the
11228.0 17448.0 348.0 100.0 house
11620.0 17444.0 228.0 100.0 and
11956.0 17444.0 336.0 116.0 gazed
12408.0 17452.0 112.0 100.0 in
12636.0 17452.0 88.0 100.0 si

9980.0 17543.0 316.0 128.0 lence
10328.0 17576.0 116.0 88.0 at
10488.0 17563.0 188.0 100.0 the
10724.0 17559.0 544.0 104.0 windows
11312.0 17567.0 124.0 92.0 ot
11488.0 17567.0 188.0 96.0 the
11724.0 17588.0 304.0 76.0 room
12135.0 17567.0 372.0 100.0 where
12592.0 17567.0 188.0 104.0 the

9980.0 17679.0 292.0 120.0 body
10320.0 17683.0 120.0 96.0 of
10512.0 17679.0 488.0 104.0 Beecher
11044.0 17679.0 216.0 120.0 lay.
11380.0 17675.0 248.0 100.0 The
11672.0 17679.0 224.0 116.0 pall
11948.0 17679.0 436.0 104.0 bearers
12496.0 17683.0 280.0 100.0 have

9984.0 17807.0 196.0 96.0 not
10228.0 17807.0 188.0 104.0 yet
10456.0 17792.0 272.0 104.0 been
10784.0 17795.0 480.0 100.0 selected
11272.0 17867.0 28.0 40.0 ,
11352.0 17795.0 228.0 100.0 and
11631.0 17795.0 228.0 100.0 will
11916.0 17803.0 200.0 92.0 not
12224.0 17799.0 132.0 96.0 be
12444.0 17795.0 328.0 104.0 made

9984.0 17912.0 372.0 132.0 public
10400.0 17908.0 292.0 104.0 until
10740.0 17916.0 300.0 96.0 after
11080.0 17912.0 188.0 104.0 the
11312.0 17912.0 480.0 100.0 funeral.
11920.0 17912.0 244.0 100.0 The
12228.0 17916.0 548.0 100.0 members

9980.0 18036.0 124.0 96.0 of
10148.0 18032.0 188.0 100.0 the
10384.0 18028.0 396.0 120.0 family
10820.0 18051.0 288.0 76.0 were
11144.0 18028.0 532.0 112.0 gathered
11728.0 18032.0 112.0 96.0 In
11900.0 18028.0 192.0 100.0 the
12140.0 18028.0 312.0 104.0 front
12540.0 18055.0 196.0 92.0 par-

9980.0 18144.0 172.0 108.0 lor
10196.0 18144.0 476.0 120.0 to-night
10724.0 18144.0 228.0 100.0 and
10996.0 18144.0 504.0 108.0 received
11544.0 18144.0 292.0 100.0 their
11884.0 18148.0 436.0 100.0 friends
12364.0 18148.0 296.0 100.0 until
12720.0 18152.0 64.0 92.0 9

9980.0 18259.0 428.0 104.0 o'clock
10412.0 18336.0 28.0 48.0 ,
10500.0 18259.0 320.0 100.0 when
10872.0 18263.0 188.0 96.0 the
11108.0 18259.0 344.0 104.0 house
11504.0 18284.0 228.0 76.0 was
11824.0 18268.0 376.0 96.0 closed
12320.0 18268.0 180.0 96.0 for
12587.0 18268.0 192.0 96.0 the

9984.0 18379.0 332.0 116.0 night
10316.0 18451.0 28.0 40.0 ,
10484.0 18375.0 256.0 100.0 Mrs.
10800.0 18375.0 488.0 100.0 Beecher
11324.0 18375.0 320.0 100.0 bears
11748.0 18400.0 152.0 80.0 up
12016.0 18379.0 764.0 120.0 wonderfully

9984.0 18495.0 360.0 100.0 under
10388.0 18491.0 580.0 116.0 herheavy
11016.0 18491.0 572.0 108.0 affliction.
11720.0 18491.0 228.0 100.0 She
11996.0 18491.0 92.0 100.0 lb
12132.0 18495.0 312.0 124.0 quite
12488.0 18495.0 292.0 104.0 calm

9984.0 18612.0 228.0 104.0 and
10276.0 18608.0 632.0 120.0 composed.

10172.0 18743.0 1040.0 84.0 AWIAXOEMEXTS
11292.0 18743.0 244.0 84.0 FOIl
11616.0 18747.0 260.0 80.0 TIIK
11960.0 18743.0 640.0 84.0 FUXEKAL.

10100.0 18840.0 244.0 104.0 Thn
10412.0 18840.0 588.0 116.0 following
11036.0 18844.0 408.0 104.0 details
11484.0 18840.0 124.0 100.0 of
11652.0 18844.0 192.0 100.0 thu
11932.0 18844.0 852.0 116.0 arrangements

9984.0 18955.0 184.0 108.0 for
10268.0 18959.0 188.0 100.0 the
10560.0 18939.0 444.0 116.0 funeral
11108.0 18984.0 292.0 80.0 were
11504.0 18959.0 336.0 108.0 Klven
11956.0 18963.0 116.0 92.0 to
12184.0 18963.0 188.0 96.0 the
12464.0 18988.0 316.0 96.0 press

9984.0 19075.0 544.0 120.0 to-night
10656.0 19071.0 240.0 100.0 The
10932.0 19075.0 476.0 104.0 services
11516.0 19075.0 288.0 100.0 from
11860.0 19075.0 184.0 96.0 the
12144.0 19075.0 632.0 120.0 beginning

9984.0 19191.0 236.0 104.0 will
10268.0 19191.0 132.0 96.0 be
10448.0 19187.0 360.0 104.0 under
10848.0 19187.0 188.0 100.0 the
11140.0 19187.0 544.0 104.0 direction
11784.0 19187.0 124.0 100.0 of
11956.0 19187.0 268.0 108.0 Uev.
12320.0 19191.0 464.0 104.0 Charles

9984.0 19308.0 140.0 104.0 A.
10184.0 19304.0 256.0 104.0 Hall
10456.0 19379.0 24.0 48.0 ,
10592.0 19308.0 124.0 96.0 of
10772.0 19304.0 300.0 120.0 Holy
11168.0 19304.0 456.0 116.0 Trinity
11696.0 19304.0 408.0 104.0 church
12120.0 19379.0 28.0 44.0 ,
12244.0 19312.0 256.0 100.0 who
12552.0 19308.0 232.0 104.0 will

9984.0 19420.0 480.0 104.0 otliclate
10504.0 19428.0 116.0 92.0 at
10668.0 19420.0 192.0 100.0 the
10944.0 19424.0 344.0 104.0 house
11335.0 19428.0 324.0 96.0 when
11712.0 19420.0 196.0 104.0 the
12008.0 19424.0 236.0 100.0 first
12292.0 19428.0 492.0 100.0 services

9984.0 19540.0 264.0 100.0 take
10352.0 19540.0 308.0 104.0 place
10768.0 19560.0 144.0 76.0 on
11020.0 19535.0 600.0 116.0 Thursday
11724.0 19544.0 532.0 128.0 morning
12368.0 19552.0 116.0 92.0 at
12548.0 19544.0 240.0 92.0 0'JO
12632.0 19567.0 28.0 76.0 :

9984.0 19655.0 460.0 104.0 o'clock.
10572.0 19659.0 160.0 96.0 At
10840.0 19655.0 292.0 96.0 10:30
10976.0 19680.0 24.0 72.0 :
11231.0 19655.0 192.0 104.0 the
11468.0 19655.0 496.0 104.0 remains
12072.0 19639.0 232.0 116.0 will
12408.0 19659.0 132.0 100.0 be
12628.0 19680.0 120.0 84.0 es-

9980.0 19771.0 380.0 104.0 corted
10468.0 19775.0 116.0 96.0 to
10628.0 19779.0 192.0 92.0 the
10904.0 19771.0 412.0 100.0 church
11404.0 19767.0 144.0 120.0 by
11592.0 19771.0 192.0 100.0 the
11868.0 19771.0 564.0 104.0 Thirtieth
12483.0 19775.0 232.0 120.0 regi-

9984.0 19899.0 312.0 92.0 ment
10304.0 19963.0 28.0 44.0 ,
10480.0 19887.0 128.0 96.0 of
10752.0 19883.0 364.0 104.0 which
11204.0 19887.0 500.0 104.0 Beecher
11864.0 19911.0 232.0 80.0 was
12216.0 19891.0 564.0 120.0 chaplain.

9988.0 20004.0 588.0 120.0 Company
10680.0 20004.0 116.0 100.0 C.
10812.0 20075.0 24.0 44.0 ,
10888.0 20008.0 352.0 104.0 called
11332.0 20004.0 608.0 124.0 Plymouth
12031.0 20031.0 560.0 100.0 company
12632.0 20027.0 148.0 80.0 on

9984.0 20128.0 476.0 96.0 account
10564.0 20116.0 128.0 104.0 of
10860.0 20116.0 144.0 104.0 Its
11200.0 20124.0 560.0 100.0 members
11908.0 20124.0 332.0 116.0 being
12431.0 20132.0 308.0 96.0 atten-

9984.0 20236.0 344.0 104.0 dants
10432.0 20248.0 116.0 92.0 at
10716.0 20231.0 604.0 120.0 Plymouth
11440.0 20231.0 412.0 108.0 church
11864.0 20308.0 28.0 48.0 ,
12140.0 20236.0 232.0 104.0 will
12612.0 20248.0 176.0 96.0 act

9988.0 20380.0 120.0 80.0 as
10156.0 20384.0 64.0 76.0 a
10272.0 20347.0 344.0 116.0 guard
10668.0 20355.0 120.0 96.0 of
10876.0 20355.0 356.0 100.0 honor
11244.0 20407.0 28.0 68.0 ,
11312.0 20351.0 300.0 104.0 until
11716.0 20355.0 192.0 100.0 the
12008.0 20355.0 492.0 100.0 remains
12600.0 20384.0 192.0 72.0 are

9988.0 20459.0 396.0 128.0 finally
10448.0 20463.0 684.0 112.0 transferred
11200.0 20451.0 116.0 124.0 tb
11400.0 20471.0 700.0 104.0 Greenwood
12187.0 20479.0 556.0 116.0 cemetery
12748.0 20543.0 28.0 44.0 ,

9988.0 20587.0 372.0 100.0 where
10404.0 20583.0 264.0 120.0 they
10716.0 20583.0 228.0 104.0 will
11056.0 20587.0 128.0 104.0 be
11236.0 20583.0 400.0 140.0 placed
11728.0 20587.0 116.0 100.0 In
11940.0 20587.0 184.0 100.0 the
12216.0 20591.0 572.0 100.0 recolvins

9992.0 20704.0 304.0 100.0 vault
10344.0 20707.0 116.0 96.0 to
10504.0 20700.0 336.0 104.0 await
10888.0 20704.0 268.0 100.0 final
11200.0 20696.0 672.0 120.0 disposition
11888.0 20775.0 24.0 36.0 ,
11972.0 20704.0 360.0 104.0 which
12388.0 20704.0 228.0 104.0 will
12656.0 20707.0 132.0 100.0 bo

9988.0 20820.0 464.0 104.0 decided
10504.0 20820.0 316.0 100.0 later.
10956.0 20820.0 104.0 100.0 It
11140.0 20824.0 208.0 104.0 has
11436.0 20828.0 192.0 96.0 not
11720.0 20828.0 188.0 116.0 yet
12000.0 20820.0 276.0 104.0 been
12324.0 20820.0 464.0 104.0 decided

9996.0 20940.0 504.0 96.0 whether
10540.0 20932.0 188.0 104.0 the
10776.0 20940.0 492.0 100.0 reaialul
11312.0 20940.0 228.0 100.0 will
11592.0 20940.0 132.0 100.0 be
11808.0 20936.0 524.0 104.0 removed
12379.0 20936.0 412.0 116.0 Friday

9992.0 21051.0 328.0 120.0 night
10368.0 21076.0 124.0 80.0 or
10532.0 21051.0 564.0 124.0 Saturday
11132.0 21055.0 552.0 108.0 morning.
11816.0 21051.0 244.0 104.0 Tne
12100.0 21055.0 440.0 100.0 funeral
12576.0 21080.0 176.0 80.0 ser-

9992.0 21171.0 300.0 100.0 vices
10340.0 21196.0 188.0 72.0 are
10568.0 21179.0 116.0 88.0 to
10732.0 21167.0 260.0 100.0 take
11036.0 21175.0 312.0 116.0 place
11388.0 21179.0 116.0 92.0 at
11552.0 21179.0 104.0 88.0 11
11692.0 21196.0 24.0 76.0 :
11728.0 21171.0 120.0 92.0 SO
11892.0 21167.0 420.0 108.0 o'clock
12356.0 21171.0 376.0 104.0 Thurs-

9992.0 21279.0 220.0 128.0 day
10264.0 21283.0 528.0 116.0 moining
10836.0 21291.0 112.0 96.0 at
11020.0 21287.0 724.0 108.0 the'church.
11876.0 21287.0 364.0 104.0 There
12332.0 21291.0 232.0 100.0 will
12660.0 21287.0 132.0 104.0 be

9996.0 21419.0 148.0 84.0 no
10348.0 21400.0 740.0 124.0 pall-bearers.
11316.0 21403.0 364.0 104.0 There
11900.0 21403.0 224.0 104.0 will
12332.0 21411.0 128.0 96.0 bo
12644.0 21427.0 152.0 80.0 no

9992.0 21516.0 328.0 104.0 black
10528.0 21516.0 476.0 128.0 drapery
11228.0 21516.0 120.0 112.0 in
11596.0 21520.0 188.0 100.0 the
12016.0 21524.0 416.0 100.0 church
12672.0 21547.0 124.0 72.0 or

9996.0 21640.0 344.0 96.0 houe
10344.0 21712.0 28.0 36.0 ,
10624.0 21655.0 212.0 80.0 nor
11068.0 21636.0 232.0 104.0 will
11540.0 21640.0 192.0 100.0 the
11920.0 21636.0 396.0 108.0 family
12500.0 21663.0 300.0 76.0 wear

9996.0 21747.0 652.0 124.0 mourning.
10784.0 21747.0 352.0 128.0 Many
11216.0 21755.0 332.0 100.0 times
11664.0 21755.0 480.0 100.0 Beecher
12248.0 21755.0 204.0 100.0 has
12548.0 21755.0 248.0 104.0 said

10000.0 21871.0 112.0 96.0 In
10220.0 21871.0 168.0 100.0 his
10496.0 21892.0 508.0 80.0 sermons
11032.0 21896.0 28.0 76.0 :
11252.0 21867.0 440.0 104.0 "Strew
11800.0 21867.0 440.0 104.0 flowers
12344.0 21896.0 144.0 76.0 on
12612.0 21896.0 184.0 84.0 mv

9996.0 22007.0 336.0 84.0 grave
10336.0 22059.0 28.0 40.0 ,
10416.0 21983.0 192.0 104.0 but
10660.0 21987.0 152.0 100.0 let
10864.0 22007.0 148.0 80.0 no
11056.0 21987.0 668.0 104.0 heathenish
11776.0 21987.0 480.0 120.0 practice
12364.0 21987.0 428.0 124.0 prevail

9992.0 22115.0 112.0 84.0 ot
10220.0 22103.0 484.0 120.0 draping
10812.0 22103.0 112.0 100.0 In
11028.0 22103.0 324.0 104.0 black
11456.0 22131.0 120.0 72.0 as
11664.0 22131.0 64.0 72.0 a
11816.0 22103.0 348.0 104.0 token
12216.0 22103.0 124.0 100.0 of
12384.0 22127.0 416.0 80.0 sorrow

9996.0 22220.0 332.0 104.0 when
10440.0 22243.0 260.0 76.0 man
10820.0 22227.0 196.0 92.0 has
11124.0 22223.0 396.0 124.0 passed
11628.0 22220.0 492.0 112.0 tluough
12228.0 22223.0 340.0 100.0 death
12675.0 22227.0 120.0 96.0 to

9996.0 22332.0 436.0 104.0 eternal
10480.0 22336.0 236.0 104.0 life.
10728.0 22332.0 68.0 56.0 "

10116.0 22451.0 244.0 104.0 The
10408.0 22451.0 388.0 104.0 Lozan
10848.0 22451.0 572.0 112.0 memorial
11468.0 22451.0 676.0 112.0 committee.
12200.0 22451.0 116.0 104.0 In
12368.0 22479.0 64.0 76.0 a
12476.0 22451.0 332.0 108.0 letter

10000.0 22567.0 120.0 100.0 of
10164.0 22571.0 604.0 136.0 sympathy
10772.0 22643.0 28.0 44.0 ,
10852.0 22567.0 600.0 120.0 expressed
11496.0 22571.0 292.0 100.0 their
11832.0 22567.0 364.0 104.0 desire
12260.0 22579.0 120.0 92.0 to
12464.0 22567.0 340.0 104.0 assist

10008.0 22683.0 112.0 104.0 in
10164.0 22683.0 192.0 104.0 the
10396.0 22691.0 688.0 96.0 ceremonies
11132.0 22687.0 228.0 104.0 and
11440.0 22687.0 292.0 100.0 have
11816.0 22683.0 600.0 112.0 suggested
12496.0 22687.0 264.0 104.0 hold-

10008.0 22799.0 196.0 116.0 ing
10248.0 22831.0 64.0 68.0 a
10360.0 22811.0 848.0 112.0 contemporary
11244.0 22807.0 428.0 100.0 serrico
11776.0 22815.0 120.0 88.0 at
12000.0 22803.0 580.0 104.0 Academy
12668.0 22803.0 132.0 100.0 of

10004.0 22919.0 368.0 100.0 Music
10420.0 22919.0 328.0 100.0 while
10796.0 22923.0 184.0 100.0 the
11024.0 22931.0 484.0 96.0 services
11576.0 22943.0 188.0 76.0 are
11856.0 22919.0 112.0 104.0 in
12088.0 22943.0 516.0 100.0 progress
12692.0 22931.0 112.0 92.0 at

10008.0 23036.0 608.0 120.0 Plymouth
10660.0 23036.0 448.0 108.0 church.
11300.0 23036.0 108.0 112.0 It
11452.0 23059.0 236.0 80.0 was
11735.0 23036.0 464.0 104.0 decided
12252.0 23051.0 112.0 88.0 to
12464.0 23036.0 344.0 124.0 adopt

10008.0 23152.0 188.0 104.0 the
10244.0 23156.0 688.0 112.0 suggestion.

10132.0 23275.0 152.0 96.0 At
10328.0 23296.0 64.0 76.0 a
10440.0 23271.0 492.0 116.0 meeting
10976.0 23271.0 120.0 104.0 of
11140.0 23284.0 188.0 96.0 the
11368.0 23267.0 348.0 108.0 board
11764.0 23271.0 120.0 100.0 of
11927.0 23267.0 424.0 108.0 oflicers
12404.0 23271.0 120.0 100.0 of
12616.0 23271.0 192.0 100.0 the

10004.0 23383.0 668.0 104.0 Thirteenth
10724.0 23391.0 548.0 116.0 reglmest
11316.0 23391.0 128.0 104.0 ol
11504.0 23387.0 572.0 140.0 Brooklyn
12092.0 23459.0 24.0 44.0 ,
12208.0 23395.0 120.0 92.0 of
12440.0 23387.0 368.0 100.0 which

10012.0 23499.0 496.0 108.0 Beecher
10552.0 23527.0 232.0 76.0 was
10824.0 23507.0 520.0 124.0 chaplain
11352.0 23579.0 32.0 52.0 ,
11436.0 23503.0 96.0 108.0 it
11579.0 23527.0 228.0 76.0 was
11896.0 23495.0 704.0 112.0 determined
12692.0 23519.0 116.0 84.0 to

10008.0 23623.0 284.0 100.0 offer
10340.0 23647.0 60.0 72.0 a
10452.0 23619.0 488.0 124.0 military
10984.0 23635.0 352.0 96.0 esoort
11396.0 23627.0 124.0 96.0 at
11636.0 23619.0 592.0 104.0 Beecher's
12324.0 23619.0 480.0 104.0 funeral.

10004.0 23736.0 248.0 104.0 The
10296.0 23736.0 576.0 104.0 aldermen
10948.0 23740.0 124.0 104.0 of
11192.0 23736.0 576.0 124.0 Brooklyn
11900.0 23736.0 216.0 104.0 had
12224.0 23759.0 68.0 76.0 a
12396.0 23736.0 416.0 124.0 special

10012.0 23856.0 504.0 116.0 meeting
10560.0 23856.0 488.0 120.0 to-night
11092.0 23887.0 68.0 72.0 a
11244.0 23864.0 80.0 100.0 d
11364.0 23864.0 408.0 116.0 passed
11820.0 23856.0 680.0 100.0 resolutions
12568.0 23875.0 200.0 100.0 pro-

10012.0 23967.0 400.0 120.0 viding
10460.0 23971.0 180.0 100.0 for
10684.0 23971.0 188.0 100.0 the
10916.0 23975.0 480.0 120.0 draping
11416.0 23975.0 144.0 96.0 of
11600.0 23971.0 232.0 120.0 city
11900.0 23971.0 572.0 120.0 buildings
12584.0 23967.0 228.0 104.0 and

10008.0 24087.0 444.0 116.0 closing
10492.0 24087.0 124.0 100.0 of
10676.0 24087.0 376.0 124.0 public
11092.0 24095.0 372.0 104.0 oflieci
11540.0 24112.0 152.0 76.0 on
11787.0 24083.0 188.0 108.0 the
12080.0 24087.0 216.0 124.0 day
12400.0 24087.0 120.0 100.0 ot
12628.0 24087.0 188.0 104.0 the

10016.0 24203.0 480.0 100.0 funeral.

10580.0 24339.0 548.0 88.0 EXOT.ISII
11176.0 24343.0 368.0 84.0 PISUKS
11592.0 24339.0 640.0 84.0 TOMMEXT.

10132.0 24432.0 532.0 108.0 LOXDOX
10668.0 24507.0 28.0 40.0 ,
10748.0 24436.0 380.0 112.0 March
11172.0 24451.0 104.0 92.0 8.
11408.0 24439.0 248.0 104.0 The
11724.0 24436.0 340.0 124.0 Dally
12104.0 24436.0 336.0 104.0 News
12448.0 24511.0 28.0 40.0 ,
12528.0 24459.0 244.0 76.0 com-

10020.0 24556.0 516.0 112.0 menting
10584.0 24575.0 300.0 92.0 upon
10960.0 24560.0 188.0 104.0 the
11224.0 24560.0 340.0 104.0 death
11652.0 24556.0 128.0 96.0 of
11892.0 24552.0 484.0 104.0 Beecher
12376.0 24628.0 28.0 44.0 ,
12500.0 24571.0 256.0 108.0 says
12784.0 24575.0 28.0 80.0 :

10020.0 24667.0 252.0 104.0 "He
10320.0 24671.0 376.0 104.0 leaves
10744.0 24692.0 148.0 80.0 no
10996.0 24684.0 416.0 112.0 system
11500.0 24671.0 364.0 104.0 either
11904.0 24676.0 124.0 96.0 of
12116.0 24671.0 524.0 120.0 theology
12692.0 24695.0 132.0 72.0 or

10012.0 24791.0 124.0 96.0 of
10212.0 24783.0 412.0 104.0 church
10712.0 24795.0 784.0 108.0 government.
11636.0 24783.0 220.0 104.0 HU
11932.0 24783.0 560.0 104.0 influence
12492.0 24859.0 28.0 36.0 ,
12620.0 24808.0 136.0 80.0 ex-

10012.0 24907.0 252.0 104.0 cept
10312.0 24928.0 120.0 76.0 as
10480.0 24932.0 60.0 72.0 a
10588.0 24911.0 516.0 116.0 personal
11148.0 24903.0 712.0 116.0 recollection
11876.0 24971.0 28.0 40.0 ,
11956.0 24903.0 284.0 100.0 ends
12308.0 24899.0 272.0 104.0 with
12636.0 24899.0 176.0 108.0 his
12784.0 24928.0 28.0 76.0 i

10016.0 25019.0 236.0 104.0 life.
10388.0 25015.0 172.0 104.0 He
10612.0 25047.0 228.0 72.0 was
10892.0 25027.0 176.0 100.0 for
11108.0 25027.0 188.0 108.0 the
11324.0 25019.0 672.0 108.0 Americans
12048.0 25031.0 188.0 88.0 tne
12280.0 25027.0 312.0 104.0 great
12636.0 25039.0 140.0 84.0 ex-

10016.0 25135.0 428.0 124.0 positor
10484.0 25135.0 124.0 100.0 of
10652.0 25139.0 176.0 100.0 his
10876.0 25143.0 304.0 104.0 tunn.
11308.0 25135.0 152.0 112.0 lli
11460.0 25167.0 28.0 68.0 >
11532.0 25159.0 232.0 80.0 was
11808.0 25159.0 60.0 76.0 n
11912.0 25139.0 312.0 120.0 great
12292.0 25135.0 532.0 120.0 preacher

10020.0 25256.0 228.0 100.0 and
10304.0 25252.0 484.0 112.0 nothing
10836.0 25252.0 192.0 108.0 but
11072.0 25287.0 68.0 76.0 a
11180.0 25256.0 560.0 132.0 preacher.
11752.0 25248.0 68.0 56.0 "

10132.0 25372.0 248.0 100.0 The
10480.0 25367.0 624.0 132.0 Telegraph
11212.0 25399.0 260.0 100.0 says
11496.0 25395.0 32.0 84.0 :
11552.0 25372.0 28.0 28.0 '
11656.0 25363.0 256.0 108.0 "No
11996.0 25363.0 528.0 128.0 preacher
12528.0 25440.0 28.0 44.0 ,
12668.0 25391.0 156.0 76.0 no

10020.0 25483.0 528.0 128.0 plattorm
10596.0 25500.0 380.0 92.0 orator
11020.0 25491.0 116.0 104.0 In
11224.0 25487.0 528.0 112.0 America
11796.0 25487.0 196.0 112.0 put
12083.0 25508.0 304.0 80.0 more
12440.0 25483.0 320.0 104.0 Inten-

10020.0 25603.0 228.0 116.0 sity
10332.0 25603.0 124.0 104.0 of
10544.0 25611.0 316.0 96.0 heart
10944.0 25607.0 244.0 104.0 into
11276.0 25611.0 180.0 104.0 his
11540.0 25603.0 628.0 100.0 discourses
12252.0 25599.0 276.0 104.0 than
12623.0 25603.0 188.0 100.0 the

10028.0 25743.0 256.0 80.0 man
10344.0 25719.0 376.0 104.0 whose
10760.0 25727.0 424.0 104.0 clarion
11236.0 25727.0 316.0 100.0 voice
11600.0 25743.0 280.0 80.0 rang
11952.0 25739.0 336.0 100.0 every
12356.0 25715.0 472.0 124.0 Sunday

10024.0 25835.0 112.0 104.0 in
10240.0 25835.0 600.0 116.0 Plymouth
10920.0 25843.0 480.0 108.0 Church.
11532.0 25831.0 308.0 112.0 With
11927.0 25831.0 152.0 104.0 all
12172.0 25835.0 172.0 100.0 his
12431.0 25831.0 352.0 108.0 faults
12792.0 25907.0 28.0 32.0 ,

10020.0 25952.0 236.0 108.0 and
10348.0 25952.0 264.0 128.0 they
10720.0 25979.0 292.0 84.0 were
11160.0 25983.0 340.0 88.0 many
11504.0 26023.0 32.0 48.0 ,
11652.0 25952.0 92.0 104.0 H
11848.0 25952.0 96.0 104.0 Is
12052.0 25948.0 576.0 104.0 doubtless
12732.0 25952.0 96.0 100.0 If

10020.0 26076.0 532.0 104.0 America
10596.0 26067.0 228.0 108.0 will
10872.0 26099.0 264.0 80.0 evnr
11176.0 26072.0 480.0 132.0 produce
11692.0 26063.0 476.0 108.0 another
12220.0 26063.0 520.0 108.0 Beecher.
12752.0 26067.0 68.0 52.0 "

10156.0 26191.0 32.0 112.0 [
10212.0 26187.0 388.0 124.0 Henry
10648.0 26187.0 340.0 108.0 Ward
11040.0 26195.0 484.0 104.0 Beecher
11604.0 26211.0 228.0 80.0 was
11920.0 26183.0 276.0 104.0 born
12275.0 26195.0 116.0 92.0 at
12440.0 26179.0 388.0 112.0 Litch-

10028.0 26303.0 292.0 112.0 field.
10372.0 26307.0 356.0 104.0 Conn.
10748.0 26379.0 24.0 40.0 .
10820.0 26307.0 308.0 108.0 June
11168.0 26307.0 480.0 124.0 34,1S13.
11792.0 26295.0 176.0 112.0 He
12060.0 26324.0 228.0 80.0 was
12332.0 26328.0 68.0 76.0 a
12444.0 26324.0 200.0 80.0 son
12696.0 26299.0 128.0 100.0 of

10028.0 26419.0 192.0 108.0 Dr.
10276.0 26423.0 436.0 108.0 Lvman
10764.0 26423.0 492.0 112.0 Beecher
11244.0 26443.0 36.0 92.0 ;
11335.0 26452.0 144.0 80.0 an
11568.0 26423.0 516.0 100.0 eminent
12144.0 26419.0 396.0 100.0 dlvlno
12600.0 26419.0 228.0 100.0 and

10028.0 26563.0 64.0 76.0 a
10144.0 26563.0 260.0 80.0 man
10492.0 26543.0 120.0 100.0 of
10716.0 26567.0 268.0 96.0 very
11068.0 26567.0 272.0 88.0 euer
11344.0 26575.0 56.0 80.0 <
11416.0 26559.0 220.0 84.0 etc
11540.0 26539.0 24.0 96.0 !
11708.0 26535.0 612.0 108.0 character.
12456.0 26539.0 156.0 100.0 At
12675.0 26555.0 148.0 80.0 an

10028.0 26655.0 304.0 116.0 early
10376.0 26683.0 208.0 92.0 age
10672.0 26659.0 132.0 100.0 he
10892.0 26663.0 772.0 108.0 hadstrong
11744.0 26652.0 696.0 120.0 preullecton
12516.0 26655.0 176.0 100.0 for
12760.0 26675.0 64.0 72.0 a

10028.0 26772.0 576.0 116.0 seafaring
10652.0 26776.0 200.0 104.0 life
10848.0 26851.0 48.0 48.0 ,
10936.0 26783.0 368.0 104.0 wlilch
11312.0 26855.0 40.0 44.0 ,
11392.0 26776.0 520.0 104.0 however
11912.0 26840.0 28.0 40.0 ,
11992.0 26768.0 136.0 100.0 his
12180.0 26768.0 636.0 104.0 renounced

10032.0 26887.0 120.0 104.0 in
10200.0 26915.0 776.0 104.0 consequence
11020.0 26900.0 124.0 100.0 of
11228.0 26900.0 192.0 100.0 the
11460.0 26891.0 284.0 120.0 deep
11787.0 26883.0 544.0 116.0 religious
12376.0 26879.0 412.0 108.0 Impres-

10032.0 27007.0 320.0 100.0 sions
10396.0 26987.0 364.0 124.0 which
10812.0 27011.0 140.0 100.0 he
10996.0 27007.0 740.0 128.0 experienced
11768.0 27003.0 448.0 112.0 .during
12256.0 27028.0 64.0 72.0 a
12368.0 26999.0 460.0 108.0 revival.

10040.0 27119.0 456.0 124.0 Having
10532.0 27127.0 616.0 120.0 graduau-d
11192.0 27148.0 116.0 84.0 or
11335.0 27123.0 540.0 108.0 Amherst
11920.0 27119.0 424.0 112.0 college
12392.0 27115.0 116.0 104.0 in
12560.0 27115.0 272.0 108.0 W4.

10032.0 27243.0 140.0 96.0 he
10216.0 27243.0 480.0 112.0 devoted
10744.0 27247.0 456.0 104.0 himself
11244.0 27255.0 116.0 96.0 to
11440.0 27251.0 196.0 92.0 ttoa
11716.0 27235.0 340.0 116.0 study
12096.0 27239.0 120.0 96.0 of
12308.0 27231.0 532.0 120.0 theology

10032.0 27371.0 120.0 88.0 at
10204.0 27355.0 308.0 104.0 Lane
10580.0 27359.0 572.0 120.0 seminary
11231.0 27359.0 364.0 108.0 under
11700.0 27355.0 188.0 100.0 the
11992.0 27348.0 408.0 116.0 tuition
12476.0 27348.0 120.0 104.0 of
12664.0 27344.0 176.0 108.0 his

10040.0 27476.0 376.0 104.0 father
10412.0 27547.0 28.0 44.0 ,
10496.0 27476.0 252.0 100.0 who
10796.0 27503.0 172.0 76.0 wa
11072.0 27483.0 268.0 104.0 then
11436.0 27472.0 572.0 132.0 president
12092.0 27468.0 124.0 108.0 of
12324.0 27468.0 244.0 104.0 that
12675.0 27468.0 116.0 100.0 in

10032.0 27596.0 564.0 100.0 stitution.
10732.0 27592.0 132.0 104.0 In
10964.0 27600.0 224.0 100.0 1W
11276.0 27600.0 140.0 104.0 he
11500.0 27596.0 444.0 96.0 became
12012.0 27587.0 384.0 120.0 pastor
12452.0 27583.0 128.0 100.0 of
12644.0 27587.0 196.0 100.0 tne

10040.0 27703.0 604.0 120.0 Plymouth
10704.0 27715.0 36.0 116.0 (
10752.0 27707.0 940.0 124.0 Congregational
11716.0 27724.0 28.0 92.0 )
11800.0 27703.0 416.0 104.0 church
12268.0 27724.0 116.0 84.0 in
12428.0 27699.0 364.0 104.0 Brook-

10040.0 27823.0 192.0 116.0 lyn
10248.0 27863.0 28.0 84.0 ;
10332.0 27823.0 360.0 112.0 which
10748.0 27831.0 480.0 104.0 position
11283.0 27831.0 136.0 104.0 he
11468.0 27827.0 300.0 100.0 tilled
11848.0 27843.0 148.0 104.0 up
12083.0 27827.0 116.0 92.0 to
12284.0 27823.0 192.0 96.0 the
12564.0 27819.0 276.0 100.0 time

10040.0 27931.0 132.0 108.0 of
10324.0 27943.0 180.0 108.0 hU
10624.0 27939.0 372.0 116.0 death.
11231.0 27947.0 372.0 112.0 Tnen
11748.0 27939.0 92.0 108.0 it
11940.0 27959.0 176.0 100.0 yra
12116.0 27959.0 56.0 84.0 *
12296.0 27931.0 244.0 108.0 that
12668.0 27931.0 180.0 104.0 LU

12912.0 2544.0 376.0 124.0 genial
13368.0 2548.0 224.0 104.0 and
13660.0 2548.0 480.0 116.0 original
14228.0 2548.0 608.0 140.0 eloquence
14919.0 2548.0 544.0 108.0 attracted
15532.0 2548.0 188.0 108.0 the

12912.0 2660.0 416.0 128.0 largest
13371.0 2672.0 808.0 108.0 congregation
14236.0 2672.0 112.0 96.0 in
14404.0 2672.0 188.0 100.0 the
14772.0 2660.0 424.0 112.0 L'nlted
15304.0 2660.0 312.0 112.0 State
15683.0 2740.0 24.0 28.0 .

12916.0 2780.0 176.0 104.0 He
13144.0 2808.0 228.0 76.0 was
13420.0 2788.0 368.0 100.0 editor
13832.0 2792.0 124.0 96.0 of
13988.0 2792.0 188.0 100.0 the
14228.0 2788.0 284.0 100.0 New
14564.0 2784.0 308.0 100.0 York
14924.0 2780.0 792.0 128.0 Independent

12912.0 2900.0 288.0 96.0 from
13252.0 2900.0 216.0 96.0 1S1
13524.0 2908.0 112.0 92.0 to
13688.0 2904.0 196.0 96.0 1MV
13884.0 2908.0 32.0 92.0 )
13916.0 2980.0 28.0 36.0 ,
14008.0 2908.0 316.0 96.0 when
14384.0 2908.0 136.0 96.0 ho
14568.0 2900.0 404.0 104.0 visited
15064.0 2900.0 408.0 124.0 Euroin
15472.0 2928.0 28.0 76.0 )
15548.0 2904.0 172.0 96.0 for

12916.0 3012.0 188.0 104.0 the
13148.0 3016.0 412.0 100.0 benefit
13604.0 3020.0 124.0 100.0 of
13796.0 3016.0 168.0 104.0 his
14080.0 3020.0 424.0 104.0 health.
14711.0 3016.0 212.0 104.0 His
15028.0 3032.0 444.0 92.0 earnest
15516.0 3016.0 204.0 100.0 ad-

12912.0 3128.0 256.0 104.0 dres
13236.0 3156.0 56.0 76.0 e
13404.0 3140.0 112.0 92.0 to
13564.0 3128.0 304.0 124.0 large
13912.0 3136.0 604.0 104.0 audiences
14587.0 3160.0 148.0 76.0 on
14828.0 3144.0 188.0 92.0 the
15080.0 3136.0 432.0 120.0 subject
15595.0 3132.0 124.0 100.0 of

12912.0 3248.0 192.0 100.0 the
13156.0 3272.0 228.0 76.0 war
13423.0 3248.0 124.0 100.0 of
13612.0 3252.0 184.0 100.0 the
13848.0 3248.0 532.0 108.0 rebellion
14436.0 3252.0 216.0 100.0 had
14700.0 3280.0 64.0 72.0 a
14808.0 3248.0 304.0 116.0 larce
15160.0 3248.0 560.0 108.0 Influence

12912.0 3360.0 120.0 100.0 in
13108.0 3360.0 464.0 108.0 turning
13620.0 3368.0 184.0 100.0 the
13908.0 3380.0 448.0 92.0 current
14420.0 3372.0 124.0 96.0 of
14608.0 3368.0 376.0 136.0 public
15064.0 3372.0 472.0 116.0 opinion
15595.0 3364.0 116.0 104.0 in

12920.0 3480.0 332.0 96.0 Great
13312.0 3480.0 428.0 104.0 Britain
13800.0 3484.0 112.0 100.0 In
13976.0 3500.0 316.0 88.0 Ia\or
14363.0 3488.0 124.0 100.0 of
14552.0 3496.0 188.0 92.0 the
14828.0 3480.0 352.0 108.0 union
15352.0 3504.0 356.0 84.0 cause.

12916.0 3592.0 204.0 104.0 Mr.
13184.0 3592.0 484.0 108.0 Beecher
13712.0 3624.0 232.0 76.0 was
13988.0 3600.0 240.0 104.0 also
14316.0 3624.0 60.0 76.0 a
14452.0 3600.0 648.0 112.0 prominent
15184.0 3596.0 532.0 108.0 advocate

12916.0 3716.0 124.0 92.0 of
13104.0 3712.0 744.0 124.0 anti-slavery
13896.0 3716.0 224.0 104.0 and
14176.0 3728.0 708.0 116.0 temperance
14952.0 3720.0 404.0 104.0 reform
15371.0 3788.0 24.0 40.0 ,
15488.0 3716.0 228.0 100.0 and

12916.0 3824.0 284.0 104.0 later
13240.0 3832.0 124.0 96.0 of
13439.0 3832.0 532.0 104.0 woman's
14024.0 3836.0 388.0 108.0 rights.
14592.0 3836.0 128.0 100.0 In
14776.0 3832.0 512.0 104.0 addition
15380.0 3844.0 120.0 92.0 to
15548.0 3836.0 168.0 96.0 his

12916.0 3936.0 364.0 132.0 pulpit
13328.0 3944.0 364.0 104.0 labors
13740.0 3948.0 204.0 104.0 Mr.
14015.0 3948.0 480.0 104.0 Beecher
14544.0 3972.0 232.0 80.0 was
14820.0 3980.0 64.0 72.0 a
14932.0 3948.0 424.0 112.0 prolific
15407.0 3952.0 248.0 96.0 writ

12920.0 4084.0 148.0 80.0 er.
13200.0 4064.0 460.0 116.0 Among
13704.0 4060.0 176.0 108.0 his
13932.0 4064.0 548.0 128.0 principal
14532.0 4064.0 368.0 104.0 works
14944.0 4092.0 184.0 76.0 are
15156.0 4088.0 28.0 80.0 :
15360.0 4068.0 296.0 100.0 "Lec

12916.0 4184.0 304.0 96.0 tures
13272.0 4188.0 112.0 92.0 to
13444.0 4176.0 756.0 112.0 VouncMen.
14212.0 4180.0 68.0 56.0 "
14348.0 4184.0 332.0 100.0 "Star
14756.0 4180.0 448.0 120.0 Papers.
15220.0 4180.0 68.0 56.0 "
15387.0 4180.0 332.0 104.0 "Life

12912.0 4292.0 584.0 108.0 Thoughts
13508.0 4372.0 24.0 48.0 ,
13548.0 4292.0 64.0 60.0 "
13660.0 4296.0 428.0 116.0 "lloyai
14171.0 4296.0 420.0 104.0 Truths
14600.0 4372.0 24.0 40.0 ,
14639.0 4296.0 64.0 52.0 "
14772.0 4328.0 68.0 72.0 n
14888.0 4288.0 324.0 116.0 novel
15220.0 4372.0 28.0 40.0 ,
15368.0 4304.0 68.0 48.0 "
15444.0 4304.0 236.0 96.0 .Nor

12928.0 4412.0 352.0 104.0 wood.
13292.0 4412.0 68.0 56.0 "
13608.0 4412.0 132.0 104.0 In
13872.0 4416.0 228.0 100.0 1571
14228.0 4416.0 140.0 104.0 he
14492.0 4412.0 584.0 116.0 published
15208.0 4412.0 188.0 104.0 the
15484.0 4416.0 236.0 100.0 first

12920.0 4524.0 444.0 108.0 volume
13604.0 4536.0 124.0 96.0 of
13968.0 4536.0 300.0 100.0 what
14516.0 4536.0 136.0 100.0 he
14831.0 4532.0 548.0 104.0 Intended
15604.0 4540.0 112.0 92.0 to

12916.0 4640.0 140.0 104.0 be
13179.0 4648.0 176.0 100.0 his
13536.0 4652.0 488.0 120.0 greatest
14208.0 4652.0 456.0 124.0 literary
14848.0 4652.0 308.0 100.0 work
15163.0 4720.0 28.0 48.0 ,
15404.0 4644.0 312.0 104.0 "The

12920.0 4760.0 260.0 100.0 Life
13416.0 4760.0 120.0 100.0 of
13820.0 4764.0 368.0 104.0 Christ
14192.0 4836.0 32.0 44.0 ,
14239.0 4764.0 68.0 56.0 "
14596.0 4768.0 196.0 100.0 but
15072.0 4768.0 188.0 100.0 the
15500.0 4788.0 180.0 76.0 second

12920.0 4876.0 232.0 104.0 end
13260.0 4876.0 444.0 104.0 volume
13816.0 4904.0 228.0 76.0 was
14160.0 4876.0 228.0 108.0 still
14440.0 4876.0 792.0 116.0 uncompleted
15319.0 4883.0 116.0 100.0 nt
15516.0 4880.0 188.0 100.0 the

12920.0 4992.0 272.0 104.0 time
13300.0 5000.0 120.0 96.0 of
13524.0 4996.0 176.0 100.0 his
13812.0 4992.0 380.0 108.0 death.
14400.0 4996.0 132.0 104.0 In
14592.0 5004.0 236.0 96.0 Ib70
14908.0 4996.0 200.0 104.0 Mr.
15236.0 4992.0 484.0 108.0 Beecher

12920.0 5108.0 516.0 104.0 asjiimed
13548.0 5112.0 184.0 104.0 the
13836.0 5112.0 624.0 128.0 editorship
14548.0 5120.0 124.0 96.0 of
14804.0 5112.0 184.0 108.0 the
15120.0 5112.0 588.0 108.0 Christian

12928.0 5224.0 384.0 104.0 Union
13332.0 5300.0 24.0 48.0 ,
13408.0 5228.0 192.0 100.0 but
13656.0 5228.0 400.0 108.0 retired
14108.0 5236.0 288.0 96.0 from
14440.0 5228.0 240.0 108.0 that
14727.0 5256.0 336.0 84.0 paper
15111.0 5232.0 328.0 100.0 about
15491.0 5236.0 224.0 92.0 two

12920.0 5368.0 324.0 96.0 years
13292.0 5368.0 236.0 80.0 aeo.
13604.0 5344.0 196.0 104.0 Mr.
13852.0 5344.0 584.0 112.0 Becher's
14476.0 5352.0 480.0 100.0 greatest
14987.0 5348.0 728.0 124.0 prominence

12920.0 5484.0 416.0 92.0 among
13380.0 5464.0 188.0 96.0 the
13612.0 5460.0 280.0 100.0 later
13940.0 5468.0 652.0 100.0 Generation
14652.0 5488.0 228.0 80.0 was
14928.0 5464.0 548.0 100.0 obtained
15576.0 5464.0 140.0 120.0 by

12960.0 5584.0 188.0 92.0 the
13256.0 5584.0 440.0 96.0 famous
13800.0 5576.0 388.0 104.0 Tilton
14360.0 5579.0 288.0 100.0 trial.
14840.0 5576.0 280.0 108.0 This
15240.0 5588.0 436.0 96.0 remark-

12924.0 5692.0 248.0 104.0 able
13212.0 5716.0 252.0 80.0 case
13508.0 5692.0 540.0 108.0 attracted
14104.0 5692.0 708.0 108.0 world-wide
14860.0 5700.0 560.0 96.0 attention
15475.0 5692.0 232.0 104.0 anil

12924.0 5808.0 188.0 104.0 the
13160.0 5808.0 344.0 100.0 result
13556.0 5812.0 88.0 100.0 Is
13696.0 5820.0 184.0 92.0 too
13924.0 5812.0 252.0 100.0 well
14228.0 5816.0 416.0 96.0 known
14704.0 5824.0 112.0 88.0 to
14908.0 5816.0 128.0 92.0 bo
15124.0 5808.0 588.0 104.0 reviewed.

12928.0 5924.0 136.0 100.0 In
13120.0 5924.0 184.0 104.0 the
13352.0 5928.0 212.0 100.0 last
13616.0 5924.0 724.0 128.0 presidential
14388.0 5928.0 476.0 100.0 election
14964.0 5924.0 200.0 104.0 Mr.
15231.0 5924.0 484.0 104.0 Beecher

12924.0 6040.0 548.0 120.0 espoused
13524.0 6036.0 184.0 104.0 th'e
13748.0 6068.0 336.0 76.0 cause
14128.0 6044.0 120.0 96.0 of
14291.0 6044.0 424.0 100.0 Grover
14804.0 6040.0 612.0 104.0 Cleveland
15488.0 6044.0 228.0 96.0 and

12928.0 6180.0 232.0 76.0 was
13208.0 6156.0 652.0 120.0 recognized
13908.0 6184.0 124.0 80.0 as
14076.0 6184.0 224.0 76.0 one
14343.0 6164.0 116.0 96.0 of
14508.0 6160.0 188.0 100.0 the
14788.0 6156.0 432.0 108.0 leaders
15328.0 6164.0 116.0 96.0 of
15532.0 6164.0 188.0 96.0 the

12928.0 6272.0 424.0 104.0 faction
13408.0 6272.0 420.0 104.0 known
13884.0 6300.0 124.0 80.0 as
14076.0 6284.0 816.0 104.0 "mugwumps.
14912.0 6275.0 64.0 52.0 "
15136.0 6280.0 168.0 96.0 As
15392.0 6304.0 60.0 72.0 a
15543.0 6296.0 112.0 80.0 re-

12924.0 6392.0 580.0 116.0 cognition
13692.0 6396.0 124.0 96.0 of
14000.0 6388.0 176.0 108.0 his
14360.0 6392.0 484.0 104.0 services
15032.0 6388.0 112.0 104.0 In
15368.0 6412.0 360.0 80.0 secur-

12932.0 6508.0 196.0 100.0 Ine
13252.0 6508.0 188.0 100.0 the
13568.0 6504.0 664.0 128.0 presidency
14360.0 6512.0 176.0 96.0 for
14660.0 6504.0 604.0 104.0 Cleveland
15280.0 6576.0 24.0 40.0 ,
15500.0 6504.0 212.0 100.0 Mr.

12935.0 6620.0 576.0 104.0 Bt-echer's
13636.0 6648.0 200.0 76.0 son
13852.0 6696.0 20.0 36.0 ,
14015.0 6624.0 476.0 112.0 Captain
14608.0 6620.0 472.0 104.0 Herbert
15192.0 6620.0 492.0 104.0 Beecher
15692.0 6692.0 24.0 48.0 ,

12935.0 6764.0 224.0 72.0 was
13212.0 6740.0 652.0 100.0 nominated
13916.0 6748.0 116.0 92.0 to
14076.0 6768.0 64.0 72.0 a
14187.0 6728.0 536.0 116.0 lucrative
14768.0 6732.0 460.0 108.0 otllccin
15276.0 6736.0 188.0 104.0 the
15500.0 6760.0 184.0 80.0 rev-

12932.0 6876.0 296.0 80.0 enue
13272.0 6856.0 420.0 100.0 service
13744.0 6856.0 108.0 100.0 In
13912.0 6847.0 756.0 128.0 Washington
14724.0 6856.0 524.0 116.0 territory
15252.0 6924.0 24.0 52.0 ,
15356.0 6852.0 364.0 104.0 which

12935.0 6971.0 136.0 100.0 ho
13179.0 6992.0 256.0 80.0 now
13548.0 6968.0 240.0 104.0 tills.
13920.0 6968.0 244.0 108.0 The
14268.0 6975.0 368.0 100.0 entire
14748.0 6971.0 492.0 100.0 Beecher
15328.0 6968.0 400.0 116.0 family

12932.0 7084.0 284.0 104.0 have
13264.0 7088.0 272.0 100.0 been
13592.0 7088.0 644.0 120.0 prominent
14324.0 7096.0 408.0 96.0 ti.tires
14804.0 7092.0 112.0 96.0 In
14971.0 7092.0 224.0 96.0 this
15247.0 7099.0 484.0 104.0 country

12935.0 7204.0 176.0 96.0 for
13148.0 7204.0 184.0 100.0 the
13380.0 7204.0 212.0 100.0 last
13631.0 7216.0 504.0 112.0 century.
14275.0 7204.0 448.0 104.0 Harriet
14776.0 7200.0 916.0 108.0 Beecher-Stowe
15696.0 7276.0 28.0 40.0 ,

12932.0 7320.0 188.0 96.0 the
13168.0 7320.0 612.0 112.0 authoress.
13836.0 7324.0 96.0 100.0 Is
14020.0 7351.0 64.0 72.0 a
14180.0 7320.0 336.0 104.0 sister
14616.0 7324.0 124.0 96.0 of
14848.0 7324.0 188.0 100.0 the
15140.0 7320.0 580.0 108.0 deceased.

12935.0 7432.0 36.0 100.0 l
13039.0 7456.0 160.0 80.0 ev.
13324.0 7432.0 472.0 104.0 Edward
13912.0 7436.0 492.0 104.0 Beecher
14408.0 7512.0 28.0 44.0 ,
14571.0 7436.0 264.0 104.0 Uev.
14932.0 7436.0 496.0 104.0 Thomas
15584.0 7436.0 136.0 100.0 K.

12940.0 7547.0 516.0 112.0 Beecher.
13504.0 7556.0 228.0 96.0 and
13787.0 7552.0 264.0 104.0 llev.
14112.0 7536.0 456.0 120.0 Charles
14628.0 7547.0 524.0 108.0 Beecher.
15252.0 7552.0 148.0 104.0 all
15491.0 7552.0 180.0 100.0 elo-

12932.0 7676.0 352.0 112.0 quent
13328.0 7667.0 448.0 104.0 divines
13784.0 7744.0 24.0 44.0 ,
13868.0 7692.0 288.0 80.0 were
14204.0 7671.0 172.0 96.0 his
14428.0 7676.0 536.0 96.0 brothers.
15075.0 7667.0 244.0 100.0 The
15368.0 7671.0 332.0 100.0 latter
15696.0 7744.0 28.0 40.0 ,

12932.0 7780.0 268.0 100.0 oulv
13252.0 7808.0 64.0 72.0 a
13384.0 7788.0 224.0 96.0 few
13656.0 7784.0 452.0 104.0 months
14216.0 7812.0 208.0 72.0 no
14436.0 7859.0 24.0 36.0 ,
14512.0 7788.0 288.0 96.0 blew
14848.0 7788.0 192.0 96.0 out
15088.0 7784.0 180.0 100.0 his
15356.0 7784.0 380.0 100.0 brains

12935.0 7896.0 268.0 100.0 with
13256.0 7923.0 64.0 76.0 a
13364.0 7900.0 484.0 116.0 shotgun
13964.0 7908.0 116.0 96.0 at
14128.0 7896.0 424.0 108.0 Elmlra
14564.0 7972.0 20.0 44.0 ,
14648.0 7900.0 136.0 104.0 N.
14840.0 7896.0 136.0 104.0 Y.
14996.0 7972.0 24.0 32.0 .
15080.0 7892.0 340.0 108.0 while
15468.0 7912.0 268.0 88.0 tern-

12935.0 8016.0 484.0 120.0 poiarlly
13520.0 8016.0 432.0 104.0 Insane.
14088.0 8012.0 272.0 108.0 Last
14467.0 8020.0 400.0 116.0 spring
14940.0 8016.0 200.0 100.0 Mr.
15252.0 8012.0 492.0 108.0 Beecher

12932.0 8132.0 332.0 104.0 again
13384.0 8128.0 408.0 108.0 visited
13904.0 8128.0 440.0 112.0 Europe
14452.0 8136.0 228.0 96.0 and
14828.0 8128.0 568.0 104.0 delivered
15508.0 8132.0 176.0 100.0 dis-

12932.0 8272.0 448.0 76.0 courses
13420.0 8252.0 112.0 96.0 In
13588.0 8260.0 188.0 92.0 the
13816.0 8252.0 652.0 120.0 prominent
14516.0 8243.0 424.0 128.0 pulpits
14987.0 8252.0 120.0 96.0 of
15212.0 8243.0 520.0 104.0 London.

12932.0 8360.0 244.0 104.0 The
13248.0 8360.0 472.0 116.0 English
13771.0 8388.0 312.0 96.0 press
14092.0 8440.0 24.0 40.0 ,
14216.0 8367.0 528.0 100.0 however
14743.0 8435.0 28.0 40.0 ,
14831.0 8352.0 568.0 116.0 criticized
15496.0 8363.0 228.0 100.0 him

12932.0 8480.0 500.0 108.0 severely
13436.0 8548.0 28.0 56.0 ,
13516.0 8480.0 224.0 104.0 and
13792.0 8484.0 168.0 100.0 Ills
14072.0 8484.0 244.0 120.0 stay
14392.0 8480.0 116.0 100.0 lu
14600.0 8484.0 244.0 100.0 that
14932.0 8488.0 476.0 112.0 country
15500.0 8504.0 236.0 76.0 was

12932.0 8592.0 196.0 104.0 but
13179.0 8596.0 368.0 124.0 brlef.J

13588.0 8811.0 676.0 112.0 Frightful
14360.0 8815.0 716.0 92.0 Accident.

13048.0 8944.0 312.0 108.0 NEW
13412.0 8944.0 360.0 108.0 YOUK
13780.0 9024.0 24.0 40.0 ,
13860.0 8948.0 384.0 108.0 March
14288.0 8952.0 100.0 100.0 S.
14528.0 8948.0 240.0 104.0 The
14808.0 8952.0 304.0 120.0 large
15200.0 8948.0 336.0 104.0 tailor
15579.0 8972.0 124.0 80.0 es-

12932.0 9088.0 728.0 104.0 tablishment
13696.0 9096.0 124.0 96.0 of
13864.0 9088.0 324.0 108.0 Nlcol
14200.0 9164.0 28.0 52.0 ,
14284.0 9092.0 188.0 104.0 the
14519.0 9092.0 336.0 100.0 tailor
14852.0 9164.0 28.0 48.0 ,
14944.0 9092.0 116.0 100.0 in
15120.0 9092.0 184.0 100.0 the
15420.0 9088.0 276.0 104.0 Bow-

12928.0 9259.0 196.0 92.0 ery
13127.0 9308.0 28.0 44.0 ,
13212.0 9236.0 424.0 100.0 burned
13708.0 9232.0 224.0 104.0 this
13984.0 9232.0 584.0 104.0 forenoon.
14760.0 9232.0 244.0 104.0 The
15056.0 9232.0 196.0 104.0 tire
15296.0 9232.0 412.0 108.0 caused

12932.0 9400.0 64.0 72.0 a
13036.0 9375.0 540.0 104.0 blockade
13620.0 9400.0 148.0 76.0 on
13875.0 9375.0 188.0 100.0 the
14168.0 9375.0 360.0 104.0 Third
14632.0 9400.0 444.0 80.0 avenue
15200.0 9375.0 516.0 104.0 elevated

12932.0 9520.0 264.0 100.0 road
13252.0 9516.0 360.0 104.0 which
13683.0 9516.0 564.0 108.0 extended
14324.0 9520.0 180.0 100.0 far
14604.0 9524.0 352.0 100.0 above
15048.0 9516.0 696.0 108.0 Fourteenth

12932.0 9664.0 380.0 100.0 street.
13452.0 9660.0 240.0 104.0 The
13740.0 9652.0 612.0 116.0 conductor
14436.0 9688.0 144.0 72.0 on
14696.0 9664.0 188.0 100.0 the
15000.0 9660.0 296.0 104.0 train
15376.0 9656.0 364.0 108.0 which

12932.0 9823.0 236.0 80.0 was
13212.0 9800.0 608.0 108.0 blockaded
13868.0 9832.0 60.0 72.0 a
13979.0 9800.0 220.0 108.0 few
14252.0 9804.0 512.0 104.0 hundred
14820.0 9808.0 224.0 100.0 feet
15140.0 9808.0 288.0 100.0 from
15543.0 9800.0 192.0 108.0 the

12935.0 9940.0 684.0 108.0 Fourteenth
13672.0 9951.0 340.0 100.0 street
14056.0 9951.0 412.0 96.0 station
14532.0 9944.0 452.0 104.0 noticed
15039.0 9947.0 188.0 100.0 the
15276.0 9972.0 408.0 100.0 passen-

12928.0 10112.0 252.0 84.0 gers
13228.0 10083.0 236.0 104.0 that
13512.0 10088.0 260.0 116.0 they
13820.0 10083.0 324.0 108.0 could
14196.0 10088.0 316.0 116.0 leaye
14560.0 10083.0 188.0 108.0 the
14792.0 10088.0 292.0 100.0 train
15140.0 10083.0 228.0 108.0 and
15423.0 10088.0 296.0 100.0 walk-

12932.0 10252.0 264.0 76.0 over
13236.0 10228.0 188.0 100.0 the.
13475.0 10256.0 440.0 76.0 narrow
13960.0 10232.0 356.0 128.0 plank
14420.0 10228.0 592.0 124.0 alongside
15120.0 10228.0 188.0 104.0 the
15396.0 10232.0 316.0 100.0 track

12932.0 10368.0 224.0 104.0 and
13208.0 10368.0 256.0 104.0 thus
13512.0 10372.0 328.0 100.0 make
13884.0 10368.0 296.0 108.0 their
14228.0 10399.0 248.0 92.0 way
14560.0 10384.0 116.0 88.0 to
14720.0 10372.0 192.0 104.0 the
15023.0 10372.0 456.0 104.0 station.
15615.0 10376.0 104.0 96.0 A

12932.0 10512.0 476.0 100.0 number
13452.0 10512.0 432.0 104.0 availed
13936.0 10508.0 680.0 108.0 themselves
14660.0 10515.0 120.0 96.0 of
14831.0 10512.0 184.0 104.0 the
15104.0 10519.0 640.0 100.0 dangerous

12935.0 10632.0 536.0 116.0 privilege
13520.0 10632.0 224.0 100.0 and
13792.0 10655.0 140.0 72.0 an
13988.0 10636.0 348.0 96.0 awful
14388.0 10632.0 512.0 100.0 accident
14952.0 10655.0 232.0 76.0 was
15292.0 10620.0 188.0 116.0 the
15592.0 10655.0 116.0 76.0 re-

12932.0 10744.0 260.0 100.0 sult
13324.0 10744.0 140.0 100.0 In
13512.0 10771.0 308.0 76.0 some
13868.0 10771.0 476.0 76.0 manner
14388.0 10775.0 68.0 72.0 a
14560.0 10748.0 336.0 120.0 p\nlc
14644.0 10775.0 20.0 72.0 :
15004.0 10771.0 240.0 76.0 was
15328.0 10744.0 416.0 104.0 started

12935.0 10884.0 144.0 76.0 on
13136.0 10860.0 188.0 104.0 the
13376.0 10884.0 440.0 80.0 narrow
13872.0 10864.0 292.0 100.0 walk
14236.0 10864.0 172.0 96.0 far
14448.0 10880.0 352.0 84.0 au.ive
14880.0 10860.0 184.0 104.0 the
15111.0 10876.0 352.0 92.0 street
15511.0 10864.0 228.0 100.0 and

12935.0 11004.0 64.0 72.0 a
13048.0 10976.0 472.0 100.0 number
13564.0 10980.0 120.0 96.0 of
13732.0 11000.0 464.0 104.0 persons
14244.0 11004.0 292.0 72.0 were
14580.0 10980.0 316.0 100.0 tlunc
14940.0 10988.0 116.0 88.0 to
15104.0 10984.0 188.0 96.0 the
15404.0 11004.0 280.0 96.0 pave-

12940.0 11104.0 308.0 88.0 ment
13296.0 11091.0 388.0 104.0 below.
13816.0 11091.0 100.0 100.0 It
14028.0 11091.0 92.0 104.0 is
14223.0 11095.0 368.0 100.0 stated
14704.0 11095.0 236.0 100.0 that
15048.0 11112.0 340.0 84.0 seven
15448.0 11120.0 288.0 76.0 were

12944.0 11208.0 348.0 104.0 killed
13340.0 11208.0 220.0 100.0 and
13620.0 11232.0 340.0 100.0 many
14008.0 11208.0 496.0 124.0 injured.

13056.0 11328.0 188.0 96.0 An
13300.0 11324.0 412.0 104.0 olllclal
13768.0 11336.0 368.0 112.0 icport
14236.0 11332.0 120.0 92.0 of
14460.0 11324.0 192.0 104.0 the
14756.0 11324.0 520.0 108.0 accident
15360.0 11328.0 372.0 100.0 shows

12940.0 11440.0 244.0 100.0 that
13231.0 11440.0 304.0 100.0 three
13584.0 11464.0 472.0 116.0 persons
14164.0 11467.0 288.0 76.0 were
14564.0 11440.0 344.0 104.0 killed
15016.0 11444.0 228.0 100.0 aud
15352.0 11448.0 388.0 96.0 eleven

12940.0 11556.0 376.0 100.0 others
13364.0 11556.0 336.0 120.0 badly
13752.0 11556.0 484.0 116.0 Injured.
14376.0 11556.0 104.0 100.0 It
14528.0 11584.0 472.0 84.0 appears
15048.0 11564.0 236.0 96.0 that
15335.0 11588.0 64.0 72.0 a
15439.0 11580.0 268.0 80.0 num-

12948.0 11676.0 188.0 96.0 ber
13240.0 11676.0 124.0 92.0 of
13468.0 11696.0 676.0 96.0 passengers
14223.0 11676.0 208.0 96.0 left
14535.0 11700.0 216.0 76.0 one
14795.0 11676.0 124.0 96.0 of
14984.0 11676.0 192.0 100.0 the
15224.0 11676.0 356.0 100.0 trains
15628.0 11688.0 116.0 88.0 at

12940.0 11787.0 768.0 100.0 Seventeenth
13760.0 11800.0 340.0 88.0 stieet
14144.0 11791.0 228.0 100.0 and
14420.0 11795.0 420.0 96.0 started
14896.0 11800.0 116.0 88.0 to
15064.0 11791.0 296.0 104.0 walk
15407.0 11791.0 340.0 104.0 alone

12944.0 11904.0 188.0 100.0 the
13179.0 11928.0 440.0 76.0 narrow
13667.0 11904.0 508.0 120.0 footpath
14223.0 11915.0 116.0 88.0 at
14388.0 11907.0 188.0 100.0 the
14620.0 11907.0 244.0 100.0 side
14900.0 11907.0 124.0 100.0 of
15108.0 11907.0 192.0 100.0 the
15384.0 11907.0 312.0 96.0 track
15708.0 11979.0 28.0 44.0 ,

12944.0 12024.0 112.0 96.0 to
13104.0 12016.0 188.0 104.0 the
13335.0 12020.0 416.0 100.0 station
13812.0 12035.0 108.0 88.0 at
14020.0 12020.0 688.0 104.0 Fourteenth
14800.0 12028.0 380.0 96.0 street.
15376.0 12020.0 372.0 104.0 While

12944.0 12136.0 356.0 120.0 doing
13400.0 12160.0 128.0 76.0 so
13631.0 12140.0 192.0 96.0 the
13952.0 12136.0 540.0 104.0 blockade
14604.0 12163.0 232.0 72.0 was
14944.0 12136.0 484.0 104.0 relieved
15520.0 12144.0 228.0 96.0 and

12944.0 12252.0 368.0 100.0 trains
13356.0 12252.0 360.0 108.0 began
13771.0 12264.0 112.0 88.0 to
13932.0 12256.0 312.0 100.0 strut.
14372.0 12256.0 248.0 100.0 The
14668.0 12256.0 432.0 100.0 motion
15156.0 12256.0 352.0 100.0 shook
15552.0 12260.0 188.0 96.0 the

12948.0 12367.0 260.0 120.0 path
13228.0 12392.0 244.0 96.0 way
13500.0 12359.0 176.0 108.0 "to
13735.0 12367.0 276.0 104.0 such
14060.0 12396.0 144.0 76.0 an
14256.0 12380.0 392.0 92.0 extent
14708.0 12372.0 236.0 100.0 that
14996.0 12400.0 64.0 72.0 a
15108.0 12376.0 472.0 100.0 number
15628.0 12376.0 124.0 92.0 of

12944.0 12508.0 668.0 80.0 passengers
13740.0 12504.0 292.0 84.0 were
14156.0 12487.0 444.0 100.0 thrown
14743.0 12487.0 336.0 100.0 down
15195.0 12491.0 244.0 96.0 Into
15548.0 12487.0 188.0 104.0 the

12944.0 12607.0 340.0 92.0 street
13332.0 12600.0 352.0 100.0 below
13735.0 12600.0 268.0 104.0 with
14044.0 12603.0 188.0 100.0 the
14300.0 12607.0 348.0 96.0 result
14696.0 12628.0 120.0 76.0 as
14864.0 12603.0 400.0 104.0 stated.

13060.0 12716.0 240.0 100.0 'Ihe
13404.0 12716.0 360.0 120.0 dying
13848.0 12716.0 228.0 104.0 and
14171.0 12720.0 556.0 100.0 wounded
14784.0 12743.0 292.0 80.0 were
15124.0 12724.0 340.0 100.0 taken
15527.0 12720.0 148.0 100.0 Im-

12944.0 12832.0 608.0 116.0 mediately
13660.0 12844.0 116.0 88.0 to
13880.0 12832.0 284.0 100.0 Nnw
14284.0 12836.0 300.0 100.0 York
14592.0 12912.0 24.0 32.0 ,
14720.0 12836.0 528.0 104.0 Bellevue
15296.0 12836.0 228.0 104.0 and
15576.0 12836.0 160.0 100.0 St.

12952.0 12944.0 604.0 108.0 Vincent's
13660.0 12948.0 580.0 124.0 hospitals.
14440.0 12948.0 608.0 108.0 Hundreds
15091.0 12952.0 128.0 104.0 of
15348.0 12952.0 388.0 124.0 people

12944.0 13063.0 528.0 140.0 fathered
13524.0 13063.0 432.0 104.0 around
14004.0 13068.0 188.0 100.0 the
14239.0 13092.0 332.0 80.0 scene
14680.0 13088.0 120.0 80.0 ol
14908.0 13072.0 188.0 100.0 the
15192.0 13068.0 544.0 104.0 accident.

12944.0 13164.0 240.0 116.0 The
13231.0 13179.0 548.0 104.0 sidewalk
13823.0 13179.0 228.0 104.0 and
14100.0 13191.0 344.0 92.0 street
14492.0 13208.0 292.0 80.0 were
14888.0 13179.0 468.0 108.0 covered
15468.0 13187.0 276.0 96.0 with

12944.0 13296.0 360.0 100.0 blood.
13432.0 13296.0 244.0 100.0 The
13719.0 13299.0 352.0 100.0 killed
14180.0 13324.0 292.0 76.0 were
14580.0 13299.0 456.0 104.0 Patrick
15143.0 13299.0 600.0 104.0 Matthews

12944.0 13412.0 228.0 100.0 and
13220.0 13420.0 220.0 92.0 two
13488.0 13416.0 588.0 100.0 unknown
14132.0 13439.0 308.0 76.0 men.

13060.0 13528.0 244.0 100.0 The
13340.0 13552.0 256.0 80.0 men
13648.0 13532.0 220.0 100.0 had
13916.0 13532.0 348.0 100.0 fallen
14320.0 13559.0 144.0 72.0 on
14519.0 13536.0 188.0 100.0 the
14812.0 13532.0 428.0 104.0 middle
15324.0 13536.0 116.0 100.0 ot
15532.0 13532.0 188.0 104.0 the

12944.0 13652.0 444.0 96.0 surface
13491.0 13672.0 188.0 76.0 car
13784.0 13648.0 312.0 108.0 track
14100.0 13720.0 28.0 40.0 ,
14256.0 13648.0 368.0 100.0 where
14776.0 13652.0 260.0 120.0 they
15148.0 13652.0 188.0 120.0 lay
15456.0 13652.0 112.0 96.0 in
15683.0 13676.0 64.0 76.0 a

12948.0 13759.0 448.0 120.0 ghastly
13432.0 13759.0 288.0 120.0 heap
13724.0 13836.0 24.0 40.0 ,
13844.0 13784.0 312.0 80.0 some
14248.0 13763.0 656.0 100.0 motionless
14916.0 13836.0 24.0 36.0 ,
14992.0 13792.0 308.0 76.0 some
15348.0 13792.0 400.0 88.0 groan-

12948.0 13860.0 200.0 132.0 log
13152.0 13947.0 28.0 44.0 ,
13231.0 13900.0 220.0 76.0 oie
13496.0 13875.0 596.0 116.0 shrieking
14144.0 13875.0 396.0 116.0 wildly
14587.0 13879.0 120.0 96.0 In
14760.0 13879.0 268.0 120.0 pain
15084.0 13879.0 228.0 100.0 and
15360.0 13896.0 388.0 84.0 terror.

12944.0 13988.0 312.0 104.0 Ton.
13308.0 13984.0 220.0 104.0 had
13628.0 13992.0 356.0 100.0 fallen
14096.0 13992.0 292.0 100.0 from
14488.0 13992.0 192.0 100.0 thu
14784.0 13992.0 312.0 100.0 track
15104.0 14063.0 28.0 48.0 ,
15244.0 13992.0 152.0 104.0 all
15464.0 13992.0 272.0 100.0 told.

12940.0 14104.0 372.0 104.0 Three
13356.0 14112.0 120.0 92.0 at
13524.0 14104.0 184.0 104.0 the
13760.0 14108.0 420.0 100.0 bottom
14268.0 14108.0 384.0 116.0 ofltho
14752.0 14104.0 292.0 124.0 heap
15091.0 14127.0 292.0 80.0 were
15428.0 14108.0 324.0 104.0 dead.

12944.0 14216.0 344.0 120.0 They
13371.0 14220.0 224.0 100.0 had
13700.0 14220.0 352.0 104.0 fallen
14160.0 14220.0 340.0 104.0 down
14616.0 14224.0 540.0 104.0 headfirst
15195.0 14224.0 232.0 104.0 and
15532.0 14224.0 220.0 104.0 had

12948.0 14336.0 528.0 96.0 smashed
13520.0 14336.0 116.0 100.0 in
13696.0 14336.0 296.0 100.0 their
14056.0 14336.0 412.0 100.0 skulls.

13064.0 14443.0 244.0 104.0 The
13352.0 14447.0 196.0 100.0 lire
13600.0 14451.0 364.0 96.0 which
14012.0 14451.0 408.0 100.0 caused
14472.0 14451.0 188.0 100.0 the
14704.0 14447.0 548.0 104.0 blockade
15344.0 14455.0 400.0 112.0 spread

12944.0 14567.0 116.0 92.0 to
13108.0 14571.0 228.0 92.0 two
13380.0 14564.0 608.0 120.0 adjoining
14076.0 14567.0 572.0 116.0 buildings
14760.0 14567.0 228.0 100.0 and
15044.0 14567.0 184.0 100.0 the
15283.0 14564.0 460.0 108.0 firemen

12944.0 14680.0 224.0 100.0 had
13216.0 14703.0 312.0 80.0 some
13572.0 14680.0 552.0 120.0 dllliculty
14171.0 14684.0 112.0 100.0 In
14372.0 14684.0 460.0 120.0 putting
14924.0 14684.0 84.0 100.0 It
15096.0 14695.0 224.0 88.0 out.
15511.0 14684.0 248.0 100.0 The

12944.0 14796.0 472.0 112.0 damage
13524.0 14796.0 680.0 120.0 aggrezated
14316.0 14800.0 500.0 116.0 S10J.OOO.
14996.0 14796.0 456.0 108.0 Several
15508.0 14823.0 212.0 100.0 people

12948.0 14912.0 184.0 124.0 ple
13179.0 14912.0 220.0 104.0 had
13448.0 14936.0 444.0 80.0 nanow
13936.0 14940.0 456.0 96.0 escapes
14440.0 14920.0 180.0 96.0 for
14668.0 14916.0 292.0 100.0 their
15004.0 14916.0 312.0 104.0 lives.

13304.0 15155.0 596.0 112.0 Chicago
13972.0 15155.0 616.0 112.0 Packing
14680.0 15155.0 716.0 100.0 Statistics.

13068.0 15292.0 580.0 104.0 CHICAGO
13656.0 15368.0 28.0 44.0 ,
13735.0 15292.0 388.0 104.0 March
14168.0 15296.0 84.0 100.0 S.
14404.0 15296.0 36.0 124.0 [
14452.0 15292.0 440.0 128.0 Special
14968.0 15292.0 588.0 128.0 Telegram
15644.0 15304.0 116.0 96.0 to

12948.0 15432.0 188.0 104.0 the
13179.0 15432.0 288.0 108.0 BEE.
13496.0 15436.0 28.0 124.0 ]
13660.0 15436.0 244.0 100.0 The
13956.0 15436.0 412.0 104.0 winter
14452.0 15440.0 216.0 116.0 hog
14756.0 15440.0 496.0 124.0 packing
15356.0 15463.0 400.0 80.0 season

12952.0 15572.0 364.0 108.0 which
13364.0 15579.0 280.0 100.0 lasts
13692.0 15576.0 336.0 104.0 about
14100.0 15579.0 176.0 96.0 100
14312.0 15583.0 520.0 108.0 working
14876.0 15579.0 280.0 128.0 days
15272.0 15579.0 112.0 108.0 In
15488.0 15583.0 204.0 100.0 Chicago

12960.0 15744.0 276.0 92.0 cage
13288.0 15719.0 372.0 104.0 closed
13716.0 15719.0 184.0 104.0 the
13948.0 15719.0 220.0 104.0 last
14212.0 15723.0 224.0 124.0 day
14480.0 15723.0 120.0 100.0 of
14668.0 15723.0 592.0 128.0 February.
15396.0 15723.0 368.0 108.0 While

12971.0 15864.0 656.0 104.0 Cincinnati
13640.0 15940.0 24.0 36.0 ,
13719.0 15864.0 160.0 104.0 St.
13936.0 15864.0 344.0 104.0 Louis
14291.0 15944.0 20.0 36.0 ,
14372.0 15864.0 448.0 108.0 Kansas
14908.0 15868.0 260.0 120.0 City
15168.0 15944.0 28.0 44.0 ,
15292.0 15864.0 432.0 112.0 Omaha
15728.0 15944.0 28.0 44.0 ,

12960.0 16004.0 232.0 104.0 and
13240.0 16004.0 320.0 104.0 other
13596.0 16004.0 496.0 128.0 pacKlng
14135.0 16016.0 444.0 96.0 centers
14628.0 16008.0 404.0 108.0 turned
15132.0 16020.0 192.0 92.0 out
15371.0 16039.0 136.0 72.0 an
15608.0 16012.0 116.0 104.0 in-

12944.0 16147.0 456.0 100.0 creased
13504.0 16147.0 500.0 124.0 product
14124.0 16151.0 484.0 144.0 Chicago
14716.0 16180.0 200.0 76.0 ran
15016.0 16180.0 248.0 96.0 way
15308.0 16151.0 412.0 104.0 behind
15735.0 16227.0 28.0 44.0 ,

12948.0 16264.0 188.0 100.0 the
13220.0 16268.0 520.0 112.0 shoitage
13787.0 16295.0 120.0 72.0 as
13952.0 16268.0 452.0 100.0 airainst
14480.0 16268.0 224.0 104.0 last
14792.0 16295.0 400.0 76.0 seaton
15252.0 16272.0 340.0 116.0 being
15644.0 16275.0 120.0 96.0 in

12948.0 16380.0 364.0 100.0 round
13360.0 16400.0 528.0 84.0 numoers
13936.0 16388.0 400.0 116.0 700,000
14379.0 16388.0 312.0 108.0 hogs.
14824.0 16384.0 244.0 104.0 The
15132.0 16411.0 340.0 80.0 cause
15527.0 16411.0 236.0 76.0 was

12952.0 16500.0 192.0 96.0 the
13188.0 16508.0 308.0 104.0 great
13544.0 16500.0 360.0 100.0 strike
13948.0 16512.0 108.0 92.0 at
14108.0 16504.0 188.0 100.0 the
14360.0 16508.0 320.0 96.0 stock
14743.0 16508.0 340.0 112.0 yards
15127.0 16500.0 228.0 104.0 and
15416.0 16504.0 140.0 100.0 Us
15608.0 16504.0 112.0 100.0 in-

12952.0 16615.0 352.0 104.0 direct
13335.0 16615.0 228.0 100.0 and
13612.0 16615.0 360.0 100.0 direct
14020.0 16620.0 332.0 100.0 effect
14448.0 16644.0 296.0 92.0 upon
14800.0 16620.0 184.0 104.0 the
15032.0 16620.0 524.0 104.0 business
15640.0 16624.0 128.0 96.0 of

12952.0 16743.0 188.0 88.0 the
13220.0 16731.0 476.0 136.0 packers
13796.0 16731.0 228.0 100.0 and
14164.0 16735.0 188.0 100.0 the
14464.0 16735.0 488.0 112.0 Chicago
15059.0 16735.0 472.0 100.0 market.
15664.0 16739.0 104.0 96.0 A

12948.0 16847.0 428.0 100.0 careful
13420.0 16851.0 780.0 116.0 computation
14252.0 16847.0 120.0 100.0 of
14415.0 16851.0 192.0 100.0 the
14696.0 16851.0 476.0 100.0 number
15276.0 16855.0 120.0 96.0 of
15508.0 16876.0 216.0 76.0 mei
15728.0 16880.0 12.0 68.0 :

12956.0 16964.0 220.0 100.0 Idle
13224.0 16979.0 228.0 84.0 and
13504.0 16987.0 372.0 96.0 wages
13984.0 16968.0 220.0 100.0 lost
14300.0 16991.0 148.0 72.0 on
14524.0 16979.0 480.0 88.0 account
15048.0 16971.0 124.0 96.0 of
15220.0 16968.0 188.0 104.0 the
15456.0 16987.0 316.0 96.0 great

12956.0 17076.0 516.0 108.0 shortage
13579.0 17072.0 372.0 108.0 shows
14064.0 17080.0 244.0 100.0 that
14415.0 17084.0 84.0 100.0 it
14660.0 17107.0 392.0 76.0 means
15160.0 17111.0 68.0 72.0 a
15316.0 17084.0 228.0 104.0 loss
15652.0 17088.0 124.0 100.0 of

12952.0 17196.0 472.0 116.0 5700,000
13468.0 17204.0 116.0 92.0 at
13628.0 17196.0 284.0 100.0 least
14024.0 17196.0 112.0 100.0 In
14252.0 17220.0 376.0 76.0 wasres
14732.0 17196.0 228.0 104.0 and
15068.0 17200.0 240.0 100.0 that
15360.0 17223.0 148.0 76.0 no
15556.0 17200.0 216.0 100.0 less

12956.0 17311.0 268.0 100.0 than
13272.0 17367.0 24.0 32.0 .
13280.0 17315.0 24.0 40.0 "
13304.0 17315.0 248.0 112.0 5,000
13604.0 17340.0 244.0 72.0 men
13868.0 17384.0 24.0 44.0 ,
14008.0 17299.0 484.0 116.0 skilled"
14528.0 17315.0 224.0 100.0 and
14852.0 17315.0 568.0 100.0 unskilled
15436.0 17388.0 24.0 32.0 ,
15516.0 17315.0 256.0 100.0 who

12956.0 17452.0 288.0 76.0 were
13288.0 17423.0 580.0 124.0 employed
13920.0 17427.0 192.0 104.0 the
14220.0 17456.0 396.0 76.0 season
14732.0 17435.0 384.0 96.0 before
15120.0 17503.0 28.0 48.0 ,
15264.0 17431.0 344.0 104.0 failed
15660.0 17444.0 112.0 92.0 to

12952.0 17543.0 236.0 100.0 find
13240.0 17524.0 348.0 120.0 work.

13192.0 17759.0 276.0 92.0 The
13520.0 17764.0 1124.0 112.0 Appropriations
14704.0 17768.0 812.0 108.0 Aggregate.

13075.0 17892.0 880.0 108.0 WASHIXXJTOX
13960.0 17968.0 24.0 40.0 ,
14040.0 17896.0 384.0 104.0 March
14532.0 17900.0 84.0 100.0 S.
14752.0 17904.0 108.0 96.0 A
14948.0 17904.0 612.0 100.0 statement
15652.0 17904.0 124.0 100.0 of

12952.0 18040.0 192.0 100.0 the
13192.0 18040.0 504.0 116.0 footings
13744.0 18040.0 120.0 100.0 of
13908.0 18040.0 192.0 100.0 the
14164.0 18040.0 844.0 124.0 appropriation
15064.0 18040.0 252.0 104.0 bills
15368.0 18044.0 404.0 124.0 passed

12956.0 18187.0 116.0 96.0 at
13112.0 18179.0 188.0 100.0 the
13344.0 18179.0 212.0 104.0 last
13604.0 18179.0 428.0 104.0 session
14088.0 18183.0 124.0 96.0 of
14252.0 18208.0 532.0 96.0 congress
14831.0 18195.0 200.0 88.0 has
15080.0 18183.0 280.0 108.0 been
15484.0 18212.0 240.0 80.0 com-

12960.0 18327.0 364.0 120.0 pleted
13371.0 18319.0 144.0 120.0 by
13564.0 18323.0 188.0 100.0 the
13792.0 18323.0 368.0 104.0 clerks
14204.0 18323.0 124.0 100.0 of
14372.0 18323.0 188.0 100.0 the
14608.0 18332.0 396.0 96.0 senate
15111.0 18327.0 220.0 104.0 and
15428.0 18327.0 352.0 100.0 house

12952.0 18439.0 700.0 100.0 committees
13696.0 18464.0 144.0 76.0 on
13891.0 18443.0 916.0 120.0 appropriations
14896.0 18443.0 412.0 116.0 to-day.
15480.0 18443.0 100.0 104.0 It
15676.0 18447.0 96.0 100.0 Is

12956.0 18583.0 124.0 72.0 as
13127.0 18555.0 440.0 100.0 follows
13592.0 18583.0 32.0 76.0 :
13756.0 18559.0 760.0 108.0 Agricultural
14532.0 18631.0 24.0 44.0 ,
14675.0 18559.0 296.0 100.0 S1OJ
15036.0 18635.0 28.0 44.0 ,
15160.0 18567.0 32.0 84.0 !
15192.0 18567.0 64.0 88.0 0
15280.0 18588.0 32.0 92.0 ;
15423.0 18588.0 316.0 96.0 army
15744.0 18635.0 28.0 40.0 ,

12956.0 18672.0 632.0 116.0 Si1,7:4,71S
13252.0 18695.0 24.0 68.0 :
13276.0 18679.0 32.0 88.0 :
13612.0 18695.0 28.0 92.0 ;
13688.0 18672.0 656.0 120.0 diplomatic
14392.0 18672.0 224.0 104.0 and
14664.0 18683.0 532.0 92.0 consular
15195.0 18751.0 28.0 48.0 ,
15344.0 18668.0 436.0 124.0 SM-J'J-

12952.0 18792.0 140.0 92.0 94'
13096.0 18796.0 36.0 88.0 !
13156.0 18811.0 28.0 84.0 :
13240.0 18788.0 468.0 104.0 District
13752.0 18796.0 124.0 92.0 of
13920.0 18792.0 616.0 104.0 Columbia.
14592.0 18792.0 352.0 104.0 ti.'SA
14987.0 18800.0 176.0 88.0 MW
15184.0 18819.0 32.0 88.0 ;
15312.0 18788.0 412.0 108.0 Indian
15740.0 18868.0 28.0 48.0 ,

12960.0 18904.0 1360.0 112.0 S.VW.b'Jlegislative
13556.0 18928.0 28.0 92.0 ;
14327.0 18980.0 24.0 44.0 ,
14467.0 18908.0 632.0 116.0 S-'OJOl.SJl
15132.0 18932.0 32.0 92.0 ;
15280.0 18908.0 492.0 116.0 military

12960.0 19032.0 564.0 96.0 academv.
13579.0 19019.0 472.0 108.0 S4iyWM
14076.0 19048.0 28.0 88.0 ;
14160.0 19044.0 332.0 100.0 navy.
14535.0 19023.0 564.0 112.0 'J5,7M,10."i
15127.0 19048.0 24.0 92.0 ;
15188.0 19023.0 548.0 112.0 pensions
15744.0 19100.0 24.0 40.0 ,

12960.0 19120.0 636.0 128.0 S70,2.i'J'iOO
13620.0 19164.0 28.0 88.0 ;
13776.0 19139.0 568.0 108.0 postofflce
14348.0 19211.0 28.0 44.0 ,
14512.0 19135.0 632.0 116.0 S.'AG'JJ.G.'JO
15168.0 19164.0 28.0 80.0 :
15344.0 19139.0 432.0 120.0 sundry

12960.0 19248.0 1536.0 120.0 2,3'i,4yOMexIean
13576.0 19267.0 12.0 36.0 '
13932.0 19279.0 28.0 92.0 ;
14552.0 19255.0 544.0 120.0 pensions
15124.0 19251.0 620.0 120.0 deficiency
15744.0 19327.0 28.0 48.0 ,

12960.0 19372.0 352.0 112.0 Sfl.uOO
13352.0 19372.0 620.0 120.0 OOOipubllc
14020.0 19372.0 516.0 120.0 printing
14576.0 19372.0 1140.0 120.0 deticiency.S107.000
15740.0 19399.0 32.0 92.0 ;

12960.0 19476.0 860.0 112.0 miscellaneous
13984.0 19488.0 912.0 124.0 appropriations
15032.0 19492.0 36.0 112.0 (
15080.0 19488.0 588.0 104.0 estimated
15692.0 19492.0 32.0 116.0 )
15748.0 19564.0 28.0 44.0 ,

12964.0 19608.0 568.0 108.0 SU.WO.OOO
13556.0 19628.0 28.0 84.0 ;
13716.0 19600.0 276.0 104.0 total
14100.0 19604.0 128.0 100.0 of
14327.0 19604.0 368.0 100.0 actual
14824.0 19604.0 916.0 120.0 appropriations
15752.0 19684.0 20.0 40.0 ,

12964.0 19723.0 360.0 112.0 S247,3
13319.0 19740.0 24.0 36.0 >
13344.0 19755.0 28.0 60.0 >
13376.0 19719.0 304.0 120.0 7,144.
13812.0 19719.0 244.0 100.0 The
14104.0 19719.0 292.0 100.0 river
14436.0 19719.0 228.0 100.0 and
14716.0 19715.0 404.0 104.0 harbor
15163.0 19719.0 196.0 100.0 bill
15412.0 19723.0 364.0 100.0 which

12964.0 19860.0 232.0 76.0 was
13248.0 19847.0 196.0 88.0 not
13484.0 19835.0 408.0 104.0 slcned
13940.0 19835.0 788.0 140.0 appropriated
14840.0 19835.0 552.0 112.0 S'J,913WX
15392.0 19843.0 32.0 88.0 )
15428.0 19915.0 24.0 36.0 ,
15548.0 19839.0 232.0 104.0 aud

12964.0 19959.0 188.0 96.0 the
13196.0 19951.0 620.0 120.0 deficiency
13820.0 20023.0 28.0 48.0 ,
13904.0 19936.0 368.0 120.0 which
14316.0 19951.0 196.0 100.0 did
14568.0 19963.0 196.0 88.0 not
14812.0 19975.0 256.0 100.0 pass
15176.0 19955.0 428.0 100.0 thouch
15699.0 19955.0 84.0 100.0 it

12964.0 20095.0 228.0 72.0 was
13240.0 20068.0 400.0 112.0 agreed
13692.0 20091.0 292.0 100.0 upon
14044.0 20068.0 116.0 100.0 in
14272.0 20068.0 676.0 104.0 confeieuce
14956.0 20143.0 24.0 44.0 ,
15096.0 20060.0 432.0 116.0 carried
15631.0 20095.0 148.0 80.0 an

12960.0 20184.0 840.0 128.0 appropriuion
13852.0 20188.0 120.0 96.0 ot
14096.0 20188.0 524.0 112.0 4.'i75CrJ3.

12968.0 20428.0 824.0 96.0 Convention
13852.0 20423.0 672.0 100.0 ofSchool
14580.0 20423.0 1180.0 120.0 Superintendent

13096.0 20564.0 868.0 104.0 WASIIIXOTOX
13972.0 20636.0 24.0 44.0 ,
14096.0 20564.0 380.0 100.0 March
14568.0 20564.0 84.0 104.0 S.
14788.0 20564.0 244.0 104.0 The
15075.0 20568.0 700.0 104.0 convention

12964.0 20707.0 116.0 100.0 of
13168.0 20711.0 188.0 100.0 the
13444.0 20707.0 508.0 104.0 national
14004.0 20707.0 716.0 124.0 department
14792.0 20707.0 116.0 100.0 of
14980.0 20707.0 756.0 124.0 superintend-

12964.0 20876.0 276.0 80.0 ence
13292.0 20847.0 228.0 108.0 will
13572.0 20851.0 132.0 100.0 bo
13748.0 20847.0 256.0 108.0 held
14052.0 20855.0 108.0 96.0 at
14212.0 20843.0 188.0 108.0 the
14448.0 20847.0 548.0 108.0 National
15068.0 20872.0 508.0 84.0 museum
15628.0 20876.0 148.0 80.0 on

12968.0 20996.0 188.0 100.0 the
13220.0 20996.0 240.0 100.0 15th
13516.0 20996.0 228.0 100.0 lust
13752.0 21068.0 24.0 32.0 ,
13792.0 21064.0 24.0 44.0 ,
13875.0 20991.0 228.0 104.0 and
14152.0 20991.0 312.0 104.0 three
14508.0 20991.0 504.0 104.0 sessions
15064.0 20991.0 232.0 104.0 will
15352.0 20996.0 128.0 100.0 bo
15527.0 20996.0 256.0 104.0 held

12968.0 21163.0 148.0 76.0 on
13168.0 21136.0 188.0 100.0 the
13400.0 21136.0 236.0 104.0 15th
13648.0 21211.0 24.0 48.0 ,
13728.0 21136.0 236.0 100.0 10th
14012.0 21132.0 228.0 104.0 and
14296.0 21140.0 264.0 96.0 17th.
14691.0 21136.0 248.0 100.0 The
15023.0 21140.0 560.0 100.0 members
15667.0 21140.0 128.0 100.0 of

12968.0 21279.0 228.0 100.0 this
13283.0 21279.0 292.0 124.0 body
13664.0 21303.0 184.0 76.0 are
13896.0 21275.0 1012.0 116.0 superintendents
14952.0 21279.0 124.0 100.0 of
15168.0 21279.0 444.0 104.0 schools
15664.0 21299.0 124.0 80.0 in

12968.0 21396.0 152.0 104.0 all
13208.0 21407.0 304.0 96.0 parts
13596.0 21400.0 124.0 96.0 of
13808.0 21400.0 188.0 96.0 the
14064.0 21407.0 480.0 108.0 country
14612.0 21396.0 224.0 100.0 and
14919.0 21419.0 404.0 96.0 papers
15404.0 21400.0 128.0 96.0 of
15600.0 21396.0 148.0 104.0 im-

12971.0 21520.0 532.0 116.0 portance
13544.0 21512.0 232.0 100.0 will
13828.0 21512.0 132.0 100.0 be
14004.0 21516.0 596.0 124.0 presented
14656.0 21512.0 140.0 120.0 by
14852.0 21512.0 284.0 100.0 Fied
15192.0 21512.0 608.0 116.0 McCamp-

12976.0 21632.0 212.0 100.0 bell
13200.0 21704.0 24.0 44.0 ,
13316.0 21636.0 124.0 96.0 of
13504.0 21623.0 560.0 112.0 Oakland.
14171.0 21627.0 224.0 104.0 Cal.
14428.0 21655.0 32.0 72.0 :
14576.0 21627.0 192.0 104.0 Dr.
14860.0 21632.0 140.0 100.0 A.
15096.0 21627.0 108.0 104.0 J.
15308.0 21627.0 452.0 108.0 Ulckoff
15760.0 21704.0 28.0 48.0 ,

12980.0 21747.0 368.0 120.0 Leroy
13456.0 21743.0 132.0 108.0 D.
13708.0 21743.0 400.0 104.0 Brown
14128.0 21815.0 24.0 44.0 ,
14275.0 21735.0 608.0 112.0 Columbus
14892.0 21815.0 28.0 40.0 ,
15056.0 21747.0 124.0 100.0 O.
15215.0 21772.0 28.0 80.0 :
15396.0 21747.0 108.0 100.0 J.
15628.0 21747.0 164.0 104.0 W.

12984.0 21863.0 528.0 104.0 llcacolm
13524.0 21935.0 28.0 44.0 ,
13612.0 21859.0 788.0 116.0 Indianapolis
14424.0 21888.0 28.0 92.0 ;
14512.0 21859.0 340.0 104.0 Wren
14900.0 21859.0 420.0 104.0 Eiston
15340.0 21935.0 24.0 40.0 ,
15428.0 21863.0 360.0 100.0 Baton

12971.0 21979.0 396.0 104.0 Kouce
13371.0 22055.0 24.0 44.0 ,
13460.0 21979.0 184.0 100.0 La.
13664.0 22051.0 28.0 48.0 ,
13748.0 21979.0 224.0 100.0 and
14031.0 21979.0 924.0 108.0 Uepresentativo
15000.0 21979.0 636.0 116.0 McKinley.
15680.0 21983.0 128.0 96.0 of

12976.0 22099.0 324.0 100.0 Ohio.
13428.0 22096.0 244.0 100.0 The
13719.0 22096.0 432.0 104.0 officers
14200.0 22119.0 188.0 76.0 are
14476.0 22119.0 124.0 76.0 as
14691.0 22096.0 448.0 104.0 follows
15168.0 22123.0 28.0 76.0 :
15332.0 22099.0 460.0 100.0 Charles

12976.0 22212.0 108.0 108.0 S.
13148.0 22212.0 408.0 120.0 Young
13564.0 22284.0 24.0 48.0 ,
13636.0 22212.0 416.0 104.0 Carson
14152.0 22216.0 256.0 116.0 City
14415.0 22287.0 28.0 48.0 ,
14519.0 22212.0 280.0 104.0 Nov.
14815.0 22284.0 24.0 48.0 ,
14944.0 22212.0 572.0 124.0 president
15543.0 22239.0 32.0 92.0 ;
15647.0 22220.0 140.0 100.0 M.

12980.0 22336.0 116.0 100.0 0.
13184.0 22332.0 660.0 120.0 Dougherty
13848.0 22400.0 28.0 48.0 ,
13976.0 22328.0 392.0 104.0 Peorla
14372.0 22404.0 28.0 36.0 ,
14500.0 22328.0 188.0 108.0 111.
14708.0 22404.0 28.0 40.0 ,
14836.0 22328.0 240.0 104.0 vice
15168.0 22332.0 576.0 124.0 president
15771.0 22359.0 28.0 96.0 ;

12980.0 22447.0 460.0 100.0 Charles
13491.0 22447.0 116.0 104.0 C.
13667.0 22439.0 572.0 108.0 Davidson
14260.0 22520.0 24.0 40.0 ,
14340.0 22447.0 524.0 104.0 Alliance
14867.0 22524.0 28.0 36.0 ,
14948.0 22447.0 128.0 104.0 O.
15088.0 22520.0 28.0 36.0 ,
15176.0 22456.0 556.0 124.0 secretary
15764.0 22476.0 32.0 88.0 ;

12984.0 22563.0 820.0 104.0 W.B.Powell
13816.0 22635.0 32.0 36.0 ,
13936.0 22563.0 124.0 100.0 of
14144.0 22563.0 228.0 100.0 this
14415.0 22563.0 232.0 124.0 city
14652.0 22635.0 28.0 48.0 ,
14756.0 22567.0 584.0 104.0 chairman
15387.0 22571.0 124.0 96.0 ot
15608.0 22575.0 192.0 92.0 the

12980.0 22679.0 292.0 108.0 local
13319.0 22683.0 676.0 104.0 committee.

13292.0 22923.0 792.0 120.0 Reopening
14152.0 22947.0 76.0 68.0 a
14300.0 22923.0 764.0 120.0 Telephone.
15136.0 22927.0 364.0 96.0 Case.

13100.0 23059.0 880.0 108.0 WASHIXGTOX
13988.0 23131.0 24.0 48.0 ,
14064.0 23059.0 388.0 104.0 March
14500.0 23059.0 88.0 104.0 3.
14724.0 23059.0 140.0 104.0 In
14940.0 23059.0 196.0 104.0 the
15179.0 23055.0 184.0 108.0 old
15459.0 23059.0 300.0 104.0 inter-

12980.0 23207.0 448.0 104.0 ference
13527.0 23228.0 252.0 80.0 case
13888.0 23203.0 504.0 104.0 between
14500.0 23203.0 116.0 100.0 J.
14720.0 23199.0 28.0 40.0 '
14748.0 23259.0 20.0 48.0 ,
14772.0 23199.0 116.0 108.0 V.
14987.0 23203.0 600.0 108.0 McDonou
15676.0 23207.0 68.0 100.0 h
15752.0 23280.0 28.0 48.0 ,

12984.0 23348.0 388.0 104.0 Ellsha
13460.0 23352.0 300.0 116.0 Gray
13760.0 23420.0 32.0 48.0 ,
13884.0 23344.0 128.0 108.0 T.
14072.0 23352.0 136.0 100.0 A.
14280.0 23344.0 436.0 108.0 Edison
14812.0 23344.0 228.0 108.0 and
15127.0 23348.0 668.0 108.0 Alexander

12984.0 23491.0 492.0 104.0 Graham
13532.0 23488.0 236.0 104.0 Bell
13784.0 23563.0 24.0 44.0 ,
13864.0 23488.0 208.0 108.0 Mr.
14124.0 23488.0 756.0 116.0 McDonough
14964.0 23488.0 204.0 104.0 has
15220.0 23488.0 252.0 104.0 filed
15532.0 23488.0 272.0 108.0 with

12992.0 23635.0 192.0 104.0 the
13260.0 23627.0 860.0 108.0 commissioner
14204.0 23660.0 68.0 72.0 a
14360.0 23627.0 476.0 128.0 petition
14908.0 23627.0 420.0 108.0 asklnc
15400.0 23635.0 180.0 100.0 for
15644.0 23655.0 144.0 80.0 an

12996.0 23775.0 328.0 104.0 order
13348.0 23775.0 624.0 124.0 reopening
14004.0 23771.0 184.0 104.0 the
14220.0 23771.0 760.0 108.0 Interference
15008.0 23771.0 228.0 104.0 and
15280.0 23771.0 172.0 104.0 for
15488.0 23771.0 312.0 104.0 leaver

13000.0 23932.0 116.0 92.0 to
13192.0 23916.0 452.0 104.0 furnish
13740.0 23911.0 440.0 108.0 further
14264.0 23920.0 328.0 104.0 proof
14680.0 23935.0 116.0 80.0 in
14912.0 23916.0 392.0 112.0 regard
15412.0 23928.0 116.0 88.0 to
15615.0 23916.0 192.0 100.0 the

12996.0 24035.0 840.0 116.0 operativeness
13924.0 24035.0 124.0 96.0 of
14156.0 24031.0 176.0 100.0 his
14424.0 24031.0 632.0 124.0 telephone.
15208.0 24027.0 328.0 128.0 Upon
15652.0 24056.0 116.0 76.0 re-

12984.0 24151.0 448.0 112.0 ceiving
13512.0 24151.0 228.0 100.0 this
13823.0 24147.0 480.0 124.0 petition
14356.0 24172.0 140.0 76.0 an
14592.0 24147.0 332.0 112.0 order
14976.0 24172.0 236.0 76.0 was
15267.0 24151.0 320.0 100.0 made
15664.0 24155.0 144.0 112.0 by

12992.0 24271.0 188.0 100.0 the
13220.0 24263.0 856.0 108.0 commissioner
14116.0 24267.0 564.0 116.0 directing
14724.0 24267.0 248.0 96.0 that
15020.0 24263.0 148.0 104.0 all
15224.0 24267.0 420.0 140.0 parties
15696.0 24275.0 116.0 92.0 to

12987.0 24387.0 192.0 100.0 the
13283.0 24383.0 732.0 120.0 proceedlnzs
14124.0 24379.0 400.0 104.0 should
14636.0 24383.0 132.0 100.0 be
14867.0 24379.0 396.0 104.0 served
15360.0 24379.0 276.0 104.0 with
15748.0 24407.0 60.0 72.0 a

12996.0 24500.0 372.0 104.0 notlco
13412.0 24503.0 124.0 100.0 of
13620.0 24500.0 188.0 104.0 the
13872.0 24500.0 596.0 120.0 pendency
14512.0 24496.0 124.0 104.0 of
14724.0 24496.0 232.0 104.0 this
15023.0 24496.0 476.0 108.0 petition
15576.0 24515.0 236.0 80.0 and

12992.0 24624.0 240.0 100.0 that
13280.0 24620.0 188.0 100.0 tlm
13516.0 24616.0 268.0 108.0 final
13836.0 24616.0 472.0 112.0 hearing
14352.0 24616.0 228.0 100.0 and
14628.0 24616.0 684.0 120.0 disposition
15371.0 24612.0 440.0 104.0 thereof

12996.0 24735.0 372.0 100.0 would
13416.0 24735.0 132.0 100.0 bo
13596.0 24731.0 320.0 104.0 made
13964.0 24755.0 144.0 80.0 on
14152.0 24735.0 192.0 100.0 the
14392.0 24735.0 236.0 96.0 17th
14684.0 24731.0 264.0 100.0 lust
15088.0 24727.0 128.0 104.0 In
15276.0 24731.0 228.0 100.0 this
15556.0 24755.0 260.0 76.0 case

12996.0 24851.0 752.0 108.0 McDonough
13804.0 24872.0 228.0 80.0 was
14119.0 24843.0 520.0 104.0 awarded
14711.0 24843.0 468.0 124.0 priority
15220.0 24843.0 124.0 104.0 of
15420.0 24847.0 344.0 100.0 Inven
15748.0 24872.0 16.0 76.0 I-

12996.0 24983.0 236.0 88.0 tion
13348.0 24971.0 140.0 120.0 by
13592.0 24971.0 192.0 96.0 the
13904.0 24963.0 588.0 104.0 examiner
14600.0 24963.0 116.0 100.0 in
14828.0 24959.0 308.0 108.0 chief
15240.0 24959.0 120.0 104.0 of
15480.0 24963.0 340.0 104.0 Inter-

12996.0 25103.0 508.0 88.0 lerences
13508.0 25159.0 28.0 48.0 ,
13588.0 25091.0 112.0 96.0 to
13787.0 25079.0 188.0 104.0 the
14056.0 25079.0 648.0 124.0 telephonic
14752.0 25079.0 492.0 104.0 receiver
15247.0 25151.0 28.0 44.0 ,
15356.0 25079.0 192.0 100.0 but
15624.0 25079.0 188.0 100.0 the

12992.0 25199.0 500.0 108.0 decision
13584.0 25223.0 232.0 76.0 was
13904.0 25196.0 808.0 128.0 subsequently
14800.0 25196.0 520.0 104.0 reversed
15392.0 25196.0 144.0 120.0 by
15608.0 25199.0 188.0 100.0 the

13020.0 25316.0 888.0 108.0 commissioner.

13520.0 25555.0 336.0 104.0 Nina
13932.0 25555.0 416.0 100.0 A'lslts
14428.0 25559.0 272.0 92.0 Her
14772.0 25555.0 572.0 112.0 August.

13124.0 25704.0 572.0 100.0 CHIC.UJO
13704.0 25771.0 28.0 44.0 ,
13780.0 25692.0 384.0 112.0 March
14236.0 25696.0 88.0 100.0 S.
14519.0 25687.0 444.0 116.0 Special
15048.0 25687.0 592.0 120.0 Teleiram
15692.0 25692.0 120.0 100.0 to

12996.0 25847.0 192.0 104.0 the
13236.0 25843.0 292.0 100.0 BHE.
13548.0 25835.0 32.0 132.0 ]
13724.0 25835.0 312.0 108.0 Nina
14108.0 25831.0 256.0 112.0 Van
14420.0 25835.0 368.0 104.0 /Candt
14876.0 25859.0 228.0 76.0 was
15200.0 25831.0 604.0 124.0 permitted

13000.0 25995.0 112.0 100.0 to
13156.0 25987.0 320.0 104.0 enter
13516.0 25983.0 188.0 104.0 the
13748.0 25983.0 428.0 120.0 county
14275.0 25975.0 204.0 128.0 jail
14576.0 25987.0 380.0 112.0 to-diy
15059.0 25979.0 236.0 100.0 and
15384.0 25975.0 180.0 104.0 for
15608.0 25979.0 204.0 100.0 the

13000.0 26131.0 236.0 104.0 lirst
13280.0 26127.0 272.0 104.0 time
13596.0 26127.0 116.0 100.0 In
13764.0 26123.0 180.0 104.0 six
13992.0 26119.0 380.0 108.0 weeks
14420.0 26119.0 220.0 104.0 had
14680.0 26144.0 148.0 76.0 an
14876.0 26119.0 756.0 120.0 opportunity
15676.0 26131.0 124.0 88.0 to

12996.0 26295.0 536.0 84.0 converse
13579.0 26264.0 272.0 108.0 with
13900.0 26268.0 452.0 116.0 August
14460.0 26260.0 324.0 132.0 Spies
14795.0 26336.0 20.0 52.0 ,
14900.0 26260.0 192.0 108.0 the
15188.0 26260.0 580.0 108.0 anarchist
15784.0 26332.0 28.0 48.0 ,

13008.0 26427.0 112.0 96.0 to
13152.0 26415.0 364.0 104.0 whom
13568.0 26407.0 196.0 104.0 she
13808.0 26407.0 392.0 104.0 claims
14252.0 26411.0 112.0 96.0 to
14412.0 26403.0 132.0 104.0 ba
14596.0 26400.0 484.0 108.0 married
15172.0 26400.0 140.0 128.0 by
15407.0 26427.0 404.0 100.0 proxy.

13004.0 26559.0 228.0 104.0 She
13280.0 26580.0 228.0 80.0 was
13556.0 26555.0 192.0 100.0 not
13800.0 26547.0 600.0 128.0 permitted
14448.0 26563.0 116.0 88.0 to
14612.0 26571.0 140.0 92.0 go
14800.0 26543.0 444.0 124.0 beyond
15296.0 26543.0 188.0 108.0 the
15536.0 26571.0 280.0 80.0 cage

13008.0 26679.0 368.0 96.0 where
13423.0 26671.0 448.0 104.0 visitors
13972.0 26691.0 544.0 80.0 converse
14623.0 26667.0 484.0 104.0 thnnuh
15204.0 26687.0 64.0 76.0 a
15360.0 26663.0 460.0 104.0 netting

13008.0 26795.0 556.0 100.0 andbais.
13696.0 26787.0 224.0 100.0 She
13964.0 26783.0 228.0 112.0 and
14236.0 26787.0 452.0 116.0 August
14756.0 26787.0 324.0 96.0 stood
15179.0 26780.0 272.0 104.0 with
15536.0 26776.0 288.0 104.0 their

13008.0 26911.0 412.0 104.0 rtusers
13527.0 26904.0 392.0 100.0 locked
14008.0 26900.0 228.0 104.0 nnd
14343.0 26900.0 460.0 100.0 chatted
14876.0 26896.0 516.0 112.0 together
15448.0 26900.0 176.0 96.0 for
15676.0 26919.0 144.0 76.0 an

13012.0 27028.0 320.0 100.0 hour.
13456.0 27019.0 248.0 104.0 The
13744.0 27019.0 404.0 116.0 couple
14192.0 27015.0 556.0 120.0 appeared
14800.0 27019.0 112.0 100.0 to
14964.0 27011.0 132.0 104.0 be
15143.0 27035.0 272.0 100.0 very
15459.0 27011.0 364.0 124.0 happy

13012.0 27143.0 116.0 104.0 in
13172.0 27135.0 276.0 112.0 each
13491.0 27135.0 420.0 108.0 other's
13976.0 27152.0 456.0 104.0 society.

13740.0 27379.0 308.0 100.0 War
14119.0 27379.0 892.0 112.0 Preparation
15036.0 27399.0 52.0 68.0 *
15091.0 27443.0 28.0 28.0 .

13132.0 27523.0 160.0 104.0 St
13352.0 27523.0 880.0 108.0 PKTnr.siimo.
14327.0 27511.0 384.0 116.0 March
14800.0 27511.0 84.0 104.0 S.
15023.0 27507.0 244.0 108.0 The
15352.0 27532.0 420.0 96.0 govern-

13020.0 27679.0 312.0 96.0 ment
13376.0 27660.0 204.0 112.0 has
13644.0 27671.0 260.0 96.0 sent
13960.0 27687.0 68.0 84.0 a
14072.0 27667.0 352.0 100.0 secret
14472.0 27651.0 684.0 112.0 Instruction
15208.0 27660.0 116.0 100.0 to
15356.0 27651.0 148.0 104.0 all
15556.0 27675.0 220.0 96.0 gov-

13016.0 27815.0 524.0 100.0 ernment
13579.0 27803.0 468.0 124.0 railway
14112.0 27799.0 628.0 128.0 inspectors
14788.0 27823.0 148.0 76.0 on
14992.0 27795.0 192.0 104.0 the
15231.0 27792.0 440.0 128.0 subject
15716.0 27795.0 104.0 100.0 ol

13028.0 27927.0 768.0 108.0 mobilization
13852.0 27923.0 272.0 132.0 land
14176.0 27919.0 892.0 128.0 transportation
15120.0 27916.0 116.0 104.0 of
15312.0 27919.0 412.0 120.0 troops.

16015.0 2580.0 492.0 108.0 Fito.it
16580.0 2592.0 572.0 104.0 UIUA.M
17168.0 2608.0 40.0 84.0 >
17240.0 2600.0 232.0 100.0 UV
17556.0 2608.0 192.0 92.0 ro
17836.0 2608.0 760.0 112.0 iMi.vvnit.

15900.0 2792.0 196.0 96.0 An
16155.0 2792.0 720.0 108.0 American
16932.0 2804.0 352.0 100.0 TclU
17335.0 2812.0 156.0 88.0 of
17552.0 2812.0 224.0 96.0 the
17839.0 2808.0 896.0 112.0 Uarthiiuko
18316.0 2844.0 32.0 96.0 |

17023.0 2968.0 136.0 76.0 nt
17236.0 2948.0 356.0 104.0 Xlcp.

16008.0 3068.0 308.0 108.0 NEW
16376.0 3072.0 380.0 116.0 VOHK.
16815.0 3080.0 376.0 108.0 March
17288.0 3088.0 748.0 128.0 S.-Special
17543.0 3084.0 32.0 120.0 [
18128.0 3096.0 596.0 108.0 Telegram

15891.0 3216.0 116.0 100.0 to
16072.0 3216.0 188.0 104.0 the
16343.0 3216.0 356.0 132.0 BKK.J
16867.0 3220.0 212.0 108.0 The
17168.0 3228.0 580.0 112.0 Gascojue
17760.0 3308.0 24.0 44.0 ,
17836.0 3236.0 124.0 100.0 of
18124.0 3240.0 184.0 108.0 the
18424.0 3244.0 320.0 104.0 Com-

15891.0 3352.0 412.0 128.0 pasnlo
16408.0 3360.0 552.0 108.0 Genoralo
17059.0 3364.0 1008.0 140.0 Transatlautlque
18076.0 3456.0 28.0 48.0 ,
18255.0 3384.0 472.0 108.0 reached

15891.0 3496.0 200.0 108.0 her
16135.0 3504.0 240.0 112.0 pier
16415.0 3528.0 144.0 76.0 on
16620.0 3504.0 180.0 108.0 the
16847.0 3504.0 364.0 108.0 North
17264.0 3508.0 292.0 112.0 river
17647.0 3516.0 216.0 108.0 last
17947.0 3520.0 328.0 112.0 night
18363.0 3528.0 340.0 104.0 about

15884.0 3644.0 64.0 96.0 U
15988.0 3636.0 444.0 112.0 o'clock
16444.0 3716.0 28.0 40.0 ,
16528.0 3644.0 424.0 120.0 having
17000.0 3680.0 144.0 76.0 on
17204.0 3656.0 336.0 108.0 board
17592.0 3664.0 188.0 100.0 the
17820.0 3664.0 236.0 108.0 lirst
18088.0 3692.0 472.0 84.0 persons
18612.0 3680.0 112.0 96.0 to

15891.0 3780.0 324.0 108.0 reach
16327.0 3784.0 224.0 108.0 this
16656.0 3804.0 480.0 116.0 country
17251.0 3800.0 252.0 104.0 who
17612.0 3800.0 220.0 108.0 had
17888.0 3804.0 600.0 108.0 witnessed
18548.0 3812.0 184.0 108.0 the

15891.0 3924.0 452.0 108.0 terrible
16467.0 3936.0 940.0 124.0 earthquaketof
17495.0 3944.0 188.0 108.0 the
17800.0 3944.0 480.0 116.0 Klvlera.
18404.0 3952.0 324.0 128.0 They

15891.0 4092.0 288.0 84.0 were
16284.0 4072.0 460.0 112.0 CharkM
16824.0 4080.0 124.0 104.0 J.
17064.0 4080.0 380.0 112.0 Burke
17552.0 4088.0 232.0 108.0 and
17895.0 4096.0 220.0 104.0 Mr.
18171.0 4092.0 324.0 112.0 Tone
18503.0 4176.0 24.0 36.0 ,
18587.0 4104.0 124.0 96.0 of

15891.0 4208.0 636.0 128.0 Rochester.
16636.0 4220.0 156.0 108.0 N.
16908.0 4220.0 132.0 108.0 Y.
17172.0 4224.0 368.0 108.0 These
17660.0 4236.0 648.0 116.0 gentlemen
18444.0 4240.0 288.0 108.0 ha\e

15888.0 4352.0 280.0 112.0 been
16220.0 4360.0 552.0 120.0 ttavcllng
16820.0 4364.0 112.0 108.0 In
16992.0 4368.0 440.0 128.0 Europe
17504.0 4375.0 224.0 104.0 and
17823.0 4404.0 288.0 80.0 were
18200.0 4388.0 112.0 96.0 at
18408.0 4380.0 276.0 112.0 Nice

15888.0 4524.0 144.0 80.0 on
16140.0 4504.0 244.0 104.0 Ash
16499.0 4504.0 712.0 120.0 Wednesday
17360.0 4516.0 532.0 124.0 morning
17900.0 4596.0 24.0 44.0 ,
18044.0 4520.0 328.0 108.0 when
18488.0 4532.0 188.0 100.0 the

15884.0 4648.0 540.0 104.0 southern
16532.0 4660.0 304.0 96.0 coast
16940.0 4660.0 124.0 100.0 of
17176.0 4656.0 440.0 124.0 Europe
17724.0 4688.0 228.0 80.0 was
17999.0 4664.0 436.0 108.0 shaken
18492.0 4691.0 184.0 100.0 up.

15896.0 4788.0 312.0 104.0 "Tho
16248.0 4800.0 308.0 108.0 great
16600.0 4796.0 500.0 104.0 carnival
17147.0 4800.0 120.0 100.0 ot
17324.0 4800.0 276.0 112.0 Nice
17660.0 4804.0 216.0 104.0 had
17924.0 4808.0 236.0 124.0 Just
18200.0 4808.0 364.0 108.0 ended
18580.0 4883.0 24.0 40.0 ,
18620.0 4808.0 28.0 56.0 '
18688.0 4808.0 28.0 60.0 '

15888.0 4924.0 244.0 112.0 said
16180.0 4932.0 200.0 104.0 Mr.
16431.0 4932.0 320.0 112.0 Tone
16760.0 5012.0 24.0 44.0 ,
16840.0 4940.0 292.0 104.0 "and
17188.0 4944.0 188.0 104.0 the
17459.0 4944.0 216.0 108.0 last
17760.0 4948.0 220.0 124.0 day
18076.0 4960.0 212.0 92.0 had
18392.0 4952.0 280.0 108.0 been

15888.0 5096.0 220.0 80.0 one
16207.0 5076.0 368.0 104.0 round
16675.0 5080.0 120.0 104.0 of
16899.0 5088.0 688.0 104.0 continuous
17699.0 5088.0 492.0 128.0 hilarity.
18327.0 5092.0 372.0 112.0 There

15891.0 5240.0 292.0 80.0 were
16228.0 5216.0 568.0 112.0 hundreds
16844.0 5228.0 120.0 100.0 ot
17032.0 5228.0 460.0 108.0 masked
17576.0 5260.0 436.0 80.0 women
18072.0 5236.0 112.0 104.0 In
18243.0 5236.0 188.0 108.0 the
18488.0 5263.0 216.0 92.0 gav

15888.0 5368.0 484.0 116.0 pageant
16415.0 5368.0 120.0 96.0 of
16571.0 5368.0 184.0 104.0 the
16808.0 5364.0 340.0 108.0 battle
17192.0 5372.0 120.0 104.0 of
17403.0 5372.0 184.0 104.0 the
17699.0 5372.0 468.0 116.0 flow-jrs.
18220.0 5380.0 232.0 104.0 and
18555.0 5380.0 112.0 100.0 In

15891.0 5500.0 188.0 104.0 the
16112.0 5504.0 492.0 116.0 evening
16659.0 5504.0 40.0 108.0 1
16752.0 5504.0 216.0 112.0 had
17016.0 5515.0 536.0 100.0 attended
17608.0 5524.0 184.0 96.0 the
17916.0 5520.0 500.0 104.0 carnival
18467.0 5520.0 216.0 108.0 ball
18700.0 5596.0 24.0 40.0 ,

15891.0 5648.0 108.0 100.0 at
16040.0 5643.0 364.0 108.0 which
16447.0 5648.0 316.0 108.0 there
16867.0 5676.0 292.0 84.0 were
17267.0 5660.0 624.0 108.0 thousands
17999.0 5668.0 120.0 96.0 of
18232.0 5688.0 476.0 100.0 persons

15891.0 5816.0 192.0 96.0 pre
16148.0 5800.0 224.0 96.0 ent.
16512.0 5788.0 200.0 112.0 We
16776.0 5820.0 292.0 80.0 were
17176.0 5800.0 536.0 120.0 stopping
17816.0 5820.0 112.0 88.0 at
18040.0 5804.0 184.0 108.0 the
18340.0 5808.0 388.0 104.0 Grand

15891.0 5932.0 300.0 104.0 hotel
16296.0 5932.0 232.0 108.0 and
16639.0 5932.0 80.0 108.0 It
16851.0 5968.0 228.0 76.0 was
17188.0 5944.0 380.0 104.0 lather
17676.0 5948.0 308.0 120.0 early
18099.0 5948.0 328.0 104.0 when
18551.0 5976.0 168.0 76.0 we

15891.0 6080.0 184.0 116.0 got
16124.0 6072.0 324.0 108.0 home
16616.0 6080.0 48.0 100.0 1
16756.0 6108.0 228.0 80.0 was
17072.0 6092.0 188.0 96.0 too
17324.0 6087.0 440.0 104.0 excited
17820.0 6092.0 272.0 104.0 with
18144.0 6092.0 188.0 104.0 the
18384.0 6087.0 324.0 128.0 day's

15891.0 6224.0 408.0 112.0 gayety
16348.0 6236.0 112.0 84.0 to
16503.0 6220.0 308.0 128.0 sleep
16860.0 6224.0 228.0 104.0 aud
17195.0 6252.0 228.0 80.0 was
17536.0 6228.0 316.0 128.0 lying
17968.0 6228.0 336.0 108.0 down
18424.0 6240.0 312.0 100.0 read-

15896.0 6356.0 196.0 104.0 inc
16256.0 6388.0 64.0 76.0 a
16483.0 6360.0 320.0 108.0 book.
16944.0 6364.0 108.0 100.0 It
17220.0 6396.0 236.0 76.0 was
17624.0 6376.0 332.0 104.0 about
18124.0 6380.0 56.0 96.0 S
18304.0 6403.0 68.0 76.0 o
18415.0 6380.0 312.0 108.0 clock

15904.0 6500.0 324.0 104.0 when
16368.0 6504.0 184.0 104.0 t'.ie
16684.0 6508.0 692.0 124.0 earthquake
17500.0 6512.0 356.0 120.0 began
17984.0 6520.0 228.0 104.0 and
18343.0 6520.0 44.0 100.0 I
18519.0 6548.0 208.0 76.0 can

15904.0 6668.0 344.0 76.0 never
16431.0 6644.0 308.0 108.0 learn
16935.0 6664.0 112.0 88.0 to
17228.0 6680.0 456.0 92.0 express
17888.0 6680.0 184.0 100.0 my
18268.0 6659.0 460.0 120.0 feeling.

15904.0 6760.0 104.0 104.0 It
16064.0 6783.0 228.0 76.0 was
16343.0 6760.0 188.0 104.0 the
16580.0 6772.0 568.0 100.0 strancest
17199.0 6772.0 332.0 108.0 thing
17628.0 6772.0 40.0 100.0 1
17784.0 6800.0 268.0 76.0 ever
18155.0 6772.0 336.0 104.0 knew
18496.0 6847.0 24.0 36.0 ,
18587.0 6776.0 104.0 100.0 al-

15904.0 6876.0 424.0 108.0 though
16444.0 6880.0 44.0 100.0 1
16604.0 6880.0 216.0 104.0 had
16912.0 6884.0 272.0 104.0 been
17312.0 6888.0 484.0 104.0 throtuh
17968.0 6916.0 224.0 76.0 one
18320.0 6900.0 376.0 96.0 before
18704.0 6968.0 24.0 44.0 ,

15904.0 6996.0 116.0 96.0 In
16072.0 6996.0 668.0 104.0 Californh.
16883.0 6996.0 36.0 104.0 I
16984.0 7004.0 336.0 100.0 knew
17371.0 7008.0 84.0 96.0 It
17500.0 7028.0 224.0 76.0 was
17792.0 7028.0 148.0 80.0 an
18031.0 7008.0 700.0 124.0 earthquake

15904.0 7120.0 116.0 92.0 at
16067.0 7136.0 284.0 76.0 once
16356.0 7188.0 24.0 40.0 ,
16436.0 7116.0 228.0 100.0 and
16711.0 7116.0 468.0 124.0 jumped
17296.0 7144.0 152.0 92.0 up
17547.0 7120.0 228.0 104.0 and
17891.0 7124.0 320.0 100.0 made
18307.0 7128.0 172.0 100.0 for
18548.0 7132.0 188.0 96.0 the

15908.0 7227.0 280.0 100.0 door
16232.0 7244.0 116.0 84.0 to
16392.0 7260.0 140.0 80.0 go
16584.0 7240.0 108.0 96.0 to
16740.0 7232.0 520.0 104.0 Barker's
17348.0 7264.0 304.0 76.0 loom
17667.0 7312.0 24.0 44.0 ,
17796.0 7240.0 360.0 104.0 which
18212.0 7268.0 228.0 76.0 was
18483.0 7236.0 232.0 128.0 juit

15908.0 7372.0 368.0 72.0 across
16327.0 7351.0 188.0 96.0 the
16568.0 7348.0 220.0 104.0 hall
16847.0 7364.0 284.0 88.0 Horn
17192.0 7360.0 300.0 96.0 mine
17504.0 7428.0 24.0 40.0 ,
17624.0 7355.0 192.0 100.0 but
17968.0 7355.0 516.0 104.0 omehow
18544.0 7360.0 192.0 104.0 the

15911.0 7460.0 568.0 104.0 furniture
16532.0 7476.0 300.0 96.0 went
16883.0 7468.0 352.0 124.0 flying
17283.0 7472.0 336.0 100.0 about
17676.0 7504.0 124.0 68.0 as
17852.0 7476.0 428.0 104.0 though
18336.0 7460.0 392.0 140.0 placed

15911.0 7580.0 180.0 100.0 lee
16099.0 7624.0 44.0 52.0 >
16228.0 7580.0 108.0 120.0 ly
16388.0 7603.0 112.0 76.0 in
16564.0 7592.0 184.0 96.0 the
16792.0 7588.0 324.0 100.0 cabin
17192.0 7592.0 124.0 92.0 of
17403.0 7616.0 64.0 72.0 a
17543.0 7600.0 492.0 96.0 steamer
18140.0 7600.0 416.0 104.0 during
18668.0 7624.0 64.0 72.0 a

15911.0 7696.0 356.0 116.0 heavy
16316.0 7700.0 252.0 104.0 gale
16576.0 7772.0 24.0 40.0 ,
16656.0 7700.0 224.0 104.0 and
16955.0 7708.0 180.0 96.0 for
17220.0 7731.0 64.0 72.0 a
17392.0 7708.0 284.0 100.0 time
17787.0 7708.0 48.0 100.0 1
17940.0 7728.0 228.0 80.0 was
18264.0 7712.0 468.0 120.0 rushing

15911.0 7812.0 332.0 100.0 about
16296.0 7820.0 184.0 96.0 the
16564.0 7840.0 304.0 80.0 room
16980.0 7816.0 384.0 124.0 trying
17475.0 7832.0 120.0 88.0 to
17699.0 7824.0 316.0 104.0 catch
18132.0 7852.0 180.0 92.0 my
18428.0 7824.0 296.0 104.0 hold.

15920.0 7923.0 448.0 120.0 Finally
16428.0 7940.0 32.0 88.0 1
16519.0 7940.0 188.0 108.0 got
16756.0 7940.0 188.0 92.0 out
17000.0 7936.0 116.0 100.0 In
17172.0 7940.0 188.0 96.0 the
17407.0 7936.0 220.0 100.0 hall
17680.0 7940.0 224.0 100.0 and
17999.0 7956.0 304.0 88.0 went
18352.0 7968.0 376.0 76.0 across

15916.0 8051.0 112.0 88.0 to
16076.0 8064.0 184.0 124.0 my
16308.0 8044.0 472.0 112.0 friend's
16831.0 8076.0 308.0 76.0 loom
17156.0 8124.0 24.0 40.0 ,
17236.0 8056.0 192.0 96.0 but
17475.0 8064.0 188.0 92.0 the
17708.0 8056.0 276.0 100.0 door
18036.0 8084.0 224.0 76.0 was
18327.0 8060.0 396.0 104.0 locked

15916.0 8160.0 228.0 100.0 and
16204.0 8168.0 40.0 88.0 1
16300.0 8160.0 348.0 104.0 called
16700.0 8184.0 108.0 80.0 to
16860.0 8175.0 224.0 92.0 him
17140.0 8179.0 116.0 88.0 to
17299.0 8196.0 312.0 72.0 come
17656.0 8184.0 228.0 88.0 out
18012.0 8172.0 264.0 104.0 Just
18343.0 8175.0 264.0 104.0 then
18668.0 8204.0 64.0 72.0 a

15920.0 8299.0 384.0 92.0 young
16356.0 8276.0 252.0 120.0 lady
16664.0 8280.0 400.0 104.0 rushed
17111.0 8307.0 144.0 116.0 up
17299.0 8296.0 112.0 88.0 to
17464.0 8312.0 172.0 76.0 IUP
17688.0 8292.0 264.0 96.0 with
18012.0 8296.0 188.0 96.0 but
18248.0 8316.0 64.0 72.0 a
18360.0 8292.0 368.0 104.0 sinulo

15920.0 8404.0 512.0 104.0 garment
16480.0 8420.0 184.0 80.0 on.
16720.0 8396.0 424.0 108.0 having
17195.0 8412.0 108.0 88.0 in
17403.0 8400.0 196.0 100.0 her
17644.0 8400.0 300.0 104.0 hand
17995.0 8427.0 64.0 76.0 a
18108.0 8408.0 304.0 120.0 large
18460.0 8408.0 248.0 100.0 bird

15920.0 8532.0 268.0 76.0 cace
16236.0 8512.0 540.0 120.0 carefully
16840.0 8516.0 464.0 100.0 covered
17376.0 8516.0 272.0 100.0 with
17755.0 8548.0 64.0 72.0 a
17932.0 8516.0 400.0 108.0 shawl.
18480.0 8528.0 200.0 96.0 'Oh
18700.0 8596.0 24.0 40.0 ,

15920.0 8623.0 160.0 100.0 sir
16103.0 8648.0 28.0 92.0 ;
16184.0 8636.0 292.0 88.0 what
16528.0 8623.0 288.0 104.0 snail
16860.0 8632.0 52.0 96.0 1
16960.0 8628.0 488.0 104.0 do'.1'she
17500.0 8632.0 240.0 104.0 said
17828.0 8644.0 116.0 88.0 to
18031.0 8660.0 176.0 80.0 me
18216.0 8712.0 24.0 36.0 ,
18327.0 8640.0 228.0 100.0 and
18664.0 8640.0 48.0 100.0 I

15920.0 8743.0 592.0 116.0 suggested
16564.0 8747.0 200.0 100.0 she
16808.0 8743.0 396.0 104.0 should
17256.0 8776.0 136.0 84.0 go
17439.0 8751.0 224.0 100.0 and
17708.0 8760.0 196.0 112.0 put
17956.0 8780.0 308.0 76.0 some
18307.0 8756.0 428.0 100.0 clothes

15924.0 8879.0 140.0 76.0 on
16080.0 8928.0 24.0 40.0 ,
16164.0 8860.0 192.0 100.0 but
16400.0 8860.0 200.0 100.0 she
16644.0 8860.0 360.0 104.0 didn't
17016.0 8935.0 24.0 40.0 ,
17143.0 8868.0 180.0 96.0 for
17416.0 8864.0 240.0 120.0 just
17724.0 8868.0 264.0 100.0 then
18083.0 8871.0 188.0 96.0 the
18320.0 8871.0 416.0 104.0 second

15920.0 8972.0 348.0 104.0 shock
16316.0 8999.0 308.0 76.0 came
16632.0 9052.0 24.0 28.0 ,
16708.0 8980.0 224.0 100.0 and
17023.0 8976.0 200.0 104.0 she
17316.0 8980.0 324.0 100.0 made
17703.0 9012.0 64.0 72.0 a
17872.0 8988.0 268.0 96.0 rush
18252.0 8988.0 180.0 100.0 for
18539.0 8988.0 188.0 100.0 the

15924.0 9096.0 336.0 96.0 street
16291.0 9092.0 224.0 100.0 and
16560.0 9092.0 608.0 108.0 Hollowed
17212.0 9096.0 236.0 100.0 her.
17508.0 9096.0 240.0 104.0 The
17780.0 9096.0 288.0 108.0 halls
18103.0 9123.0 288.0 80.0 wore
18428.0 9100.0 300.0 104.0 filled

15924.0 9204.0 272.0 100.0 with
16248.0 9232.0 428.0 80.0 women
16696.0 9284.0 20.0 44.0 ,
16776.0 9236.0 252.0 76.0 men
17080.0 9224.0 224.0 92.0 and
17351.0 9216.0 496.0 100.0 children
17864.0 9288.0 28.0 40.0 ,
17947.0 9220.0 188.0 100.0 the
18184.0 9216.0 536.0 124.0 majority

15924.0 9323.0 120.0 96.0 of
16160.0 9319.0 364.0 104.0 whom
16612.0 9323.0 192.0 108.0 did
16892.0 9336.0 196.0 92.0 not
17179.0 9332.0 260.0 100.0 wait
17511.0 9344.0 112.0 88.0 to
17672.0 9344.0 196.0 104.0 put
17916.0 9352.0 144.0 80.0 on
18116.0 9356.0 232.0 100.0 any
18412.0 9340.0 316.0 96.0 extra

15920.0 9436.0 420.0 104.0 clothln
16363.0 9468.0 60.0 72.0 ?
16431.0 9511.0 24.0 40.0 ,
16516.0 9447.0 188.0 92.0 but
16752.0 9468.0 196.0 76.0 ran
17003.0 9447.0 180.0 96.0 for
17231.0 9443.0 184.0 100.0 the
17464.0 9447.0 372.0 108.0 public
17924.0 9472.0 404.0 100.0 square
18412.0 9460.0 108.0 88.0 to
18587.0 9452.0 132.0 100.0 bo

15932.0 9564.0 192.0 88.0 out
16171.0 9556.0 120.0 96.0 of
16336.0 9580.0 352.0 80.0 rauco
16727.0 9564.0 108.0 92.0 ot
16896.0 9584.0 224.0 96.0 any
17172.0 9560.0 404.0 120.0 falling
17620.0 9560.0 600.0 120.0 buildings.
18356.0 9560.0 100.0 104.0 It
18512.0 9592.0 160.0 72.0 wa
18688.0 9592.0 52.0 56.0 <

15924.0 9672.0 188.0 96.0 the
16155.0 9684.0 288.0 88.0 most
16496.0 9672.0 444.0 104.0 teirible
16944.0 9748.0 24.0 44.0 ,
17028.0 9688.0 292.0 88.0 most
17412.0 9676.0 808.0 108.0 fear-instllllni
18220.0 9703.0 44.0 76.0 :
18311.0 9684.0 300.0 116.0 sight
18675.0 9680.0 44.0 100.0 I

15924.0 9812.0 260.0 76.0 ever
16264.0 9792.0 648.0 100.0 witnessed.
17048.0 9792.0 580.0 112.0 Although
17699.0 9819.0 252.0 76.0 men
18056.0 9796.0 280.0 100.0 tried
18352.0 9868.0 24.0 40.0 ,
18431.0 9823.0 280.0 76.0 even

15927.0 9900.0 112.0 100.0 In
16096.0 9904.0 292.0 100.0 their
16431.0 9904.0 448.0 104.0 intense
16919.0 9908.0 676.0 104.0 excitement
17608.0 9984.0 24.0 36.0 ,
17688.0 9928.0 116.0 84.0 to
17852.0 9920.0 316.0 92.0 show
18212.0 9940.0 308.0 76.0 some
18571.0 9940.0 112.0 76.0 rest
18691.0 9964.0 36.0 24.0 -

15924.0 10044.0 92.0 72.0 st
16024.0 10048.0 32.0 64.0 >
16056.0 10028.0 172.0 96.0 ect
16316.0 10032.0 116.0 88.0 to
16519.0 10028.0 184.0 100.0 the
16795.0 10048.0 428.0 76.0 women
17319.0 10036.0 224.0 92.0 and
17624.0 10028.0 500.0 100.0 children
18144.0 10100.0 24.0 40.0 ,
18223.0 10032.0 80.0 100.0 It
18356.0 10056.0 232.0 72.0 was
18652.0 10060.0 68.0 72.0 a

15924.0 10143.0 272.0 92.0 time
16239.0 10139.0 328.0 96.0 when
16620.0 10139.0 632.0 120.0 everybody
17296.0 10139.0 408.0 104.0 looked
17751.0 10156.0 192.0 88.0 out
17999.0 10147.0 176.0 100.0 for
18220.0 10147.0 468.0 100.0 himself
18688.0 10220.0 28.0 44.0 ,

15924.0 10252.0 180.0 100.0 for
16184.0 10252.0 84.0 100.0 It
16356.0 10276.0 232.0 76.0 was
16668.0 10267.0 532.0 108.0 expected
17288.0 10284.0 336.0 96.0 every
17672.0 10276.0 500.0 88.0 moment
18243.0 10263.0 240.0 100.0 that
18535.0 10271.0 188.0 92.0 the

15924.0 10376.0 340.0 92.0 liouso
16311.0 10372.0 372.0 100.0 would
16763.0 10372.0 196.0 100.0 fall
17007.0 10376.0 372.0 100.0 down.
17520.0 10376.0 48.0 100.0 1
17615.0 10376.0 288.0 104.0 shall
17972.0 10399.0 344.0 80.0 never
18363.0 10384.0 364.0 112.0 forget

15924.0 10488.0 80.0 92.0 It
16012.0 10556.0 28.0 36.0 ,
16096.0 10496.0 224.0 92.0 and
16384.0 10492.0 32.0 92.0 1
16472.0 10484.0 316.0 108.0 don't
16836.0 10515.0 252.0 72.0 care
17152.0 10488.0 92.0 100.0 if
17335.0 10492.0 44.0 100.0 1
17480.0 10519.0 340.0 76.0 never
17927.0 10523.0 44.0 52.0 <
17988.0 10515.0 120.0 80.0 eo
18180.0 10496.0 80.0 100.0 It
18336.0 10496.0 372.0 104.0 aL-ain.

15924.0 10600.0 628.0 108.0 Following
16636.0 10628.0 124.0 76.0 as
16847.0 10608.0 84.0 96.0 it
17016.0 10604.0 192.0 104.0 did
17260.0 10608.0 184.0 100.0 the
17488.0 10612.0 496.0 100.0 carnival
17995.0 10680.0 28.0 44.0 ,
18083.0 10612.0 84.0 100.0 it
18236.0 10612.0 224.0 104.0 had
18528.0 10620.0 196.0 96.0 the

15920.0 10724.0 560.0 112.0 strongest
16528.0 10720.0 320.0 104.0 effect
16896.0 10748.0 140.0 72.0 on
17136.0 10724.0 188.0 100.0 the
17371.0 10728.0 860.0 100.0 merry-makers
18275.0 10732.0 120.0 96.0 of
18483.0 10752.0 196.0 96.0 yes

15920.0 10839.0 432.0 108.0 terday.
16483.0 10835.0 180.0 100.0 All
16720.0 10839.0 120.0 96.0 of
16928.0 10839.0 184.0 96.0 thn
17195.0 10839.0 280.0 120.0 jests
17543.0 10848.0 220.0 92.0 and
17816.0 10843.0 568.0 100.0 carousals
18436.0 10868.0 292.0 80.0 were

15924.0 10952.0 560.0 112.0 forgotten
16508.0 11023.0 20.0 44.0 ,
16636.0 10952.0 224.0 104.0 and
16964.0 10952.0 144.0 100.0 all
17124.0 11023.0 24.0 52.0 ,
17240.0 10980.0 124.0 76.0 or
17468.0 10956.0 396.0 120.0 nearly
17947.0 10959.0 144.0 104.0 all
18108.0 11031.0 24.0 44.0 ,
18228.0 10959.0 288.0 104.0 tried
18620.0 10971.0 112.0 88.0 to

15927.0 11087.0 304.0 96.0 pray.
16248.0 11064.0 68.0 52.0 "

16743.0 11283.0 432.0 96.0 Lahor
17247.0 11287.0 572.0 96.0 Trouble
17832.0 11316.0 56.0 56.0 *
17895.0 11356.0 24.0 28.0 .

16036.0 11415.0 820.0 108.0 MiMVAfKr.r.
16867.0 11492.0 24.0 44.0 ,
16951.0 11420.0 376.0 104.0 March
17380.0 11424.0 80.0 100.0 &
17595.0 11424.0 244.0 104.0 The
17920.0 11428.0 196.0 120.0 job
18203.0 11428.0 492.0 124.0 printers
18704.0 11504.0 24.0 40.0 ,

15924.0 11556.0 252.0 104.0 who
16228.0 11560.0 112.0 100.0 In
16395.0 11564.0 748.0 120.0 conjunction
17199.0 11564.0 272.0 104.0 with
17524.0 11564.0 188.0 104.0 the
17760.0 11591.0 668.0 100.0 newspaper
18472.0 11595.0 260.0 76.0 men

15924.0 11708.0 380.0 96.0 struck
16356.0 11731.0 60.0 72.0 a
16467.0 11704.0 316.0 104.0 week
16828.0 11731.0 212.0 76.0 nsn
17088.0 11708.0 380.0 120.0 to-day
17472.0 11780.0 32.0 44.0 ,
17563.0 11712.0 532.0 100.0 returned
18212.0 11731.0 112.0 80.0 to
18424.0 11716.0 316.0 96.0 work

15924.0 11843.0 228.0 104.0 this
16200.0 11847.0 536.0 116.0 morning
16779.0 11859.0 116.0 92.0 at
16944.0 11847.0 188.0 100.0 the
17215.0 11847.0 184.0 104.0 old
17511.0 11851.0 332.0 104.0 scale.
18031.0 11851.0 244.0 100.0 The
18388.0 11876.0 312.0 80.0 news-

15924.0 12016.0 344.0 96.0 paper
16311.0 11992.0 492.0 108.0 printers
16851.0 12016.0 184.0 76.0 are
17080.0 11992.0 228.0 100.0 still
17355.0 12000.0 192.0 96.0 out
17563.0 12068.0 24.0 36.0 ,
17644.0 11992.0 224.0 104.0 and
17924.0 11996.0 80.0 104.0 It
18064.0 11992.0 92.0 104.0 Is
18203.0 11996.0 504.0 104.0 believed

15927.0 12128.0 184.0 104.0 the
16155.0 12128.0 356.0 104.0 strike
16568.0 12132.0 224.0 104.0 will
16844.0 12136.0 132.0 100.0 be
17084.0 12132.0 468.0 108.0 decided
17660.0 12140.0 160.0 96.0 off
17884.0 12136.0 380.0 124.0 to-day
18372.0 12163.0 124.0 76.0 or
18564.0 12148.0 136.0 92.0 to

15927.0 12308.0 508.0 76.0 morrow.

16047.0 12400.0 744.0 112.0 PiTrsiit'Kfi.
16851.0 12404.0 180.0 100.0 Pa.
17052.0 12479.0 24.0 44.0 ,
17136.0 12404.0 376.0 100.0 March
17624.0 12408.0 56.0 68.0 "
17683.0 12479.0 24.0 28.0 .
17839.0 12404.0 244.0 108.0 The
18191.0 12404.0 540.0 104.0 situation

15924.0 12516.0 340.0 116.0 along
16348.0 12520.0 188.0 100.0 the
16632.0 12520.0 568.0 116.0 1'ittsburt'
17280.0 12520.0 492.0 108.0 division
17872.0 12528.0 120.0 96.0 of
18103.0 12528.0 184.0 96.0 the
18399.0 12524.0 292.0 100.0 Balti-

15940.0 12660.0 300.0 76.0 more
16288.0 12632.0 100.0 100.0 it
16436.0 12636.0 288.0 100.0 Ohio
16772.0 12640.0 480.0 100.0 railroad
17340.0 12652.0 376.0 108.0 to-day
17807.0 12644.0 96.0 96.0 is
18012.0 12644.0 716.0 104.0 unchanged.

15927.0 12747.0 176.0 104.0 No
16151.0 12756.0 468.0 116.0 attempt
16672.0 12752.0 200.0 100.0 has
16919.0 12756.0 272.0 100.0 been
17251.0 12756.0 320.0 100.0 made
17660.0 12772.0 116.0 84.0 to
17868.0 12780.0 324.0 80.0 move
18307.0 12760.0 420.0 104.0 freight

15927.0 12863.0 220.0 104.0 and
16196.0 12867.0 148.0 100.0 all
16395.0 12867.0 440.0 104.0 sldincs
16883.0 12867.0 504.0 104.0 between
17480.0 12871.0 256.0 104.0 here
17807.0 12871.0 224.0 104.0 and
18151.0 12871.0 584.0 104.0 Councils-

15927.0 12983.0 260.0 100.0 vllle
16232.0 13008.0 188.0 76.0 are
16472.0 12980.0 604.0 108.0 blockaded
17124.0 12987.0 268.0 100.0 with
17468.0 13016.0 276.0 76.0 cars.
17920.0 12987.0 240.0 104.0 The
18268.0 13016.0 408.0 92.0 passen-

15924.0 13127.0 192.0 76.0 ger
16164.0 13100.0 596.0 108.0 brakemen
16812.0 13111.0 388.0 112.0 expect
17251.0 13115.0 112.0 88.0 to
17416.0 13104.0 128.0 104.0 be
17588.0 13104.0 356.0 104.0 called
18020.0 13115.0 192.0 92.0 out
18300.0 13119.0 116.0 88.0 at
18503.0 13132.0 228.0 120.0 any

15927.0 13220.0 296.0 100.0 time.
16360.0 13220.0 268.0 100.0 Coal
16720.0 13224.0 364.0 96.0 mines
17168.0 13220.0 344.0 116.0 along
17604.0 13224.0 184.0 100.0 the
17908.0 13224.0 612.0 100.0 Baltimore
18636.0 13236.0 68.0 88.0 A
18704.0 13255.0 28.0 68.0 :

15927.0 13336.0 284.0 96.0 Ohio
16259.0 13332.0 264.0 100.0 road
16571.0 13336.0 284.0 104.0 have
16899.0 13340.0 284.0 100.0 benn
17231.0 13336.0 620.0 120.0 compelled
17908.0 13348.0 112.0 92.0 to
18072.0 13340.0 260.0 100.0 shut
18376.0 13340.0 336.0 104.0 down

15927.0 13448.0 180.0 100.0 for
16151.0 13468.0 308.0 84.0 want
16503.0 13456.0 124.0 96.0 of
16664.0 13472.0 248.0 80.0 cars
16919.0 13528.0 20.0 40.0 ,
16992.0 13452.0 228.0 100.0 and
17312.0 13460.0 568.0 100.0 one-sixth
17968.0 13460.0 124.0 100.0 of
18164.0 13456.0 192.0 100.0 the
18460.0 13460.0 276.0 96.0 coke

15927.0 13567.0 624.0 100.0 controlled
16604.0 13571.0 140.0 116.0 by
16788.0 13567.0 188.0 100.0 the
17068.0 13571.0 588.0 120.0 syndicate
17744.0 13571.0 240.0 100.0 also
18092.0 13576.0 644.0 112.0 suspended

15932.0 13683.0 648.0 136.0 operations
16864.0 13687.0 180.0 96.0 for
17312.0 13687.0 188.0 100.0 the
17724.0 13708.0 308.0 84.0 same
18295.0 13712.0 436.0 80.0 icason.

15932.0 13780.0 240.0 116.0 The
16236.0 13800.0 464.0 100.0 strikers
16808.0 13823.0 188.0 76.0 ore
17100.0 13800.0 616.0 112.0 peaceable.
17843.0 13800.0 280.0 104.0 This
18207.0 13807.0 536.0 112.0 morning

15940.0 13916.0 188.0 96.0 the
16171.0 13912.0 544.0 112.0 vardmpn
16808.0 13935.0 144.0 76.0 on
17064.0 13916.0 196.0 104.0 the
17360.0 13916.0 432.0 100.0 Toledo
17836.0 13916.0 496.0 104.0 division
18384.0 13924.0 124.0 96.0 of
18551.0 13920.0 192.0 100.0 the

15936.0 14024.0 856.0 124.0 Pennsylvania
16836.0 14032.0 656.0 124.0 company's
17560.0 14040.0 428.0 108.0 system
18036.0 14032.0 468.0 108.0 notified
18555.0 14036.0 192.0 100.0 the

15936.0 14143.0 460.0 100.0 oflicials
16444.0 14143.0 116.0 100.0 In
16612.0 14143.0 228.0 104.0 this
16883.0 14156.0 228.0 108.0 city
17156.0 14148.0 268.0 120.0 they
17495.0 14152.0 368.0 96.0 would
17908.0 14148.0 360.0 104.0 strike
18320.0 14152.0 96.0 100.0 If
18467.0 14148.0 272.0 116.0 they

15940.0 14284.0 292.0 76.0 were
16280.0 14267.0 200.0 92.0 not
16524.0 14259.0 772.0 120.0 Immediately
17380.0 14263.0 472.0 104.0 granted
17920.0 14288.0 68.0 76.0 a
18092.0 14267.0 324.0 96.0 small
18535.0 14267.0 136.0 100.0 advance

16336.0 14375.0 108.0 96.0 In
16716.0 14404.0 28.0 32.0 -
16876.0 14447.0 28.0 28.0 .
17032.0 14375.0 244.0 100.0 The
18643.0 14383.0 28.0 44.0 '

15936.0 14395.0 352.0 76.0 vance
16508.0 14400.0 396.0 76.0 wat-es.
17355.0 14372.0 1384.0 128.0 Chronicle-Telegraph's

15932.0 14488.0 408.0 120.0 special
16392.0 14492.0 284.0 100.0 from
16724.0 14488.0 828.0 108.0 Youngstown.
17604.0 14503.0 124.0 92.0 O.
17744.0 14564.0 24.0 36.0 ,
17839.0 14515.0 260.0 104.0 says
18168.0 14496.0 116.0 100.0 In
18340.0 14500.0 396.0 120.0 regard

15936.0 14612.0 112.0 92.0 to
16096.0 14604.0 188.0 100.0 thu
16324.0 14604.0 356.0 108.0 strike
16720.0 14608.0 248.0 100.0 that
17007.0 14608.0 152.0 100.0 all
17212.0 14608.0 92.0 100.0 is
17348.0 14612.0 312.0 120.0 quiet
17724.0 14612.0 340.0 104.0 there.

16644.0 14844.0 108.0 104.0 A
16804.0 14848.0 656.0 116.0 Slugging
17516.0 14852.0 504.0 96.0 Match.

16052.0 14984.0 992.0 108.0 PiniADKi.piiiA
17056.0 15064.0 28.0 40.0 ,
17143.0 14988.0 372.0 104.0 March
17592.0 14992.0 92.0 100.0 S.
17828.0 14992.0 36.0 112.0 [
17875.0 14988.0 452.0 120.0 Special
18399.0 14992.0 280.0 104.0 Tele-

15932.0 15151.0 308.0 96.0 gram
16348.0 15135.0 116.0 92.0 to
16568.0 15128.0 188.0 104.0 the
16864.0 15128.0 296.0 104.0 BEE.
17176.0 15128.0 36.0 128.0 ]
17360.0 15132.0 612.0 104.0 Domlnick
18108.0 15135.0 640.0 124.0 McCaffrey

15940.0 15296.0 228.0 72.0 was
16244.0 15267.0 652.0 124.0 practically
16984.0 15271.0 520.0 104.0 knocked
17592.0 15283.0 196.0 92.0 out
17875.0 15275.0 216.0 104.0 last
18180.0 15275.0 332.0 120.0 night
18584.0 15279.0 144.0 120.0 by-

15940.0 15411.0 452.0 104.0 Patrick
16544.0 15411.0 416.0 108.0 Farrell
16971.0 15488.0 24.0 40.0 ,
17111.0 15444.0 64.0 76.0 a
17292.0 15416.0 268.0 104.0 Port
17676.0 15416.0 640.0 108.0 Richmond
18467.0 15420.0 288.0 104.0 coal-

15936.0 15552.0 436.0 104.0 heaver.
16499.0 15552.0 244.0 108.0 The
16831.0 15556.0 236.0 104.0 lirst
17136.0 15560.0 364.0 104.0 round
17552.0 15587.0 228.0 76.0 was
17832.0 15560.0 676.0 104.0 uneventful
18560.0 15587.0 136.0 76.0 ex-

15936.0 15711.0 256.0 108.0 cept
16275.0 15696.0 244.0 104.0 that
16604.0 15696.0 632.0 128.0 McCaffrey
17324.0 15700.0 220.0 104.0 had
17636.0 15704.0 184.0 100.0 the
17908.0 15704.0 244.0 104.0 best
18223.0 15704.0 228.0 104.0 and
18555.0 15707.0 196.0 100.0 did

15943.0 15847.0 200.0 92.0 not
16187.0 15851.0 316.0 92.0 exert
16540.0 15839.0 488.0 104.0 himself.
17163.0 15843.0 176.0 100.0 Ho
17392.0 15872.0 228.0 76.0 was
17703.0 15843.0 676.0 120.0 apparently
18420.0 15847.0 264.0 124.0 play-

15948.0 15983.0 200.0 112.0 ing
16232.0 15983.0 272.0 100.0 with
16596.0 15979.0 456.0 108.0 Fairell.
17188.0 15983.0 176.0 104.0 He
17452.0 15988.0 220.0 100.0 had
17760.0 16016.0 64.0 72.0 a
17911.0 15988.0 320.0 108.0 clean
18324.0 15988.0 380.0 108.0 knock-

15943.0 16124.0 336.0 100.0 down
16336.0 16124.0 112.0 104.0 In
16503.0 16124.0 224.0 104.0 this
16776.0 16128.0 360.0 104.0 round
17168.0 16132.0 224.0 100.0 and
17436.0 16155.0 232.0 80.0 was
17699.0 16128.0 580.0 128.0 evidently
18316.0 16140.0 420.0 96.0 master

15943.0 16268.0 124.0 100.0 of
16132.0 16275.0 188.0 96.0 the
16368.0 16268.0 576.0 108.0 situation.
17052.0 16272.0 244.0 100.0 Too
17344.0 16272.0 324.0 104.0 much
17719.0 16272.0 652.0 108.0 confidence
18379.0 16351.0 24.0 44.0 ,
18444.0 16275.0 252.0 100.0 how-

15943.0 16436.0 260.0 80.0 ever
16204.0 16487.0 24.0 44.0 ,
16324.0 16411.0 112.0 100.0 In
16528.0 16411.0 176.0 100.0 his
16779.0 16436.0 432.0 104.0 powers
17308.0 16440.0 232.0 76.0 was
17647.0 16419.0 188.0 100.0 the
17927.0 16415.0 436.0 104.0 trouble
18451.0 16419.0 284.0 100.0 with

15948.0 16551.0 640.0 108.0 Dominlck.
16727.0 16556.0 128.0 100.0 In
16908.0 16556.0 188.0 104.0 the
17136.0 16560.0 416.0 100.0 second
17624.0 16556.0 356.0 104.0 round
18040.0 16560.0 412.0 104.0 Farrell
18512.0 16588.0 228.0 76.0 was

15943.0 16719.0 148.0 76.0 on
16144.0 16700.0 176.0 96.0 his
16368.0 16696.0 332.0 104.0 metal
16760.0 16704.0 228.0 96.0 and
17039.0 16696.0 140.0 104.0 he
17224.0 16700.0 196.0 104.0 did
17488.0 16700.0 172.0 100.0 his
17703.0 16700.0 276.0 104.0 best.
18124.0 16704.0 616.0 104.0 Dominlck

15943.0 16840.0 180.0 100.0 led
16176.0 16836.0 268.0 104.0 with
16532.0 16840.0 176.0 104.0 Ills
16795.0 16840.0 296.0 104.0 risht
17104.0 16915.0 24.0 40.0 ,
17188.0 16843.0 364.0 104.0 which
17644.0 16867.0 232.0 76.0 was
17968.0 16843.0 500.0 124.0 cleverly
18519.0 16871.0 196.0 96.0 par-

15943.0 16979.0 236.0 100.0 ried
16275.0 16983.0 136.0 120.0 by
16499.0 16979.0 188.0 104.0 the
16779.0 16983.0 728.0 104.0 coal-heaver.
17647.0 16983.0 416.0 108.0 Farrell
18119.0 16987.0 268.0 100.0 then
18447.0 17000.0 312.0 92.0 went

15943.0 17119.0 116.0 76.0 at
16108.0 17099.0 228.0 100.0 him
16388.0 17103.0 220.0 92.0 and
16664.0 17096.0 112.0 104.0 in
16828.0 17099.0 340.0 116.0 quick
17247.0 17103.0 636.0 100.0 succession
17947.0 17103.0 520.0 108.0 knocked
18519.0 17107.0 232.0 100.0 him

15948.0 17216.0 328.0 100.0 down
16336.0 17216.0 352.0 100.0 twice.
16815.0 17216.0 244.0 100.0 The
17111.0 17220.0 300.0 100.0 third
17464.0 17220.0 272.0 100.0 time
17784.0 17220.0 604.0 108.0 Dominlck
18440.0 17235.0 192.0 92.0 got
18700.0 17251.0 64.0 72.0 a

15952.0 17332.0 288.0 100.0 blow
16284.0 17332.0 244.0 104.0 that
16576.0 17332.0 328.0 104.0 made
16992.0 17332.0 232.0 104.0 him
17272.0 17344.0 452.0 104.0 stagger
17728.0 17412.0 24.0 44.0 ,
17807.0 17336.0 228.0 104.0 and
18116.0 17340.0 188.0 100.0 the
18360.0 17340.0 388.0 104.0 fourth

15952.0 17448.0 252.0 116.0 slug
16308.0 17448.0 136.0 100.0 he
16532.0 17460.0 188.0 96.0 cot
16808.0 17456.0 356.0 96.0 threw
17251.0 17452.0 232.0 100.0 him
17576.0 17452.0 452.0 112.0 against
18116.0 17460.0 192.0 96.0 the
18399.0 17483.0 360.0 84.0 ropes.

15948.0 17563.0 364.0 100.0 There
16400.0 17592.0 232.0 72.0 was
16720.0 17563.0 188.0 104.0 tha
17020.0 17567.0 444.0 100.0 wildest
17527.0 17572.0 688.0 104.0 excitement
18327.0 17580.0 116.0 92.0 at
18535.0 17576.0 232.0 100.0 this

15952.0 17683.0 268.0 96.0 time
16223.0 17751.0 28.0 44.0 ,
16296.0 17683.0 192.0 96.0 but
16540.0 17679.0 108.0 100.0 in
16704.0 17683.0 192.0 100.0 the
16944.0 17683.0 344.0 100.0 midst
17332.0 17687.0 120.0 96.0 of
17504.0 17683.0 84.0 104.0 it
17636.0 17687.0 188.0 100.0 the
17868.0 17691.0 364.0 116.0 police
18272.0 17695.0 480.0 116.0 stopped

15948.0 17795.0 540.0 104.0 theli.'iit.
16620.0 17799.0 636.0 124.0 McCaffrey
17299.0 17799.0 244.0 104.0 said
17595.0 17803.0 240.0 100.0 that
17888.0 17811.0 84.0 92.0 It
18024.0 17832.0 232.0 72.0 was
18340.0 17807.0 420.0 116.0 simply

15948.0 17939.0 68.0 72.0 a
16060.0 17916.0 420.0 100.0 chance
16564.0 17912.0 296.0 108.0 blow
16944.0 17919.0 248.0 96.0 that
17272.0 17943.0 292.0 92.0 gave
17612.0 17919.0 420.0 104.0 Farrell
18083.0 17923.0 192.0 100.0 the
18327.0 17923.0 236.0 100.0 best
18636.0 17923.0 128.0 96.0 of

15948.0 18028.0 232.0 104.0 him
16192.0 18104.0 28.0 40.0 ,
16311.0 18032.0 228.0 100.0 and
16612.0 18055.0 320.0 80.0 avers
17023.0 18036.0 244.0 96.0 that
17360.0 18040.0 92.0 96.0 If
17556.0 18040.0 312.0 100.0 theio
17956.0 18040.0 276.0 100.0 been
18307.0 18067.0 68.0 72.0 a
18436.0 18036.0 316.0 104.0 third

15952.0 18148.0 372.0 100.0 round
16376.0 18152.0 136.0 96.0 he
16568.0 18148.0 364.0 104.0 would
16984.0 18148.0 284.0 104.0 have
17319.0 18175.0 288.0 80.0 won.

16431.0 18391.0 392.0 96.0 Hrlef
16924.0 18391.0 892.0 116.0 AVanliiiigloii
17888.0 18396.0 404.0 100.0 News.

16072.0 18528.0 888.0 104.0 WASIIIXOTOX
16964.0 18600.0 24.0 52.0 ,
17140.0 18532.0 388.0 100.0 March
17696.0 18536.0 84.0 100.0 S.
17920.0 18532.0 548.0 108.0 Matthew
18628.0 18544.0 140.0 96.0 A.

15956.0 18668.0 564.0 116.0 Manning
16524.0 18747.0 24.0 40.0 ,
16623.0 18687.0 112.0 84.0 ot
16812.0 18668.0 312.0 108.0 West
17199.0 18668.0 536.0 124.0 Virginia
17748.0 18747.0 24.0 48.0 ,
17884.0 18676.0 204.0 104.0 lias
18196.0 18676.0 276.0 104.0 been
18587.0 18703.0 148.0 96.0 ap-

15952.0 18811.0 464.0 124.0 pointed
16464.0 18811.0 308.0 104.0 chief
16812.0 18815.0 124.0 96.0 of
16980.0 18840.0 64.0 72.0 a
17147.0 18815.0 492.0 100.0 division
17751.0 18815.0 116.0 104.0 in
17988.0 18819.0 188.0 100.0 the
18284.0 18819.0 480.0 124.0 pension

15952.0 18955.0 340.0 100.0 office.

16076.0 19091.0 428.0 108.0 Walter
16528.0 19096.0 436.0 108.0 Jordan
16980.0 19172.0 24.0 40.0 ,
17048.0 19100.0 120.0 96.0 of
17240.0 19096.0 256.0 104.0 Foil
17552.0 19096.0 428.0 104.0 Buford
17995.0 19168.0 28.0 56.0 ,
18140.0 19100.0 284.0 104.0 Dak.
18440.0 19176.0 28.0 40.0 ,
18568.0 19112.0 200.0 92.0 has

15952.0 19240.0 276.0 104.0 been
16280.0 19240.0 604.0 124.0 appointed
16932.0 19263.0 140.0 76.0 an
17152.0 19240.0 576.0 124.0 appraiser
17768.0 19244.0 124.0 96.0 of
17956.0 19240.0 188.0 104.0 the
18248.0 19244.0 532.0 116.0 right-of-

15960.0 19407.0 244.0 96.0 way
16248.0 19383.0 128.0 100.0 of
16431.0 19379.0 192.0 104.0 the
16664.0 19375.0 160.0 108.0 St
16919.0 19379.0 276.0 104.0 Paul
17208.0 19455.0 24.0 48.0 ,
17328.0 19379.0 772.0 132.0 Minneapolis
18203.0 19383.0 104.0 100.0 A
18412.0 19387.0 316.0 104.0 Mani-

15952.0 19531.0 256.0 96.0 toba
16256.0 19519.0 464.0 128.0 railway
16752.0 19548.0 560.0 100.0 company
17360.0 19527.0 484.0 120.0 through
17895.0 19523.0 264.0 108.0 Fort
18239.0 19527.0 532.0 104.0 Berthold

15956.0 19668.0 224.0 104.0 and
16236.0 19668.0 344.0 100.0 Black
16632.0 19664.0 268.0 108.0 Feet
16948.0 19664.0 412.0 108.0 Indian
17436.0 19672.0 732.0 104.0 reservation.

16076.0 19812.0 244.0 100.0 The
16363.0 19812.0 488.0 104.0 remains
16919.0 19812.0 124.0 100.0 of
17168.0 19808.0 188.0 108.0 the
17484.0 19812.0 224.0 104.0 late
17803.0 19816.0 464.0 104.0 Colonel
18384.0 19816.0 128.0 104.0 K.
18632.0 19816.0 144.0 108.0 N.

15960.0 19951.0 316.0 104.0 Scott
16327.0 19979.0 288.0 76.0 were
16659.0 19947.0 384.0 108.0 burled
17100.0 19951.0 112.0 104.0 In
17272.0 19955.0 244.0 104.0 Oak
17576.0 19955.0 228.0 104.0 Hill
17891.0 19963.0 560.0 112.0 cemetery
18544.0 19959.0 232.0 104.0 this

15960.0 20075.0 600.0 96.0 afternoon
16616.0 20068.0 272.0 104.0 with
16940.0 20068.0 496.0 128.0 military
17484.0 20075.0 452.0 100.0 honors.

16080.0 20188.0 456.0 104.0 Several
16571.0 20188.0 464.0 116.0 designs
17084.0 20192.0 280.0 100.0 have
17416.0 20199.0 276.0 92.0 been
17787.0 20192.0 508.0 108.0 received
18388.0 20199.0 112.0 96.0 at
18596.0 20196.0 192.0 100.0 the

15963.0 20327.0 300.0 96.0 navy
16311.0 20304.0 708.0 124.0 department
17072.0 20308.0 116.0 100.0 in
17264.0 20335.0 452.0 76.0 answer
17800.0 20320.0 116.0 88.0 to
18004.0 20316.0 188.0 96.0 the
18300.0 20312.0 488.0 104.0 circular

15963.0 20432.0 260.0 92.0 sent
16268.0 20432.0 192.0 92.0 out
16508.0 20423.0 208.0 104.0 last
16763.0 20428.0 452.0 104.0 August
17260.0 20436.0 112.0 88.0 to
17423.0 20432.0 332.0 96.0 naval
17807.0 20436.0 764.0 96.0 constructors
18675.0 20432.0 124.0 96.0 of

15968.0 20539.0 188.0 100.0 the
16216.0 20535.0 424.0 108.0 United
16688.0 20535.0 376.0 104.0 States
17127.0 20539.0 228.0 104.0 and
17464.0 20543.0 448.0 116.0 Europe
17916.0 20620.0 24.0 40.0 ,
18036.0 20543.0 484.0 120.0 through
18616.0 20543.0 144.0 104.0 de-

15968.0 20663.0 568.0 116.0 partment
16584.0 20659.0 224.0 96.0 and
16856.0 20659.0 528.0 96.0 consular
17420.0 20659.0 432.0 100.0 olllcers
17859.0 20731.0 28.0 40.0 ,
17943.0 20659.0 484.0 112.0 oilerlng
18492.0 20663.0 292.0 112.0 good

15968.0 20771.0 356.0 120.0 prices
16376.0 20775.0 176.0 96.0 for
16596.0 20771.0 472.0 100.0 suitable
17111.0 20771.0 468.0 108.0 designs
17628.0 20775.0 180.0 100.0 for
17868.0 20791.0 228.0 84.0 two
18164.0 20779.0 504.0 112.0 sea-goln
18688.0 20803.0 64.0 72.0 ?
18759.0 20847.0 24.0 44.0 ,

15968.0 20888.0 1008.0 100.0 double-bottomed
16992.0 20959.0 24.0 44.0 ,
17072.0 20888.0 508.0 100.0 aunored
17672.0 20892.0 416.0 100.0 vessels
18200.0 20895.0 124.0 92.0 of
18447.0 20892.0 332.0 104.0 about

15963.0 21004.0 280.0 112.0 0,000
16340.0 21008.0 256.0 96.0 tons
16680.0 21004.0 812.0 120.0 displacement
17504.0 21076.0 24.0 40.0 ,
17644.0 21008.0 124.0 100.0 of
17891.0 21008.0 440.0 96.0 sixteen
18447.0 21008.0 348.0 100.0 knots

15968.0 21115.0 328.0 128.0 speed
16316.0 21192.0 24.0 44.0 ,
16392.0 21124.0 272.0 96.0 with
16716.0 21119.0 460.0 124.0 torpedo
17224.0 21119.0 320.0 100.0 outfit
17588.0 21132.0 228.0 92.0 and
17884.0 21124.0 512.0 104.0 effective
18447.0 21151.0 312.0 76.0 arma

15976.0 21252.0 340.0 88.0 ment.

16099.0 21347.0 184.0 124.0 Up
16327.0 21355.0 112.0 100.0 to
16488.0 21351.0 560.0 120.0 Saturday
17096.0 21351.0 324.0 116.0 night
17472.0 21359.0 308.0 96.0 tnere
17864.0 21351.0 220.0 108.0 had
18164.0 21355.0 276.0 104.0 been
18528.0 21355.0 272.0 104.0 filed

15972.0 21491.0 120.0 80.0 in
16144.0 21471.0 184.0 100.0 the
16376.0 21467.0 480.0 116.0 pension
16968.0 21471.0 312.0 100.0 office
17384.0 21475.0 280.0 100.0 7.710
17748.0 21471.0 756.0 124.0 applications
18620.0 21479.0 180.0 96.0 for

15968.0 21588.0 548.0 128.0 pensions
16564.0 21611.0 360.0 80.0 miner
16964.0 21588.0 192.0 100.0 the
17199.0 21588.0 516.0 100.0 Mexican
17787.0 21595.0 220.0 100.0 law
18099.0 21591.0 400.0 120.0 passed
18576.0 21591.0 228.0 104.0 late

15979.0 21731.0 112.0 76.0 in
16151.0 21708.0 188.0 100.0 the
16379.0 21704.0 220.0 104.0 last
16636.0 21704.0 428.0 108.0 scsalou
17120.0 21708.0 124.0 96.0 of
17292.0 21731.0 584.0 88.0 congress.

16404.0 21948.0 176.0 96.0 No
16596.0 21952.0 252.0 92.0 wfci
16872.0 21952.0 264.0 92.0 und
17160.0 21948.0 316.0 96.0 land
17568.0 21948.0 800.0 100.0 UrbnllloiM.

16099.0 22088.0 556.0 104.0 OTTAWA
16680.0 22160.0 24.0 52.0 ,
16763.0 22084.0 380.0 104.0 March
17195.0 22092.0 88.0 100.0 B.
17432.0 22088.0 36.0 120.0 [
17480.0 22088.0 440.0 128.0 Special
17995.0 22084.0 588.0 116.0 Telegram
18680.0 22099.0 116.0 96.0 to

15984.0 22227.0 188.0 108.0 the
16244.0 22231.0 296.0 104.0 Br.E.
16555.0 22227.0 40.0 128.0 ]
16740.0 22231.0 492.0 104.0 Advices
17280.0 22235.0 292.0 100.0 from
17624.0 22231.0 932.0 108.0 Newfoundland
18652.0 22243.0 116.0 96.0 to-

15984.0 22379.0 220.0 120.0 day
16252.0 22375.0 288.0 100.0 state
16584.0 22371.0 244.0 108.0 that
16872.0 22371.0 192.0 104.0 the
17108.0 22371.0 404.0 124.0 colony
17568.0 22375.0 92.0 100.0 is
17748.0 22371.0 380.0 112.0 ablaza
18223.0 22379.0 272.0 104.0 with
18603.0 22404.0 140.0 80.0 ex-

15984.0 22520.0 536.0 104.0 citement
16564.0 22540.0 272.0 88.0 over
16876.0 22520.0 188.0 96.0 the
17111.0 22520.0 372.0 100.0 action
17536.0 22520.0 124.0 100.0 of
17703.0 22515.0 188.0 108.0 the
17995.0 22515.0 420.0 108.0 British
18528.0 22547.0 268.0 96.0 gov-

15984.0 22671.0 440.0 92.0 ennent
16472.0 22660.0 112.0 104.0 In
16639.0 22652.0 720.0 116.0 disallowing
17412.0 22660.0 188.0 104.0 the
17644.0 22660.0 236.0 108.0 bait
17927.0 22660.0 196.0 108.0 bill
18243.0 22667.0 228.0 100.0 and
18564.0 22667.0 248.0 104.0 that

15992.0 22799.0 720.0 124.0 Indignation
16748.0 22807.0 564.0 112.0 meetings
17355.0 22831.0 192.0 76.0 aiu
17636.0 22803.0 340.0 116.0 bolng
18064.0 22807.0 264.0 104.0 held
18412.0 22836.0 336.0 100.0 every-

15988.0 22947.0 372.0 104.0 where
16408.0 22951.0 116.0 96.0 to
16623.0 22955.0 440.0 120.0 protest
17152.0 22947.0 452.0 124.0 against
17719.0 22947.0 120.0 108.0 it
18031.0 22951.0 752.0 104.0 Annexation

16000.0 23087.0 228.0 108.0 and
16280.0 23087.0 556.0 108.0 secession
16935.0 23115.0 188.0 80.0 are
17199.0 23092.0 420.0 124.0 openly
17703.0 23092.0 620.0 104.0 advocated
18399.0 23115.0 228.0 80.0 and
18736.0 23123.0 64.0 72.0 a

15988.0 23236.0 584.0 120.0 desperate
16620.0 23236.0 324.0 104.0 effott
16992.0 23232.0 232.0 104.0 will
17276.0 23236.0 128.0 96.0 be
17500.0 23236.0 324.0 100.0 made
17920.0 23247.0 108.0 88.0 to
18108.0 23259.0 388.0 80.0 secure
18584.0 23259.0 220.0 76.0 one

15988.0 23403.0 124.0 76.0 or
16151.0 23375.0 196.0 108.0 the
16392.0 23375.0 324.0 104.0 other
16716.0 23451.0 28.0 44.0 ,
16808.0 23375.0 88.0 104.0 if
16944.0 23383.0 188.0 96.0 the
17195.0 23375.0 420.0 104.0 British
17708.0 23387.0 756.0 104.0 government
18576.0 23403.0 196.0 76.0 per-

15988.0 23495.0 272.0 104.0 sists
16308.0 23495.0 112.0 100.0 In
16476.0 23495.0 512.0 116.0 refusing
17044.0 23499.0 116.0 96.0 to
17208.0 23491.0 328.0 104.0 allow
17628.0 23491.0 188.0 104.0 the
17908.0 23491.0 224.0 104.0 halt
18228.0 23495.0 228.0 104.0 hill.
18571.0 23484.0 244.0 112.0 The

15995.0 23616.0 276.0 100.0 local
16324.0 23627.0 740.0 104.0 government
17116.0 23612.0 92.0 100.0 Is
17303.0 23612.0 476.0 104.0 making
17872.0 23631.0 336.0 92.0 every
18300.0 23635.0 468.0 96.0 prepara-

15995.0 23728.0 304.0 104.0 tions
16352.0 23747.0 112.0 80.0 to
16519.0 23736.0 280.0 96.0 meet
16851.0 23751.0 120.0 76.0 as
17028.0 23728.0 176.0 96.0 fur
17244.0 23747.0 124.0 76.0 as
17475.0 23728.0 492.0 120.0 possible
18072.0 23751.0 228.0 96.0 any
18384.0 23728.0 436.0 100.0 trouble

15995.0 23843.0 240.0 104.0 that
16288.0 23868.0 256.0 96.0 may
16587.0 23843.0 320.0 100.0 arise.
16984.0 23839.0 504.0 124.0 Military
17520.0 23839.0 396.0 104.0 elides
17952.0 23843.0 112.0 100.0 in
18108.0 23839.0 188.0 104.0 the
18347.0 23839.0 472.0 104.0 Halifax

15995.0 23959.0 504.0 116.0 garrison
16551.0 23959.0 224.0 104.0 and
16812.0 23955.0 148.0 104.0 alt
17003.0 23959.0 420.0 100.0 British
17459.0 23967.0 376.0 100.0 troops
17872.0 23959.0 116.0 100.0 In
18031.0 23955.0 364.0 108.0 North
18431.0 23967.0 352.0 96.0 Amer-

16000.0 24079.0 168.0 96.0 ica
16200.0 24099.0 184.0 76.0 are
16431.0 24075.0 432.0 100.0 excited
16916.0 24099.0 268.0 76.0 over
17231.0 24075.0 188.0 100.0 the
17468.0 24099.0 160.0 88.0 rei
17644.0 24108.0 24.0 56.0 >
17667.0 24083.0 172.0 92.0 ort
17891.0 24079.0 236.0 100.0 that
18203.0 24087.0 228.0 88.0 two
18528.0 24079.0 240.0 100.0 Brit-

16000.0 24191.0 168.0 100.0 ish
16216.0 24191.0 616.0 116.0 regiments
16888.0 24195.0 288.0 108.0 from
17228.0 24191.0 244.0 100.0 that
17560.0 24191.0 424.0 100.0 station
18040.0 24191.0 232.0 104.0 will
18347.0 24191.0 424.0 104.0 Immed-

16000.0 24308.0 344.0 120.0 iately
16436.0 24308.0 132.0 104.0 be
16644.0 24304.0 660.0 112.0 dispatched
17396.0 24315.0 116.0 92.0 to
17599.0 24308.0 940.0 104.0 Newfoundland
18628.0 24315.0 188.0 100.0 the

16004.0 24439.0 496.0 88.0 moment
16551.0 24424.0 308.0 104.0 there
16935.0 24424.0 92.0 100.0 Is
17075.0 24447.0 228.0 96.0 any
17351.0 24424.0 624.0 104.0 Indication
18031.0 24428.0 124.0 100.0 of
18200.0 24428.0 464.0 104.0 trouble.

16480.0 24667.0 268.0 96.0 Thn
16820.0 24663.0 304.0 100.0 Now
17199.0 24663.0 592.0 100.0 Hcbcrvc
17895.0 24663.0 452.0 100.0 Cities.

16132.0 24799.0 896.0 112.0 WASinvfiToy.
17075.0 24799.0 384.0 108.0 March
17552.0 24812.0 100.0 96.0 b.
17787.0 24804.0 248.0 108.0 The
18083.0 24804.0 728.0 116.0 comptroller

16004.0 24947.0 124.0 104.0 of
16171.0 24951.0 188.0 100.0 the
16460.0 24971.0 540.0 100.0 currency
17080.0 24944.0 384.0 124.0 to-day
17552.0 24947.0 512.0 104.0 received
18144.0 24975.0 64.0 76.0 a
18320.0 24947.0 504.0 104.0 certified

16008.0 25120.0 280.0 104.0 copy
16336.0 25095.0 108.0 100.0 ot
16499.0 25091.0 184.0 104.0 the
16727.0 25099.0 176.0 92.0 act
16951.0 25087.0 124.0 104.0 of
17116.0 25111.0 532.0 92.0 congress
17703.0 25087.0 604.0 124.0 providing
18356.0 25095.0 180.0 100.0 for
18628.0 25091.0 192.0 104.0 the

16008.0 25231.0 852.0 108.0 establishment
16903.0 25235.0 120.0 96.0 of
17072.0 25256.0 440.0 80.0 reserve
17556.0 25231.0 324.0 104.0 cities
17888.0 25307.0 24.0 48.0 ,
18004.0 25235.0 232.0 100.0 and
18316.0 25239.0 116.0 100.0 at
18519.0 25260.0 292.0 80.0 once

16008.0 25376.0 540.0 132.0 prepaied
16700.0 25376.0 692.0 112.0 regulations
17560.0 25376.0 180.0 100.0 for
17908.0 25376.0 144.0 104.0 Its
18160.0 25380.0 664.0 104.0 execution.

16012.0 25519.0 400.0 112.0 Under
16451.0 25519.0 192.0 104.0 the
16708.0 25515.0 692.0 116.0 regulations
17484.0 25515.0 752.0 128.0 applications
18327.0 25547.0 260.0 88.0 may
18688.0 25519.0 128.0 100.0 bo

16020.0 25671.0 320.0 100.0 made
16388.0 25671.0 112.0 96.0 to
16544.0 25663.0 188.0 104.0 the
16776.0 25655.0 716.0 132.0 comptroller
17540.0 25663.0 176.0 100.0 for
17839.0 25663.0 176.0 104.0 his
18088.0 25659.0 532.0 128.0 approval
18707.0 25663.0 120.0 104.0 In

16012.0 25807.0 272.0 104.0 each
16327.0 25831.0 256.0 76.0 case
16632.0 25803.0 116.0 104.0 in
16804.0 25803.0 364.0 104.0 which
17220.0 25803.0 76.0 104.0 It
17351.0 25799.0 96.0 104.0 Is
17495.0 25803.0 448.0 104.0 desired
18056.0 25807.0 116.0 96.0 to
18264.0 25816.0 264.0 92.0 tike
18655.0 25803.0 140.0 104.0 ad-

16015.0 25935.0 488.0 104.0 vantage
16548.0 25927.0 120.0 100.0 of
16696.0 25923.0 188.0 100.0 the
16935.0 25944.0 252.0 80.0 new
17283.0 25919.0 256.0 104.0 law.
17667.0 25919.0 244.0 104.0 The
18015.0 25919.0 560.0 128.0 principal
18688.0 25948.0 116.0 76.0 re-

16020.0 26043.0 632.0 124.0 quirement
16748.0 26039.0 96.0 100.0 Is
16892.0 26039.0 240.0 100.0 tli.it
17240.0 26039.0 316.0 100.0 these
17660.0 26035.0 760.0 120.0 apDllcatlons
18532.0 26035.0 292.0 108.0 shall

16020.0 26187.0 312.0 76.0 come
16376.0 26163.0 288.0 96.0 from
16720.0 26159.0 184.0 96.0 the
16948.0 26155.0 540.0 100.0 directors
17532.0 26155.0 124.0 100.0 of
17703.0 26155.0 188.0 100.0 the
18004.0 26155.0 368.0 100.0 banks
18464.0 26151.0 300.0 104.0 Inter-

16020.0 26272.0 308.0 108.0 ested
16376.0 26272.0 228.0 104.0 and
16652.0 26283.0 196.0 96.0 not
16899.0 26275.0 288.0 100.0 from
17240.0 26272.0 848.0 120.0 thepresldents
18128.0 26299.0 128.0 76.0 or
18288.0 26272.0 536.0 104.0 cashiers.

16031.0 26392.0 396.0 108.0 Notice
16472.0 26400.0 196.0 96.0 has
16716.0 26392.0 448.0 116.0 alieady
17220.0 26392.0 276.0 96.0 been
17552.0 26411.0 336.0 92.0 given
17976.0 26392.0 236.0 104.0 that
18327.0 26388.0 440.0 124.0 applica
18747.0 26415.0 68.0 72.0 i-

16024.0 26511.0 240.0 104.0 tion
16320.0 26503.0 232.0 108.0 will
16607.0 26507.0 128.0 104.0 be
16784.0 26503.0 324.0 100.0 made
17156.0 26507.0 180.0 100.0 for
17368.0 26503.0 188.0 104.0 the
17599.0 26503.0 724.0 112.0 designation
18399.0 26507.0 124.0 100.0 of
18571.0 26507.0 208.0 104.0 Chicago
18747.0 26415.0 32.0 196.0 iI
18752.0 26507.0 80.0 104.0 I-

16024.0 26652.0 276.0 104.0 cage
16343.0 26648.0 128.0 80.0 as
16508.0 26648.0 68.0 76.0 a
16616.0 26623.0 428.0 108.0 central
17100.0 26639.0 436.0 84.0 reserve
17576.0 26631.0 232.0 108.0 nty
17855.0 26623.0 224.0 100.0 and
18155.0 26623.0 128.0 100.0 of
18376.0 26615.0 448.0 108.0 Kansas
18747.0 26667.0 16.0 56.0 !

16024.0 26699.0 260.0 168.0 CiFy
16327.0 26763.0 128.0 80.0 as
16496.0 26768.0 68.0 76.0 a
16607.0 26759.0 436.0 84.0 reserve
17088.0 26731.0 232.0 128.0 city
17368.0 26735.0 364.0 108.0 under
17776.0 26735.0 188.0 108.0 the
18012.0 26731.0 648.0 132.0 provisions
18707.0 26743.0 116.0 96.0 of
18747.0 26763.0 24.0 76.0 )
18788.0 26743.0 44.0 96.0 f

16028.0 26863.0 188.0 100.0 the
16256.0 26883.0 248.0 80.0 new
16551.0 26859.0 252.0 104.0 law.

16564.0 27103.0 384.0 100.0 Fatal
17048.0 27099.0 436.0 100.0 Holler
17560.0 27099.0 752.0 120.0 Exploolon.

16148.0 27247.0 540.0 104.0 AI.PEXA
16700.0 27315.0 28.0 44.0 ,
16784.0 27239.0 332.0 108.0 Mich.
17132.0 27311.0 32.0 48.0 ,
17251.0 27239.0 384.0 104.0 March
17728.0 27243.0 84.0 100.0 S.
17943.0 27235.0 288.0 112.0 This
18320.0 27231.0 500.0 112.0 mornlnc

16036.0 27387.0 268.0 104.0 Carr
16352.0 27379.0 852.0 128.0 Bros.'shingle
17251.0 27379.0 232.0 108.0 mill
17495.0 27459.0 24.0 44.0 ,
17576.0 27379.0 412.0 108.0 twelve
18080.0 27379.0 324.0 104.0 miles
18499.0 27383.0 320.0 100.0 nortfi

16031.0 27532.0 124.0 104.0 of
16200.0 27532.0 252.0 104.0 hers
16460.0 27603.0 28.0 56.0 ,
16544.0 27551.0 228.0 84.0 was
16815.0 27527.0 376.0 104.0 blown
17247.0 27532.0 112.0 100.0 to
17403.0 27532.0 364.0 100.0 atoms
17823.0 27527.0 140.0 120.0 by
18008.0 27523.0 192.0 104.0 the
18248.0 27519.0 572.0 120.0 exploslor

16036.0 27675.0 120.0 100.0 of
16200.0 27675.0 192.0 100.0 the
16499.0 27667.0 396.0 112.0 boiler.
17039.0 27667.0 408.0 128.0 Emery
17563.0 27671.0 272.0 112.0 Carr
17932.0 27687.0 236.0 84.0 was
18275.0 27664.0 348.0 108.0 killed
18684.0 27667.0 112.0 100.0 In-

16036.0 27792.0 432.0 116.0 stantly
16560.0 27792.0 236.0 104.0 and
16919.0 27784.0 400.0 108.0 Waldo
17472.0 27788.0 276.0 100.0 Carr
17855.0 27784.0 400.0 120.0 fatally
18372.0 27779.0 444.0 108.0 scalded

16040.0 27907.0 468.0 120.0 Eujcue
16555.0 27907.0 272.0 108.0 Carr
16872.0 27927.0 232.0 84.0 was
17147.0 27903.0 240.0 104.0 also
17432.0 27903.0 340.0 124.0 badly
17820.0 27899.0 484.0 112.0 scalded.

18924.0 2588.0 992.0 240.0 PROVIDING
20035.0 2600.0 336.0 236.0 FOR
20463.0 2596.0 364.0 240.0 THE
20944.0 2596.0 732.0 240.0 FUTURE
21680.0 2772.0 44.0 76.0 ,

18916.0 3124.0 104.0 124.0 A
19095.0 3128.0 488.0 128.0 German
19680.0 3128.0 552.0 160.0 Explains
20336.0 3136.0 684.0 132.0 Bismarck's
21100.0 3136.0 412.0 132.0 Action
21611.0 3132.0 132.0 136.0 in

19635.0 3312.0 196.0 132.0 the
19911.0 3316.0 420.0 128.0 Recent
20411.0 3320.0 604.0 132.0 Elections.

18916.0 3676.0 328.0 108.0 THE
19332.0 3680.0 560.0 112.0 KING'S
19983.0 3684.0 544.0 112.0 DEATH
20596.0 3688.0 1144.0 112.0 ANTICIPATED

18912.0 4060.0 268.0 100.0 The
19316.0 4056.0 300.0 104.0 Iron
19751.0 4060.0 920.0 108.0 Chnnccllor's
20815.0 4072.0 496.0 96.0 KtTortH
21452.0 4072.0 268.0 100.0 Put

19032.0 4228.0 408.0 100.0 Forth
19527.0 4248.0 132.0 80.0 in
19744.0 4236.0 580.0 100.0 Prevent
20404.0 4236.0 220.0 100.0 the
20691.0 4240.0 472.0 96.0 Crown
21231.0 4240.0 380.0 96.0 Prln-

19208.0 4424.0 220.0 76.0 ces
19620.0 4404.0 392.0 96.0 Front
20155.0 4408.0 564.0 112.0 Making
20840.0 4408.0 576.0 100.0 niullcnl

21943.0 4496.0 36.0 44.0 s

19396.0 4568.0 620.0 116.0 ChnngCN
20076.0 4568.0 420.0 100.0 When
20576.0 4572.0 132.0 100.0 in
20772.0 4576.0 484.0 104.0 Power.

19208.0 4928.0 388.0 96.0 Sonic
19680.0 4928.0 828.0 116.0 Interesting
20580.0 4940.0 872.0 96.0 Statements.

19080.0 5071.0 28.0 104.0 [
19127.0 5064.0 532.0 108.0 Coiyrf/M
19267.0 5088.0 28.0 88.0 ]
19500.0 5096.0 24.0 76.0 (
19732.0 5068.0 204.0 88.0 1W
19992.0 5068.0 124.0 104.0 liv
20171.0 5068.0 332.0 92.0 Jamft
20571.0 5068.0 400.0 96.0 Gorilcm
21048.0 5071.0 456.0 96.0 llcnnrtt.
21520.0 5076.0 36.0 104.0 }

19036.0 5188.0 512.0 112.0 VIEX.VA
19568.0 5263.0 28.0 44.0 ,
19708.0 5192.0 384.0 108.0 March
20200.0 5199.0 88.0 100.0 S.
20435.0 5199.0 24.0 92.0 I
20487.0 5192.0 280.0 108.0 Nnw
20872.0 5192.0 304.0 112.0 York
21308.0 5196.0 424.0 108.0 Herald

18912.0 5332.0 904.0 128.0 Cable-Special
19947.0 5348.0 108.0 96.0 to
20184.0 5336.0 188.0 104.0 the
20528.0 5336.0 260.0 108.0 llir.
20675.0 5364.0 24.0 80.0 :
20815.0 5352.0 20.0 104.0 |
20971.0 5348.0 108.0 96.0 A
21208.0 5340.0 252.0 108.0 well
21572.0 5344.0 112.0 104.0 in-

18912.0 5476.0 436.0 112.0 formed
19423.0 5488.0 484.0 100.0 German
19968.0 5484.0 252.0 100.0 who
20268.0 5480.0 200.0 104.0 has
20548.0 5480.0 236.0 128.0 just
20856.0 5484.0 524.0 108.0 returned
21436.0 5488.0 296.0 104.0 from

18916.0 5620.0 380.0 108.0 Bcilln
19475.0 5624.0 252.0 104.0 tells
19900.0 5652.0 176.0 80.0 mo
20243.0 5632.0 232.0 100.0 that
20612.0 5624.0 188.0 108.0 the
20968.0 5628.0 564.0 108.0 Influence
21615.0 5628.0 128.0 108.0 of

18908.0 5767.0 188.0 100.0 the
19287.0 5792.0 376.0 84.0 crown
19828.0 5767.0 512.0 112.0 princess
20508.0 5776.0 124.0 100.0 of
20799.0 5771.0 200.0 104.0 Get
21023.0 5800.0 340.0 96.0 many
21531.0 5776.0 212.0 104.0 has

18908.0 5908.0 220.0 104.0 had
19339.0 5912.0 328.0 104.0 much
19839.0 5920.0 112.0 96.0 to
20180.0 5912.0 148.0 104.0 do
20535.0 5916.0 272.0 108.0 with
21016.0 5924.0 192.0 96.0 the
21391.0 5916.0 352.0 108.0 result

18908.0 6060.0 124.0 92.0 of
19199.0 6056.0 188.0 100.0 the
19592.0 6064.0 384.0 96.0 recent
20096.0 6060.0 524.0 120.0 .German
20831.0 6056.0 576.0 108.0 elections.
21543.0 6056.0 200.0 120.0 My

18912.0 6192.0 736.0 108.0 Informant's
19735.0 6204.0 304.0 116.0 story
20132.0 6200.0 92.0 104.0 Is
20316.0 6228.0 120.0 76.0 as
20532.0 6196.0 444.0 112.0 follows
21003.0 6228.0 28.0 76.0 :
21159.0 6200.0 212.0 108.0 Tht
21380.0 6228.0 24.0 48.0 >
21472.0 6204.0 220.0 104.0 Ger-

18919.0 6360.0 260.0 76.0 man
19235.0 6364.0 512.0 100.0 emperor
19751.0 6412.0 28.0 44.0 ,
19839.0 6344.0 136.0 100.0 he
20024.0 6368.0 256.0 92.0 says
20291.0 6416.0 24.0 40.0 ,
20363.0 6348.0 200.0 96.0 has
20616.0 6372.0 148.0 76.0 no
20811.0 6339.0 112.0 108.0 dl
21003.0 6372.0 256.0 80.0 ensB
21344.0 6348.0 400.0 124.0 except

18916.0 6480.0 184.0 100.0 old
19152.0 6504.0 232.0 92.0 age.
19443.0 6480.0 224.0 100.0 and
19712.0 6480.0 136.0 104.0 he
19900.0 6504.0 252.0 100.0 may
20203.0 6480.0 216.0 104.0 live
20519.0 6492.0 172.0 96.0 for
20776.0 6516.0 64.0 68.0 u
20912.0 6512.0 268.0 92.0 jear
21283.0 6488.0 448.0 120.0 longer.

18919.0 6616.0 400.0 104.0 Prince
19376.0 6620.0 584.0 104.0 Bismarck
19968.0 6692.0 24.0 48.0 ,
20083.0 6624.0 520.0 100.0 however
20607.0 6696.0 24.0 48.0 ,
20756.0 6628.0 396.0 96.0 knows
21244.0 6628.0 240.0 100.0 that
21540.0 6628.0 192.0 104.0 the

18916.0 6783.0 512.0 96.0 emperor
19468.0 6772.0 420.0 92.0 cannot
19972.0 6760.0 220.0 108.0 lUe
20284.0 6768.0 172.0 96.0 for
20548.0 6764.0 328.0 108.0 much
20968.0 6792.0 304.0 76.0 more
21344.0 6780.0 272.0 92.0 than
21667.0 6796.0 72.0 76.0 a

18916.0 6928.0 268.0 96.0 year
19468.0 6900.0 224.0 104.0 and
19979.0 6928.0 260.0 100.0 may
20519.0 6900.0 188.0 108.0 die
21000.0 6904.0 400.0 108.0 within
21671.0 6936.0 72.0 76.0 a

18919.0 7048.0 384.0 100.0 month
19319.0 7112.0 24.0 40.0 ,
19536.0 7044.0 584.0 104.0 Bismarck
20368.0 7048.0 236.0 104.0 also
20847.0 7048.0 408.0 104.0 knows
21500.0 7048.0 252.0 108.0 that

18912.0 7184.0 188.0 108.0 the
19204.0 7208.0 380.0 84.0 crown
19683.0 7188.0 504.0 120.0 princess
20279.0 7192.0 228.0 104.0 will
20620.0 7192.0 652.0 128.0 practically
21339.0 7196.0 132.0 100.0 bo
21543.0 7192.0 196.0 108.0 the

18908.0 7340.0 276.0 96.0 next
19231.0 7332.0 304.0 104.0 ruler
19576.0 7340.0 124.0 96.0 of
19748.0 7336.0 572.0 124.0 Germany
20324.0 7412.0 24.0 44.0 ,
20404.0 7336.0 224.0 100.0 and
20724.0 7364.0 260.0 76.0 now
21075.0 7344.0 188.0 96.0 the
21332.0 7360.0 388.0 84.0 crown

18908.0 7476.0 504.0 124.0 princess
19464.0 7476.0 92.0 104.0 Is
19604.0 7476.0 400.0 104.0 almost
20051.0 7508.0 64.0 72.0 a
20164.0 7476.0 416.0 108.0 radical
20636.0 7479.0 112.0 104.0 In
20828.0 7479.0 484.0 124.0 politics.
21455.0 7479.0 264.0 108.0 Left

18908.0 7624.0 116.0 96.0 to
19068.0 7624.0 420.0 100.0 herself
19536.0 7620.0 196.0 104.0 she
19784.0 7620.0 364.0 104.0 would
20196.0 7636.0 116.0 92.0 at
20356.0 7648.0 280.0 80.0 once
20688.0 7628.0 324.0 120.0 tiring
21048.0 7624.0 244.0 104.0 Inlo
21335.0 7648.0 384.0 104.0 power

18908.0 7760.0 188.0 104.0 the
19188.0 7756.0 676.0 124.0 frelsinnlge
19968.0 7792.0 124.0 76.0 or
20200.0 7764.0 656.0 124.0 progressist
20975.0 7776.0 364.0 120.0 party.
21475.0 7768.0 252.0 104.0 The

18908.0 7904.0 552.0 108.0 members
19524.0 7912.0 124.0 96.0 of
19751.0 7908.0 188.0 104.0 the
20051.0 7908.0 668.0 124.0 Irelslnnlgo
20811.0 7919.0 316.0 108.0 party
21204.0 7936.0 188.0 80.0 are
21459.0 7908.0 252.0 108.0 able

18908.0 8076.0 248.0 72.0 men
19176.0 8120.0 24.0 44.0 ,
19260.0 8060.0 288.0 96.0 most
19595.0 8051.0 120.0 100.0 of
19771.0 8051.0 360.0 104.0 whom
20187.0 8051.0 276.0 104.0 wish
20515.0 8064.0 112.0 92.0 to
20672.0 8056.0 492.0 104.0 lemodel
21215.0 8056.0 192.0 104.0 the
21452.0 8056.0 228.0 100.0 Ger-

18903.0 8220.0 256.0 72.0 man
19199.0 8196.0 428.0 124.0 empire
19660.0 8196.0 140.0 120.0 by
19843.0 8196.0 608.0 116.0 curtailing
20492.0 8196.0 820.0 128.0 theemperor's
21344.0 8220.0 380.0 100.0 power

18903.0 8352.0 224.0 84.0 and
19188.0 8336.0 640.0 124.0 Increasing
19880.0 8360.0 264.0 100.0 \ery
20191.0 8340.0 628.0 120.0 materially
20872.0 8344.0 188.0 100.0 the
21107.0 8367.0 428.0 96.0 powers
21583.0 8340.0 132.0 100.0 of

18903.0 8480.0 192.0 100.0 the
19143.0 8480.0 596.0 112.0 reichstag.
19884.0 8488.0 132.0 96.0 In
20067.0 8480.0 300.0 104.0 shoit
20379.0 8552.0 24.0 44.0 ,
20463.0 8488.0 264.0 120.0 they
20776.0 8480.0 280.0 104.0 wish
21147.0 8491.0 112.0 96.0 to
21312.0 8484.0 412.0 104.0 reduce

18912.0 8619.0 188.0 104.0 the
19208.0 8648.0 508.0 96.0 emperor
19796.0 8636.0 112.0 88.0 to
19952.0 8652.0 64.0 76.0 a
20063.0 8628.0 392.0 120.0 purely
20548.0 8623.0 712.0 104.0 ornamental
21332.0 8628.0 352.0 108.0 figure-

18908.0 8760.0 284.0 104.0 head
19244.0 8788.0 144.0 80.0 on
19448.0 8764.0 188.0 104.0 the
19683.0 8764.0 484.0 120.0 Kngllsh
20264.0 8768.0 360.0 104.0 model
20636.0 8844.0 28.0 40.0 ,
20716.0 8764.0 228.0 104.0 and
21016.0 8764.0 116.0 108.0 In
21188.0 8764.0 172.0 108.0 his
21407.0 8768.0 320.0 124.0 place

18908.0 8912.0 116.0 96.0 to
19068.0 8916.0 168.0 92.0 set
19287.0 8928.0 148.0 100.0 up
19491.0 8932.0 140.0 76.0 an
19687.0 8908.0 744.0 124.0 all-powerful
20480.0 8908.0 676.0 124.0 parliament
21208.0 8912.0 236.0 104.0 nUo
21455.0 8916.0 44.0 120.0 |

19516.0 9067.0 164.0 84.0 ox
19751.0 9072.0 252.0 80.0 HIE
20060.0 9076.0 536.0 76.0 r.Noubii
20684.0 9076.0 464.0 80.0 MODEI-

19023.0 9187.0 248.0 104.0 The
19371.0 9191.0 548.0 100.0 members
19968.0 9195.0 116.0 96.0 of
20191.0 9195.0 188.0 100.0 the
20487.0 9191.0 676.0 128.0 fielslnnlge
21208.0 9224.0 188.0 76.0 are
21439.0 9195.0 308.0 104.0 anti-

18912.0 9332.0 748.0 112.0 monopolists
19672.0 9408.0 24.0 36.0 ,
19755.0 9332.0 116.0 104.0 in
19927.0 9352.0 244.0 104.0 part
20228.0 9340.0 232.0 100.0 free
20512.0 9340.0 424.0 100.0 traders
20944.0 9412.0 28.0 36.0 ,
21075.0 9340.0 224.0 100.0 and
21420.0 9336.0 272.0 108.0 with-

18912.0 9480.0 192.0 96.0 out
19152.0 9480.0 588.0 108.0 exception
19800.0 9476.0 256.0 124.0 they
20108.0 9476.0 364.0 104.0 deslie
20519.0 9476.0 188.0 104.0 the
20752.0 9480.0 540.0 104.0 abolition
21348.0 9484.0 120.0 100.0 of
21559.0 9480.0 164.0 104.0 all

18912.0 9620.0 620.0 120.0 represser
19599.0 9620.0 500.0 104.0 socialist
20148.0 9648.0 128.0 72.0 or
20320.0 9620.0 412.0 104.0 church
20824.0 9620.0 312.0 108.0 laws.
21272.0 9620.0 424.0 128.0 Briefly
21696.0 9695.0 32.0 44.0 ,

18916.0 9759.0 556.0 108.0 therefore
19475.0 9836.0 28.0 44.0 ,
19559.0 9759.0 260.0 128.0 they
19872.0 9759.0 276.0 104.0 wish
20200.0 9767.0 112.0 96.0 to
20415.0 9788.0 440.0 80.0 reverse
20971.0 9763.0 404.0 104.0 Prince
21491.0 9763.0 192.0 108.0 Bis

18916.0 9900.0 484.0 108.0 marck's
19452.0 9904.0 368.0 128.0 policy
19872.0 9908.0 112.0 100.0 in
20060.0 9904.0 148.0 104.0 all
20316.0 9908.0 620.0 124.0 Important
21048.0 9908.0 696.0 124.0 particulars.

18912.0 10048.0 132.0 100.0 In
19100.0 10048.0 332.0 104.0 order
19480.0 10064.0 108.0 84.0 to
19635.0 10048.0 268.0 104.0 curb
19952.0 10052.0 184.0 100.0 the
20184.0 10075.0 368.0 76.0 crown
20603.0 10052.0 504.0 124.0 princess
21152.0 10052.0 596.0 104.0 Bismarck

18908.0 10188.0 476.0 120.0 brought
19432.0 10192.0 336.0 100.0 about
19820.0 10199.0 184.0 92.0 the
20051.0 10192.0 224.0 104.0 late
20379.0 10192.0 476.0 108.0 election
20872.0 10267.0 24.0 44.0 ,
21016.0 10192.0 228.0 108.0 and
21355.0 10196.0 384.0 104.0 forced

18912.0 10335.0 188.0 100.0 the
19147.0 10335.0 360.0 100.0 Issues
19559.0 10344.0 116.0 92.0 In
19724.0 10344.0 272.0 96.0 such
20047.0 10364.0 60.0 72.0 a
20164.0 10360.0 248.0 96.0 way
20456.0 10364.0 124.0 72.0 as
20632.0 10348.0 112.0 92.0 to
20792.0 10335.0 380.0 104.0 obtain
21228.0 10368.0 68.0 72.0 a
21339.0 10352.0 404.0 100.0 strong

18908.0 10488.0 740.0 112.0 government
19703.0 10480.0 532.0 120.0 majority
20284.0 10484.0 124.0 96.0 of
20515.0 10480.0 1172.0 104.0 natlonal-llbcrallsts
21699.0 10552.0 32.0 56.0 ,

18912.0 10632.0 184.0 88.0 not
19111.0 10692.0 24.0 48.0 ,
19188.0 10647.0 124.0 72.0 as
19360.0 10620.0 140.0 104.0 he
19552.0 10620.0 352.0 112.0 might
19956.0 10620.0 352.0 120.0 easily
20404.0 10624.0 284.0 104.0 have
20792.0 10628.0 300.0 96.0 done
21091.0 10700.0 32.0 40.0 ,
21244.0 10632.0 120.0 92.0 of
21468.0 10647.0 216.0 80.0 con-

18908.0 10767.0 612.0 96.0 servatives
19568.0 10764.0 364.0 100.0 alone.
20072.0 10760.0 172.0 124.0 By
20291.0 10764.0 176.0 100.0 his
20512.0 10760.0 384.0 104.0 orders
20939.0 10764.0 192.0 104.0 the
21220.0 10792.0 476.0 76.0 conserv-

18908.0 10907.0 360.0 96.0 atives
19384.0 10932.0 280.0 92.0 ga\e
19771.0 10932.0 248.0 96.0 way
20132.0 10903.0 112.0 104.0 In
20363.0 10928.0 336.0 100.0 many
20811.0 10903.0 368.0 124.0 places
21303.0 10920.0 112.0 88.0 to
21552.0 10903.0 192.0 104.0 the

18916.0 11044.0 1000.0 108.0 national-liberals
19931.0 11120.0 24.0 48.0 ,
20316.0 11072.0 124.0 76.0 so
20783.0 11048.0 240.0 100.0 that
21416.0 11048.0 340.0 104.0 while

18916.0 11188.0 184.0 100.0 the
19344.0 11200.0 848.0 92.0 conservatives
20476.0 11188.0 408.0 124.0 gained
21172.0 11188.0 272.0 124.0 only
21687.0 11219.0 68.0 72.0 a

18916.0 11336.0 224.0 96.0 few
19543.0 11339.0 300.0 92.0 seats
20196.0 11328.0 184.0 104.0 the
20727.0 11328.0 1024.0 108.0 national-liberals

18916.0 11471.0 284.0 100.0 have
19319.0 11467.0 412.0 108.0 gained
19828.0 11475.0 304.0 116.0 forty
20223.0 11496.0 128.0 76.0 or
20435.0 11496.0 236.0 80.0 mor
20820.0 11484.0 332.0 92.0 seats.
21292.0 11471.0 132.0 104.0 In
21479.0 11500.0 268.0 80.0 con-

18919.0 11620.0 568.0 100.0 tlnuatlon
19543.0 11612.0 116.0 100.0 of
19712.0 11616.0 224.0 100.0 this
19988.0 11620.0 368.0 116.0 policy
20444.0 11612.0 580.0 108.0 Bismarck
21107.0 11616.0 228.0 104.0 will
21432.0 11640.0 288.0 80.0 soon

18916.0 11752.0 496.0 116.0 displace
19516.0 11783.0 216.0 76.0 one
19839.0 11783.0 128.0 76.0 or
20056.0 11780.0 300.0 80.0 more
20444.0 11764.0 772.0 100.0 conservative
21260.0 11760.0 456.0 104.0 cabinet

18919.0 11900.0 576.0 100.0 ministers
19599.0 11900.0 228.0 104.0 and
19940.0 11904.0 440.0 116.0 replace
20487.0 11900.0 300.0 108.0 them
20896.0 11904.0 140.0 120.0 by
21147.0 11900.0 584.0 108.0 national-

18912.0 12039.0 388.0 104.0 liberal
19407.0 12039.0 428.0 108.0 leaders
19848.0 12120.0 20.0 40.0 ,
19988.0 12068.0 220.0 80.0 one
20316.0 12052.0 124.0 92.0 of
20532.0 12047.0 364.0 100.0 whom
20996.0 12072.0 224.0 80.0 was
21231.0 12120.0 20.0 48.0 ,
21335.0 12047.0 140.0 124.0 by
21527.0 12047.0 196.0 100.0 the

18919.0 12212.0 244.0 92.0 way
19168.0 12256.0 28.0 48.0 ,
19247.0 12184.0 420.0 108.0 elected
19719.0 12204.0 112.0 84.0 to
19880.0 12188.0 188.0 100.0 the
20164.0 12188.0 556.0 124.0 leichbtag
20811.0 12200.0 144.0 112.0 by
21048.0 12184.0 688.0 108.0 Bismarck's

18912.0 12328.0 412.0 108.0 special
19371.0 12328.0 596.0 104.0 command
20024.0 12328.0 464.0 104.0 because
20535.0 12363.0 64.0 68.0 a
20700.0 12355.0 268.0 88.0 very
21016.0 12340.0 392.0 104.0 strong
21455.0 12355.0 268.0 80.0 man

18916.0 12476.0 92.0 96.0 Is
19095.0 12464.0 428.0 112.0 needed
19599.0 12476.0 180.0 100.0 for
19859.0 12472.0 188.0 104.0 the
20139.0 12476.0 532.0 124.0 ministry
20759.0 12476.0 120.0 96.0 of
20968.0 12476.0 476.0 108.0 tinauc3.
21583.0 12472.0 144.0 104.0 In

18916.0 12611.0 756.0 128.0 llerrMiquel
19748.0 12611.0 588.0 108.0 Bismarck
20428.0 12615.0 340.0 124.0 hopes
20860.0 12619.0 136.0 100.0 he
21088.0 12619.0 200.0 104.0 has
21348.0 12615.0 376.0 104.0 found

19384.0 12784.0 256.0 80.0 THE
19712.0 12784.0 560.0 80.0 UKMnElj
20343.0 12780.0 284.0 84.0 XEW
20700.0 12784.0 480.0 80.0 LEADKl
21199.0 12788.0 24.0 76.0 !
21228.0 12836.0 28.0 28.0 .

19028.0 12904.0 524.0 104.0 Another
19631.0 12904.0 348.0 100.0 result
20063.0 12912.0 124.0 92.0 ot
20279.0 12900.0 684.0 108.0 Bismarck's
21059.0 12904.0 368.0 128.0 policy
21520.0 12904.0 208.0 104.0 has

18912.0 13044.0 276.0 108.0 been
19280.0 13044.0 188.0 104.0 the
19568.0 13047.0 768.0 100.0 annihilation
20444.0 13051.0 124.0 96.0 of
20675.0 13047.0 188.0 104.0 the
21032.0 13047.0 688.0 120.0 fielslnnlgo

18912.0 13204.0 316.0 112.0 party
19235.0 13264.0 24.0 48.0 ,
19351.0 13191.0 372.0 104.0 which
19823.0 13191.0 92.0 100.0 Is
20011.0 13216.0 256.0 76.0 now
20352.0 13200.0 184.0 92.0 cut
20623.0 13183.0 332.0 108.0 down
21036.0 13191.0 288.0 100.0 from
21371.0 13191.0 356.0 120.0 sixty-

18912.0 13360.0 336.0 76.0 seven
19299.0 13344.0 116.0 96.0 to
19459.0 13332.0 356.0 104.0 under
19859.0 13340.0 432.0 116.0 twenty
20343.0 13336.0 592.0 100.0 members.
21143.0 13336.0 248.0 104.0 The
21464.0 13360.0 256.0 84.0 new

18912.0 13480.0 556.0 104.0 reichstag
19644.0 13476.0 200.0 100.0 has
20031.0 13476.0 312.0 104.0 three
20524.0 13503.0 332.0 92.0 years
21075.0 13488.0 120.0 92.0 to
21443.0 13503.0 212.0 76.0 run
21663.0 13544.0 32.0 60.0 ,

18912.0 13619.0 560.0 104.0 therefore
19656.0 13619.0 332.0 104.0 when
20220.0 13619.0 188.0 100.0 the
20627.0 13644.0 384.0 80.0 crown
21208.0 13619.0 516.0 120.0 princess

18919.0 13759.0 396.0 108.0 begins
19500.0 13768.0 116.0 96.0 to
19848.0 13763.0 240.0 100.0 rule
20320.0 13763.0 576.0 120.0 Germany
21127.0 13763.0 200.0 100.0 she
21507.0 13759.0 248.0 108.0 will

18924.0 13908.0 240.0 104.0 find
19211.0 13935.0 68.0 72.0 a
19332.0 13904.0 536.0 124.0 majority
19911.0 13912.0 188.0 96.0 too
20148.0 13912.0 396.0 116.0 strong
20591.0 13908.0 116.0 96.0 to
20811.0 13904.0 140.0 104.0 be
21036.0 13904.0 408.0 132.0 lightly
21543.0 13904.0 184.0 104.0 dis-

18928.0 14052.0 408.0 104.0 missed
19351.0 14123.0 24.0 48.0 ,
19436.0 14048.0 228.0 104.0 and
19712.0 14052.0 120.0 100.0 of
19891.0 14048.0 396.0 104.0 liberal
20376.0 14048.0 196.0 100.0 but
20679.0 14052.0 208.0 96.0 not
20987.0 14048.0 776.0 124.0 dangerously

18924.0 14191.0 420.0 108.0 radical
19436.0 14187.0 696.0 108.0 tendencies.
20327.0 14187.0 596.0 104.0 Bismarck
21039.0 14191.0 352.0 104.0 hopes
21475.0 14187.0 256.0 108.0 that
21728.0 14259.0 32.0 56.0 ,

18928.0 14344.0 492.0 96.0 whereas
19468.0 14331.0 200.0 100.0 the
19712.0 14360.0 372.0 76.0 crown
20148.0 14331.0 504.0 124.0 prlncoss
20700.0 14327.0 368.0 124.0 might
21156.0 14327.0 288.0 108.0 have
21536.0 14327.0 192.0 112.0 dls

18924.0 14476.0 384.0 104.0 solved
19355.0 14503.0 64.0 76.0 a
19468.0 14472.0 780.0 104.0 conservative
20291.0 14468.0 672.0 120.0 parliament
20971.0 14548.0 28.0 48.0 ,
21052.0 14472.0 204.0 104.0 she
21308.0 14472.0 228.0 104.0 will
21647.0 14443.0 124.0 136.0 ni

18924.0 14624.0 280.0 96.0 least
19256.0 14631.0 172.0 108.0 try
19475.0 14620.0 184.0 96.0 for
19703.0 14643.0 64.0 72.0 a
19816.0 14616.0 332.0 100.0 while
20191.0 14628.0 116.0 88.0 to
20356.0 14635.0 196.0 80.0 use
20612.0 14612.0 188.0 104.0 the
20851.0 14612.0 384.0 108.0 liberal
21355.0 14612.0 360.0 128.0 major-

18924.0 14763.0 160.0 124.0 ity
19132.0 14759.0 532.0 128.0 provided
19724.0 14763.0 176.0 96.0 tor
19936.0 14763.0 228.0 96.0 her.
20368.0 14755.0 496.0 128.0 Perhaps
20903.0 14763.0 140.0 100.0 he
21091.0 14759.0 236.0 100.0 also
21380.0 14759.0 356.0 124.0 hopes

18924.0 14908.0 244.0 104.0 that
19195.0 14936.0 64.0 72.0 a
19308.0 14928.0 268.0 100.0 year
19620.0 14932.0 128.0 72.0 or
19791.0 14912.0 224.0 92.0 two
20063.0 14903.0 124.0 96.0 of
20236.0 14899.0 268.0 104.0 such
20548.0 14895.0 256.0 108.0 trial
20860.0 14899.0 232.0 104.0 will
21140.0 14899.0 260.0 124.0 give
21443.0 14903.0 200.0 104.0 her
21692.0 14928.0 68.0 80.0 a-

18924.0 15075.0 256.0 76.0 new
19287.0 15048.0 252.0 104.0 idea
19644.0 15048.0 120.0 100.0 of
19911.0 15052.0 188.0 96.0 the
20207.0 15044.0 548.0 124.0 difficulty
20860.0 15048.0 124.0 96.0 of
21091.0 15044.0 644.0 140.0 Governing

18924.0 15196.0 480.0 112.0 through
19452.0 15192.0 684.0 112.0 parliament
20180.0 15219.0 64.0 72.0 a
20340.0 15188.0 392.0 100.0 nation
20851.0 15188.0 368.0 108.0 which
21315.0 15192.0 200.0 100.0 has
21611.0 15199.0 124.0 96.0 to

18924.0 15331.0 496.0 108.0 contend
19468.0 15335.0 276.0 100.0 with
19791.0 15335.0 192.0 100.0 the
20028.0 15331.0 508.0 100.0 absolute
20591.0 15356.0 376.0 84.0 power
21072.0 15335.0 124.0 96.0 of
21283.0 15331.0 456.0 104.0 Itussla.

19043.0 15480.0 244.0 100.0 The
19335.0 15475.0 1016.0 104.0 national-liberals
20404.0 15471.0 224.0 104.0 will
20684.0 15500.0 348.0 84.0 never
21068.0 15480.0 484.0 100.0 consent
21640.0 15480.0 120.0 100.0 to

18928.0 15620.0 400.0 108.0 curtail
19376.0 15628.0 188.0 96.0 the
19608.0 15616.0 608.0 124.0 emperor's
20264.0 15636.0 428.0 108.0 powers
20700.0 15692.0 28.0 48.0 ,
20824.0 15616.0 228.0 104.0 and
21140.0 15616.0 264.0 104.0 with
21500.0 15643.0 216.0 80.0 con-

18932.0 15764.0 552.0 108.0 servative
19520.0 15767.0 184.0 96.0 aid
19771.0 15787.0 204.0 80.0 can
20028.0 15764.0 136.0 100.0 bo
20248.0 15756.0 584.0 128.0 depended
20944.0 15787.0 300.0 96.0 upon
21360.0 15771.0 116.0 92.0 to
21588.0 15771.0 176.0 96.0 ro'

18932.0 15911.0 352.0 100.0 strain
19339.0 15903.0 424.0 104.0 \loleiit
19812.0 15932.0 124.0 76.0 or
19979.0 15903.0 428.0 100.0 sudden
20463.0 15903.0 596.0 104.0 alteration
21116.0 15903.0 124.0 100.0 of
21283.0 15903.0 188.0 104.0 the
21520.0 15903.0 240.0 124.0 poll

18932.0 16052.0 168.0 120.0 Icy
19152.0 16052.0 364.0 104.0 which
19576.0 16048.0 580.0 104.0 Bismarck
20203.0 16043.0 200.0 104.0 has
20451.0 16043.0 460.0 128.0 already
20960.0 16043.0 504.0 128.0 planned
21576.0 16048.0 184.0 104.0 for

18932.0 16196.0 180.0 104.0 his
19351.0 16215.0 604.0 80.0 successor.
20203.0 16188.0 320.0 120.0 They
20743.0 16215.0 192.0 76.0 arc
21143.0 16192.0 604.0 108.0 suspected

18932.0 16339.0 116.0 100.0 of
19292.0 16363.0 68.0 76.0 a
19595.0 16332.0 464.0 124.0 leaning
20288.0 16328.0 428.0 108.0 toward
20968.0 16332.0 236.0 104.0 free
21412.0 16332.0 316.0 108.0 trade
21728.0 16407.0 32.0 52.0 ,

18932.0 16483.0 196.0 100.0 but
19287.0 16479.0 228.0 100.0 this
19672.0 16475.0 232.0 104.0 will
20063.0 16475.0 136.0 104.0 bo
20368.0 16475.0 700.0 108.0 neutralized
21235.0 16479.0 144.0 120.0 by
21559.0 16479.0 192.0 104.0 the

18928.0 16628.0 268.0 124.0 high
19303.0 16624.0 304.0 104.0 tariff
19716.0 16620.0 396.0 104.0 beliefs
20212.0 16624.0 128.0 96.0 of
20447.0 16615.0 188.0 104.0 the
20724.0 16628.0 392.0 96.0 center
21228.0 16620.0 524.0 108.0 Catholic

18935.0 16772.0 320.0 116.0 party
19264.0 16843.0 24.0 40.0 ,
19348.0 16768.0 368.0 104.0 which
19787.0 16768.0 200.0 96.0 has
20076.0 16764.0 456.0 120.0 alieady
20591.0 16764.0 668.0 124.0 Informally
21344.0 16764.0 416.0 124.0 agrceil

18944.0 16915.0 112.0 96.0 to
19100.0 16911.0 188.0 100.0 aid
19335.0 16907.0 192.0 104.0 the
19572.0 16907.0 836.0 104.0 conservatives
20456.0 16907.0 116.0 96.0 In
20627.0 16904.0 536.0 120.0 icslstlng
21211.0 16931.0 224.0 100.0 any
21488.0 16907.0 216.0 104.0 low-

18932.0 17059.0 328.0 116.0 ering
19308.0 17064.0 116.0 92.0 ot
19475.0 17051.0 188.0 104.0 the
19768.0 17055.0 452.0 116.0 present
20272.0 17047.0 340.0 104.0 tariff.
20763.0 17047.0 512.0 104.0 Uismark
21387.0 17051.0 96.0 100.0 Is
21604.0 17059.0 144.0 96.0 de-

18935.0 17200.0 512.0 124.0 stroying
19547.0 17196.0 148.0 104.0 all
19807.0 17192.0 188.0 104.0 the
20099.0 17220.0 384.0 80.0 crown
20596.0 17192.0 536.0 124.0 princess'
21256.0 17196.0 508.0 124.0 political

18948.0 17340.0 428.0 104.0 friends
19387.0 17415.0 20.0 40.0 ,
19524.0 17340.0 192.0 100.0 but
19764.0 17348.0 116.0 92.0 at
19920.0 17340.0 184.0 100.0 the
20151.0 17363.0 308.0 72.0 same
20551.0 17336.0 268.0 104.0 time
20908.0 17336.0 608.0 124.0 providing
21563.0 17340.0 204.0 104.0 her

18944.0 17487.0 272.0 100.0 with
19324.0 17508.0 64.0 76.0 a
19439.0 17508.0 252.0 76.0 new
19739.0 17491.0 164.0 92.0 set
19952.0 17483.0 124.0 96.0 of
20180.0 17479.0 436.0 100.0 friends
20664.0 17479.0 680.0 124.0 sulllclently
21400.0 17499.0 112.0 84.0 to
21563.0 17479.0 204.0 108.0 her

18944.0 17631.0 288.0 100.0 taste
19272.0 17644.0 112.0 84.0 to
19436.0 17623.0 328.0 104.0 make
19855.0 17627.0 84.0 100.0 It
19988.0 17619.0 276.0 104.0 hard
20316.0 17627.0 176.0 96.0 for
20600.0 17619.0 200.0 104.0 her
20835.0 17640.0 112.0 84.0 to
20996.0 17623.0 436.0 124.0 quarrel
21491.0 17623.0 276.0 104.0 with
21760.0 17700.0 16.0 28.0 ,

18948.0 17772.0 332.0 104.0 them.
19412.0 17768.0 360.0 104.0 Thcro
19884.0 17768.0 92.0 100.0 Is
20083.0 17792.0 152.0 76.0 no
20343.0 17764.0 480.0 108.0 mistake
20915.0 17792.0 128.0 76.0 so
21088.0 17780.0 316.0 100.0 great
21484.0 17792.0 124.0 76.0 as
21656.0 17776.0 120.0 96.0 to

18944.0 17935.0 560.0 104.0 suppposo
19552.0 17908.0 240.0 108.0 that
19848.0 17908.0 404.0 108.0 Prince
20304.0 17908.0 532.0 104.0 Uismark
20880.0 17908.0 92.0 104.0 Is
21023.0 17916.0 204.0 96.0 not

19368.0 18075.0 700.0 84.0 rnoviDixo
20168.0 18075.0 240.0 80.0 KOK
20456.0 18075.0 260.0 84.0 TUB
20824.0 18075.0 544.0 84.0 ruTUitK.

19075.0 18199.0 364.0 104.0 Whcn
19520.0 18195.0 136.0 104.0 hu
19739.0 18199.0 272.0 100.0 does
20103.0 18195.0 84.0 100.0 it
20264.0 18199.0 228.0 100.0 will
20587.0 18195.0 136.0 100.0 be
20820.0 18195.0 364.0 104.0 found
21260.0 18199.0 244.0 100.0 that
21588.0 18203.0 208.0 100.0 not

18951.0 18344.0 268.0 116.0 only
19272.0 18348.0 204.0 100.0 has
19540.0 18344.0 136.0 100.0 ho
19724.0 18340.0 560.0 128.0 provided
20372.0 18367.0 68.0 72.0 a
20492.0 18340.0 368.0 124.0 policy
20912.0 18340.0 180.0 104.0 for
21143.0 18340.0 176.0 104.0 his
21364.0 18367.0 388.0 80.0 succes-

18955.0 18511.0 248.0 80.0 sors
19204.0 18559.0 32.0 48.0 ,
19287.0 18484.0 196.0 104.0 but
19527.0 18488.0 244.0 100.0 that
19859.0 18480.0 228.0 104.0 this
20180.0 18480.0 368.0 128.0 policy
20603.0 18484.0 92.0 100.0 Is
20743.0 18507.0 128.0 76.0 so
20924.0 18484.0 552.0 120.0 arranged
21547.0 18480.0 252.0 112.0 that

18955.0 18656.0 280.0 76.0 e\en
19292.0 18627.0 148.0 100.0 Its
19488.0 18627.0 508.0 100.0 bitterest
20040.0 18647.0 412.0 100.0 enemy
20451.0 18699.0 28.0 44.0 ,
20535.0 18623.0 192.0 104.0 the
20788.0 18652.0 384.0 76.0 crown
21231.0 18627.0 508.0 124.0 princess
21748.0 18699.0 32.0 52.0 ,

18955.0 18771.0 228.0 104.0 will
19276.0 18771.0 132.0 100.0 be
19500.0 18763.0 380.0 108.0 foieed
19963.0 18776.0 116.0 96.0 to
20164.0 18792.0 320.0 96.0 carry
20535.0 18767.0 88.0 100.0 It
20707.0 18771.0 244.0 100.0 out.
21100.0 18767.0 336.0 104.0 What
21531.0 18767.0 200.0 108.0 Bis-

18955.0 18916.0 384.0 100.0 marck
19488.0 18912.0 408.0 116.0 chiefly
19979.0 18908.0 404.0 104.0 dreads
20532.0 18932.0 100.0 80.0 is
20740.0 18908.0 244.0 104.0 that
21091.0 18908.0 192.0 108.0 the
21387.0 18935.0 392.0 84.0 crowu

18955.0 19056.0 504.0 128.0 princess
19507.0 19052.0 236.0 104.0 will
19836.0 19056.0 308.0 104.0 foice
20216.0 19056.0 576.0 116.0 Geimany
20844.0 19052.0 352.0 104.0 Intoa
21272.0 19056.0 496.0 104.0 Ktis.slan

18960.0 19228.0 232.0 76.0 war
19276.0 19199.0 116.0 104.0 in
19480.0 19195.0 324.0 104.0 order
19891.0 19203.0 116.0 96.0 to
20096.0 19191.0 436.0 108.0 sustain
20652.0 19191.0 480.0 124.0 Kngllsh
21247.0 19199.0 540.0 104.0 Interests

18960.0 19343.0 116.0 100.0 In
19208.0 19339.0 544.0 124.0 Bulgaria
19875.0 19335.0 228.0 108.0 and
20228.0 19335.0 496.0 128.0 Turkey.
20980.0 19339.0 116.0 104.0 If
21220.0 19339.0 176.0 104.0 his
21520.0 19368.0 212.0 80.0 con-

18960.0 19488.0 556.0 100.0 servative
19680.0 19484.0 440.0 104.0 frleuds
20252.0 19480.0 116.0 108.0 In
20499.0 19480.0 388.0 104.0 Berlin
21007.0 19507.0 188.0 80.0 are
21315.0 19488.0 432.0 104.0 correct
21748.0 19556.0 40.0 56.0 ,

18960.0 19628.0 244.0 104.0 said
19319.0 19651.0 192.0 100.0 my
19579.0 19628.0 628.0 104.0 informant
20220.0 19699.0 28.0 44.0 ,
20363.0 19624.0 408.0 108.0 Prince
20880.0 19624.0 596.0 108.0 Bismarck
21583.0 19628.0 212.0 108.0 has

18968.0 19771.0 456.0 116.0 bluntly
19472.0 19767.0 460.0 108.0 warned
19992.0 19767.0 464.0 104.0 Austria
20508.0 19771.0 244.0 100.0 that
20811.0 19767.0 140.0 104.0 he
21052.0 19775.0 360.0 100.0 wants
21524.0 19771.0 284.0 104.0 HUH-

18964.0 19920.0 168.0 100.0 sla
19176.0 19928.0 116.0 92.0 to
19339.0 19915.0 264.0 104.0 take
19660.0 19911.0 532.0 124.0 Bulgaria
20196.0 19988.0 32.0 48.0 ,
20307.0 19911.0 228.0 104.0 and
20652.0 19915.0 248.0 100.0 that
21003.0 19915.0 96.0 100.0 if
21204.0 19915.0 192.0 104.0 the
21504.0 19920.0 308.0 104.0 Aus-

18968.0 20060.0 360.0 104.0 trlans
19376.0 20056.0 372.0 128.0 object
19796.0 20083.0 124.0 76.0 or
19963.0 20060.0 316.0 100.0 show
20324.0 20056.0 280.0 112.0 tight
20648.0 20056.0 268.0 124.0 they
20964.0 20060.0 148.0 100.0 do
21159.0 20083.0 124.0 80.0 so
21332.0 20068.0 116.0 96.0 at
21500.0 20060.0 300.0 104.0 their

18968.0 20231.0 260.0 76.0 own
19283.0 20203.0 280.0 108.0 risk.
19708.0 20199.0 104.0 104.0 It
19864.0 20203.0 96.0 100.0 Is
20004.0 20199.0 236.0 104.0 also
20284.0 20203.0 376.0 100.0 .stated
20711.0 20203.0 108.0 100.0 In
20892.0 20199.0 380.0 108.0 Berlin
21287.0 20279.0 28.0 44.0 ,
21416.0 20227.0 232.0 80.0 and
21699.0 20203.0 100.0 104.0 In

18976.0 20347.0 480.0 104.0 without
19504.0 20343.0 348.0 108.0 doubt
19904.0 20364.0 244.0 84.0 tme
20151.0 20419.0 24.0 44.0 ,
20232.0 20347.0 244.0 100.0 that
20528.0 20343.0 188.0 104.0 the
20820.0 20347.0 348.0 100.0 dread
21276.0 20347.0 124.0 100.0 of
21504.0 20347.0 312.0 108.0 what

18971.0 20496.0 188.0 100.0 the
19211.0 20515.0 376.0 80.0 crown
19647.0 20492.0 508.0 116.0 princess
20203.0 20515.0 260.0 96.0 may
20551.0 20492.0 144.0 100.0 do
20747.0 20492.0 116.0 96.0 In
20964.0 20492.0 188.0 100.0 the
21247.0 20492.0 384.0 104.0 future
21719.0 20492.0 100.0 108.0 Is

18976.0 20659.0 260.0 76.0 now
19339.0 20663.0 68.0 72.0 u
19500.0 20636.0 304.0 100.0 main
19904.0 20636.0 360.0 100.0 factor
20372.0 20632.0 112.0 100.0 In
20603.0 20628.0 456.0 128.0 forcing
21168.0 20663.0 68.0 72.0 a
21364.0 20632.0 448.0 108.0 French

18971.0 20803.0 236.0 76.0 war
19491.0 20799.0 304.0 100.0 upon
20087.0 20771.0 628.0 104.0 JJisuiarck.
21020.0 20771.0 248.0 104.0 The
21552.0 20803.0 256.0 76.0 em-

18976.0 20919.0 412.0 124.0 peroi's
19455.0 20915.0 336.0 104.0 death
19803.0 20991.0 24.0 44.0 ,
19888.0 20915.0 136.0 104.0 he
20072.0 20915.0 580.0 104.0 considers
20659.0 20983.0 28.0 52.0 ,
20743.0 20915.0 376.0 104.0 would
21220.0 20940.0 324.0 80.0 mean
21647.0 20944.0 152.0 80.0 an

18971.0 21064.0 408.0 100.0 almost
19507.0 21060.0 440.0 104.0 Instant
20103.0 21084.0 232.0 76.0 war
20496.0 21060.0 268.0 104.0 with
20944.0 21060.0 436.0 104.0 Russia.
21572.0 21060.0 252.0 108.0 The

18976.0 21208.0 580.0 100.0 reference
19611.0 21208.0 292.0 96.0 must
19995.0 21200.0 724.0 108.0 buiciushed
20811.0 21200.0 344.0 108.0 while
21204.0 21200.0 188.0 108.0 the
21439.0 21204.0 384.0 112.0 kaiser

18980.0 21351.0 96.0 104.0 Is
19120.0 21347.0 232.0 104.0 still
19403.0 21351.0 292.0 100.0 alive
19703.0 21423.0 28.0 44.0 ,
19784.0 21347.0 264.0 100.0 thus
20124.0 21347.0 436.0 116.0 freeing
20648.0 21343.0 580.0 128.0 Germany
21276.0 21351.0 292.0 100.0 from
21620.0 21351.0 192.0 104.0 the

18980.0 21495.0 240.0 100.0 fear
19260.0 21495.0 124.0 96.0 of
19428.0 21491.0 340.0 120.0 being
19812.0 21487.0 476.0 108.0 crushed
20343.0 21491.0 112.0 100.0 in
20515.0 21487.0 236.0 104.0 1SS3
20799.0 21499.0 508.0 96.0 between
21371.0 21491.0 436.0 108.0 France

18980.0 21640.0 224.0 104.0 and
19256.0 21636.0 460.0 104.0 liussla.
19848.0 21632.0 244.0 108.0 The
20196.0 21659.0 228.0 76.0 war
20535.0 21632.0 816.0 120.0 \\ithFrancc.
21448.0 21636.0 360.0 108.0 there-

18984.0 21791.0 240.0 92.0 lore
19231.0 21855.0 24.0 40.0 ,
19312.0 21783.0 328.0 100.0 waits
19716.0 21780.0 268.0 120.0 only
20099.0 21776.0 288.0 104.0 until
20499.0 21776.0 408.0 104.0 liussla
21016.0 21776.0 292.0 108.0 shall
21412.0 21780.0 132.0 104.0 be
21631.0 21787.0 192.0 100.0 too

18980.0 21927.0 420.0 120.0 closely
19443.0 21923.0 508.0 124.0 engaged
20008.0 21919.0 112.0 104.0 in
20180.0 21919.0 532.0 116.0 Bulgaria
20792.0 21923.0 112.0 100.0 to
21016.0 21919.0 188.0 104.0 aid
21315.0 21923.0 476.0 104.0 France.

18984.0 22071.0 196.0 120.0 My
19231.0 22071.0 632.0 104.0 informant
19916.0 22063.0 216.0 108.0 had
20187.0 22067.0 240.0 100.0 also
20476.0 22080.0 332.0 92.0 mucli
20899.0 22076.0 112.0 96.0 to
21104.0 22092.0 204.0 100.0 say
21396.0 22067.0 400.0 112.0 icgard

18987.0 22212.0 196.0 120.0 ing

19500.0 22379.0 212.0 80.0 Till
19724.0 22383.0 32.0 76.0 :
19807.0 22375.0 784.0 88.0 DIPLOMATIC
20639.0 22375.0 668.0 84.0 STHUOOI.U

18991.0 22499.0 368.0 108.0 which
19452.0 22503.0 140.0 100.0 he
19635.0 22507.0 344.0 96.0 states
19992.0 22575.0 24.0 48.0 ,
20072.0 22503.0 200.0 96.0 has
20359.0 22499.0 344.0 120.0 lately
20752.0 22524.0 292.0 88.0 gone
21091.0 22524.0 148.0 76.0 on
21296.0 22499.0 512.0 104.0 between

18991.0 22643.0 408.0 104.0 Itussla
19448.0 22643.0 224.0 104.0 and
19724.0 22648.0 572.0 116.0 Germany
20340.0 22648.0 184.0 96.0 lor
20607.0 22664.0 140.0 80.0 an
20815.0 22639.0 408.0 104.0 Italian
21280.0 22639.0 520.0 108.0 alliance.

18987.0 22788.0 280.0 104.0 This
19316.0 22807.0 96.0 84.0 is
19459.0 22788.0 188.0 100.0 the
19696.0 22784.0 240.0 104.0 talk
19979.0 22784.0 124.0 100.0 of
20187.0 22792.0 188.0 92.0 the
20467.0 22780.0 244.0 104.0 best
20779.0 22780.0 576.0 108.0 Informed
21412.0 22784.0 396.0 104.0 Berlin

18987.0 22927.0 424.0 112.0 circles.
19547.0 22923.0 176.0 104.0 He
19768.0 22951.0 260.0 92.0 says
20076.0 22931.0 188.0 96.0 tlm
20307.0 22923.0 332.0 100.0 effort
20716.0 22923.0 200.0 100.0 has
21007.0 22923.0 280.0 104.0 been
21339.0 22943.0 120.0 84.0 to
21527.0 22923.0 284.0 108.0 bind

18991.0 23071.0 292.0 120.0 Italy
19332.0 23071.0 360.0 100.0 either
19755.0 23087.0 112.0 80.0 to
19924.0 23067.0 404.0 100.0 liussla
20415.0 23092.0 128.0 76.0 or
20632.0 23063.0 572.0 128.0 Germany
21303.0 23063.0 148.0 124.0 by
21540.0 23096.0 204.0 100.0 pro-

18991.0 23216.0 248.0 100.0 fuse
19332.0 23216.0 340.0 100.0 offers
19776.0 23211.0 124.0 100.0 of
20004.0 23216.0 564.0 116.0 territory.
20711.0 23207.0 572.0 128.0 Germany
21360.0 23211.0 464.0 128.0 offered.

18996.0 23367.0 84.0 96.0 It
19208.0 23360.0 96.0 100.0 Is
19407.0 23352.0 240.0 104.0 said
19667.0 23427.0 28.0 48.0 ,
19800.0 23356.0 148.0 104.0 all
20056.0 23360.0 192.0 96.0 the
20352.0 23352.0 188.0 104.0 old
20655.0 23344.0 416.0 112.0 Italian
21204.0 23352.0 624.0 120.0 provinces

18991.0 23507.0 120.0 96.0 of
19244.0 23499.0 432.0 104.0 Franco
19803.0 23495.0 116.0 104.0 In
20056.0 23503.0 376.0 96.0 return
20568.0 23499.0 180.0 100.0 for
20835.0 23495.0 192.0 104.0 the
21136.0 23495.0 676.0 128.0 occupation

18996.0 23647.0 120.0 100.0 of
19244.0 23643.0 312.0 108.0 these
19683.0 23643.0 592.0 124.0 provinces
20388.0 23643.0 140.0 124.0 by
20603.0 23639.0 292.0 120.0 Italy
21023.0 23668.0 124.0 76.0 as
21272.0 23668.0 276.0 76.0 soon
21683.0 23668.0 128.0 80.0 as-

18996.0 23819.0 64.0 76.0 a
19116.0 23783.0 960.0 108.0 Franco-German
20171.0 23811.0 228.0 76.0 war
20503.0 23788.0 404.0 100.0 breaks
21007.0 23792.0 228.0 100.0 out.
21375.0 23783.0 408.0 104.0 liussla
21796.0 23856.0 32.0 56.0 ,

18996.0 23959.0 148.0 80.0 on
19199.0 23935.0 188.0 100.0 the
19420.0 23932.0 320.0 104.0 other
19784.0 23928.0 304.0 104.0 hand
20099.0 24003.0 28.0 40.0 ,
20184.0 23932.0 416.0 100.0 offered
20652.0 23928.0 188.0 104.0 the
20887.0 23928.0 548.0 104.0 Austrian
21536.0 23928.0 296.0 128.0 tyrol

19003.0 24087.0 112.0 92.0 to
19168.0 24075.0 292.0 124.0 Italy
19511.0 24075.0 112.0 104.0 In
19699.0 24079.0 384.0 100.0 return
20139.0 24075.0 176.0 100.0 lor
20359.0 24095.0 144.0 80.0 an
20607.0 24067.0 412.0 108.0 Italian
21140.0 24071.0 484.0 124.0 promise
21719.0 24083.0 124.0 92.0 to

19007.0 24215.0 428.0 112.0 remain
19495.0 24215.0 472.0 108.0 neutral.
20112.0 24211.0 296.0 128.0 Italy
20444.0 24236.0 244.0 80.0 was
20795.0 24223.0 116.0 92.0 at
21027.0 24219.0 236.0 100.0 first
21364.0 24244.0 68.0 76.0 a
21536.0 24211.0 304.0 112.0 little

19003.0 24364.0 448.0 104.0 dazzled
19504.0 24368.0 140.0 112.0 by
19692.0 24364.0 192.0 100.0 the
19927.0 24360.0 484.0 100.0 German
20467.0 24360.0 284.0 104.0 offer
20752.0 24428.0 28.0 44.0 ,
20835.0 24360.0 196.0 100.0 bul
21120.0 24360.0 296.0 104.0 after
21507.0 24355.0 336.0 104.0 much

19012.0 24507.0 572.0 120.0 wavering
19631.0 24503.0 388.0 124.0 finally
20063.0 24500.0 468.0 104.0 decided
20580.0 24500.0 188.0 104.0 thn
20795.0 24527.0 628.0 100.0 conqueror
21459.0 24500.0 112.0 108.0 In
21604.0 24527.0 240.0 96.0 any

19007.0 24647.0 448.0 124.0 general
19504.0 24647.0 592.0 124.0 Huiopean
20155.0 24671.0 228.0 76.0 war
20424.0 24651.0 300.0 96.0 must
20763.0 24643.0 432.0 128.0 cripple
21283.0 24643.0 188.0 104.0 the
21579.0 24671.0 212.0 80.0 con-

19007.0 24791.0 408.0 132.0 quered
19540.0 24795.0 140.0 116.0 by
19787.0 24791.0 396.0 124.0 giving
20295.0 24787.0 524.0 124.0 territory
20924.0 24804.0 120.0 88.0 to
21091.0 24783.0 296.0 132.0 Italy
21416.0 24812.0 32.0 100.0 ;
21559.0 24787.0 248.0 104.0 that
21803.0 24863.0 36.0 44.0 ,

19012.0 24944.0 552.0 96.0 therefore
19572.0 25011.0 24.0 40.0 ,
19651.0 24932.0 144.0 128.0 by
19828.0 24932.0 468.0 116.0 making
20336.0 24955.0 148.0 80.0 no
20515.0 24928.0 448.0 108.0 treaties
21007.0 24955.0 208.0 80.0 nor
21251.0 24932.0 544.0 128.0 promises
21807.0 25008.0 28.0 52.0 ,

19016.0 25079.0 292.0 124.0 Italy
19387.0 25075.0 372.0 108.0 would
19839.0 25075.0 480.0 104.0 without
20388.0 25075.0 236.0 100.0 risk
20695.0 25071.0 264.0 112.0 gain
21059.0 25075.0 144.0 104.0 all
21308.0 25079.0 236.0 100.0 that
21635.0 25091.0 212.0 88.0 she

19012.0 25223.0 328.0 108.0 could
19391.0 25223.0 284.0 124.0 hope
19728.0 25231.0 112.0 92.0 to
19884.0 25219.0 256.0 120.0 gain
20200.0 25219.0 144.0 124.0 by
20392.0 25215.0 396.0 120.0 taking
20860.0 25223.0 252.0 116.0 part
21159.0 25219.0 116.0 104.0 In
21332.0 25219.0 188.0 104.0 thu
21568.0 25243.0 272.0 84.0 war.

19016.0 25367.0 216.0 104.0 For
19276.0 25363.0 224.0 104.0 this
19552.0 25388.0 400.0 84.0 reason
20004.0 25363.0 192.0 104.0 the
20252.0 25359.0 572.0 108.0 Berllncrs
20896.0 25359.0 428.0 108.0 believe
21371.0 25359.0 304.0 128.0 Italy
21715.0 25363.0 128.0 104.0 to

19020.0 25512.0 128.0 100.0 be
19195.0 25508.0 228.0 108.0 still
19475.0 25512.0 236.0 100.0 free
19760.0 25527.0 292.0 84.0 trom
20103.0 25527.0 228.0 100.0 any
20420.0 25512.0 364.0 112.0 treaty
20872.0 25500.0 688.0 120.0 obligations
21604.0 25504.0 244.0 108.0 and

19016.0 25679.0 192.0 76.0 are
19251.0 25651.0 504.0 108.0 Inclined
19807.0 25655.0 116.0 100.0 to
19972.0 25647.0 336.0 104.0 think
20359.0 25647.0 248.0 104.0 well
20716.0 25647.0 128.0 104.0 of
20960.0 25647.0 416.0 104.0 Italian
21491.0 25643.0 320.0 124.0 diplo-

18808.0 25855.0 36.0 28.0 -
19023.0 25820.0 320.0 104.0 macy
19396.0 25795.0 176.0 100.0 for
19615.0 25795.0 148.0 104.0 Its
19832.0 25787.0 1008.0 128.0 foreslghtedness.

18808.0 25971.0 40.0 24.0 -
19140.0 25939.0 48.0 104.0 I
19240.0 25944.0 424.0 100.0 cannot
19732.0 25944.0 612.0 112.0 guarantee
20451.0 25935.0 148.0 104.0 all
20711.0 25944.0 316.0 100.0 these
21131.0 25939.0 600.0 104.0 statement
21744.0 25967.0 60.0 72.0 *
21807.0 26016.0 32.0 52.0 ,

19020.0 26084.0 200.0 104.0 but
19264.0 26091.0 116.0 96.0 at
19428.0 26084.0 280.0 104.0 least
19755.0 26084.0 260.0 124.0 they
20067.0 26107.0 188.0 80.0 arc
20307.0 26080.0 676.0 128.0 Interesting
20987.0 26155.0 24.0 52.0 ,
21064.0 26087.0 228.0 100.0 and
21348.0 26084.0 500.0 108.0 whether

19023.0 26231.0 244.0 100.0 true
19371.0 26251.0 128.0 80.0 or
19604.0 26223.0 288.0 104.0 false
20004.0 26227.0 264.0 124.0 they
20372.0 26227.0 312.0 104.0 show
20792.0 26227.0 196.0 104.0 the
21100.0 26227.0 544.0 108.0 situation
21719.0 26251.0 136.0 80.0 an

19023.0 26367.0 436.0 104.0 viewed
19511.0 26371.0 140.0 124.0 by
19696.0 26400.0 68.0 76.0 a
19859.0 26367.0 364.0 108.0 clever
20272.0 26371.0 488.0 104.0 German
20815.0 26367.0 276.0 112.0 with
21140.0 26367.0 720.0 132.0 exceptional

19023.0 26511.0 840.0 120.0 opportunities
19911.0 26520.0 112.0 100.0 to
20067.0 26511.0 384.0 108.0 obtain
20539.0 26531.0 428.0 88.0 correct
21048.0 26516.0 784.0 108.0 Information.

19687.0 26763.0 356.0 116.0 They
20119.0 26763.0 400.0 92.0 Conic
20596.0 26772.0 132.0 84.0 to
20799.0 26759.0 424.0 104.0 Grief.

19976.0 26896.0 280.0 108.0 A'bi
20191.0 26923.0 28.0 88.0 ]
20288.0 26900.0 72.0 88.0 J
20356.0 26931.0 24.0 52.0 <
20388.0 26919.0 240.0 68.0 itntt
20672.0 26900.0 412.0 92.0 Gtmlvn
21152.0 26904.0 456.0 96.0 Iltnnttl.
21624.0 26904.0 36.0 108.0 ]

19168.0 27028.0 516.0 108.0 LONDON
19696.0 27103.0 24.0 40.0 ,
19836.0 27028.0 388.0 108.0 March
20336.0 27032.0 88.0 96.0 a
20571.0 27028.0 36.0 128.0 [
20627.0 27024.0 276.0 116.0 Now
21023.0 27028.0 304.0 108.0 York
21423.0 27032.0 432.0 112.0 Herald

19036.0 27167.0 904.0 116.0 Cable-Special
19992.0 27179.0 116.0 96.0 to
20171.0 27171.0 192.0 104.0 the
20415.0 27171.0 344.0 132.0 BEE.J
20912.0 27167.0 300.0 112.0 Lord
21283.0 27175.0 572.0 104.0 Lonsdalo

19036.0 27315.0 228.0 108.0 and
19303.0 27311.0 280.0 112.0 Miss
19647.0 27311.0 368.0 108.0 Violet
20063.0 27315.0 548.0 100.0 Cameron
20684.0 27311.0 624.0 132.0 distinctly
21371.0 27344.0 324.0 80.0 came
21739.0 27323.0 124.0 100.0 to

19036.0 27455.0 292.0 120.0 grief
19376.0 27459.0 116.0 104.0 In
19547.0 27459.0 188.0 108.0 the
19784.0 27468.0 312.0 96.0 court
20144.0 27459.0 124.0 100.0 of
20336.0 27463.0 32.0 84.0 (
20383.0 27459.0 452.0 124.0 Jut-en's
20928.0 27459.0 364.0 108.0 bench
21387.0 27463.0 228.0 104.0 this
21699.0 27463.0 124.0 104.0 af-

18815.0 27711.0 44.0 32.0 "
19039.0 27611.0 472.0 96.0 ternoon
19608.0 27600.0 388.0 108.0 before
20076.0 27600.0 380.0 124.0 Judge
20551.0 27600.0 312.0 108.0 Field
20880.0 27675.0 28.0 48.0 ,
21003.0 27615.0 252.0 92.0 who
21263.0 27679.0 28.0 48.0 ,
21348.0 27603.0 116.0 104.0 In
21520.0 27631.0 64.0 76.0 u
21628.0 27607.0 236.0 108.0 suit

19043.0 27747.0 472.0 116.0 brought
19595.0 27743.0 456.0 116.0 against
20155.0 27743.0 300.0 108.0 them
20568.0 27743.0 144.0 128.0 by
20863.0 27747.0 340.0 108.0 Mine.
21355.0 27747.0 504.0 116.0 CarnelU

18944.0 27939.0 28.0 100.0 I
19043.0 27887.0 408.0 108.0 Danka
19459.0 27963.0 28.0 52.0 ,
19543.0 27887.0 184.0 104.0 the
19780.0 27903.0 420.0 92.0 octrees
20207.0 27963.0 24.0 52.0 ,
20288.0 27887.0 180.0 116.0 for
20519.0 27887.0 400.0 112.0 breach
20968.0 27895.0 128.0 104.0 of
21179.0 27899.0 512.0 108.0 contract
21735.0 27891.0 116.0 120.0 ll
