21196 26372
2001 908 1100 189 WEATHER.

1421 1108 689 141 Generally
2138 1107 298 123 fair
2462 1094 505 177 tonight
2981 1094 320 129 and
3315 1100 444 117 tomor-

1318 1238 331 105 row;
1686 1212 334 141 light
1990 1205 649 135 westerly
2566 1204 452 117 winds.

1427 1381 866 135 Temperature
2328 1381 241 111 for
2582 1364 803 141 twenty-four
3383 1363 425 123 hours

1322 1481 506 135 ending
1792 1480 133 117 2
1892 1502 352 105 p.m.:
2212 1468 596 141 Highest,
2819 1469 197 135 88,
3009 1477 213 111 at
3200 1468 312 117 3:30
3472 1484 312 117 p.m.

1319 1580 686 141 yesterday;
2038 1578 446 129 lowest,
2499 1569 194 135 62,
2698 1582 197 105 at
2891 1572 123 117 6
2989 1597 304 87 a.m.
3324 1570 400 129 today.

1428 1742 334 129 Full
1773 1745 446 135 report
2210 1765 235 87 on
2415 1751 373 123 page
2787 1736 133 117 7.

17973 906 751 225 "From
18575 907 604 219 PresM
19139 942 283 177 to
19298 902 697 225 Home

18079 1218 809 225 Within
18842 1219 370 219 the
19102 1218 731 225 Hour"

17410 1892 153 117 ft
17438 1903 415 99 wont
17862 1879 330 123 Wet
18195 1873 788 135 Circulation,
18989 1875 504 123 Month
19503 1875 207 123 of
19728 1872 370 141 July,

17412 2018 339 129 1916*
17699 2012 460 141 Dally
18085 2012 625 141 Average,
18690 2014 457 129 79,828;
19142 2017 533 135 Sunday,
19654 2019 444 123 56,570w

607 2481 408 207 No.
1065 2466 642 249 29,422.

6566 2416 1708 261 WASHINGTON,
8304 2424 323 213 D.
8682 2407 339 267 C.,
9177 2399 1313 267 SATURDAY,
10551 2406 1072 225 AUGUST
11667 2396 307 261 26,
12101 2401 1681 231 1916-SIXTEEN
13738 2399 879 219 PAGES.

19275 2388 630 213 ONE
19881 2380 737 237 CENT.

20605 2640 143 117 3?

490 4797 766 231 Teutons
1262 4771 828 291 Repulsed
2083 4763 971 267 Practically

828 5082 263 225 at
1078 5067 568 267 Every
1615 5070 513 225 Point
2112 5064 310 261 by
2393 5062 219 225 Al-

1245 5349 337 231 lied
1545 5349 765 231 Soldiers.

499 5835 901 243 SUCCESS
1385 5824 563 237 NEAR
1909 5816 827 237 TAHURE

1010 6116 786 237 PROVES
1772 6089 1282 255 SHORT-LIVED

477 6610 637 177 Teutons
1068 6607 432 171 Able
1499 6618 204 153 to
1638 6599 487 171 Make
2083 6596 305 165 No
2352 6588 675 165 Advance

991 6842 225 153 at
1179 6821 578 207 Fleury
1720 6824 344 165 and
2021 6810 509 177 Thiau-

1507 7052 465 165 raont.

487 7461 781 183 BRITISH
1257 7458 603 177 MAKE
1853 7455 583 171 MORE
2464 7440 573 189 GAINS

490 7849 441 135 Push
1013 7844 526 141 Ahead
1662 7841 349 135 400
2041 7831 507 147 Yards
2597 7833 428 135 Near

549 8025 679 183 Mouquet
1190 8038 486 129 Farm
1618 8028 324 141 and
1895 8024 417 141 Take
2268 8020 681 141 Trenches

942 8255 246 99 on
1135 8207 1449 171 Courcelotte-Thiepval

1505 8403 466 147 Road.

641 8791 899 195 LONDON.
1565 8795 629 219 August
2209 8790 838 177 26.?After

493 9044 277 117 an
871 8994 575 177 intense
1512 8990 1089 177 bombardment
2705 8987 334 171 last

494 9178 468 225 night
995 9181 303 183 the
1275 9176 760 189 Germans
2071 9173 708 183 launched
2776 9219 264 123 an

535 9370 658 225 infantry
1192 9379 543 171 attack
1714 9400 433 141 west
2174 9370 232 177 of
2401 9366 637 177 Tahtire

514 9565 232 183 in
737 9565 306 183 the
1024 9558 961 225 Champagne.
2066 9558 512 177 Thev
2562 9595 414 171 pene-

509 9767 522 171 trated
1053 9757 316 183 the
1364 9753 637 183 French
1991 9741 681 231 position,
2722 9740 323 189 the

498 9949 473 183 Paris
897 9995 406 123 war
1258 9950 468 177 office
1688 9946 863 177 announced
2527 9940 485 189 today,

498 10142 321 177 but
850 10134 1039 225 subsequently
1854 10183 453 123 were
2334 10122 674 225 expelled.

471 10334 710 177 German
1166 10325 609 183 attacks
1779 10376 284 117 on
2098 10331 296 171 the
2408 10326 630 177 Somme

496 10526 363 177 and
799 10521 667 183 Verdun
1435 10522 497 177 fronts
1871 10568 467 117 were
2310 10496 691 237 repulsed.

634 10714 401 177 The
1017 10714 747 177 Germans
1771 10705 692 183 attacked
2454 10752 270 117 on
2742 10702 296 177 the

485 10906 637 177 Somme
1096 10907 426 171 front
1503 10932 222 141 at
1653 10898 388 177 Hill
2058 10933 309 159 121,
2357 10944 406 117 near
2742 10889 296 183 the

509 11118 467 153 town
928 11099 245 171 of
1114 11087 868 219 Maurepas,
1991 11082 689 225 recently
2651 11124 340 165 cap-

519 11290 460 177 tured
994 11282 291 225 by
1318 11291 292 171 the
1627 11281 621 183 French.
2348 11282 351 177 On
2726 11273 312 183 the

461 11482 671 177 Verdun
1127 11478 444 201 front,
1582 11509 353 135 east
1922 11474 232 177 of
2168 11474 286 177 the
2395 11466 609 201 Meuse,

508 11674 313 177 the
755 11669 756 183 Germans
1474 11665 709 183 attacked
2162 11667 300 171 the
2405 11653 644 183 French

530 11866 320 177 line
839 11866 696 177 between
1533 11849 595 231 Fleury
2101 11866 365 177 and
2421 11849 562 183 Thiau-

464 12078 504 177 mont,
1028 12054 431 177 after
1492 12100 173 117 a
1709 12042 525 225 heavy
2247 12041 740 183 bombard-

468 12276 496 165 ment,
971 12255 331 171 but
1267 12291 460 123 were
1720 12242 382 177 able
2103 12268 229 141 to
2276 12234 502 177 make
2765 12279 282 123 no

489 12447 683 171 advance.

594 12636 322 117 The
895 12631 619 123 Germans
1526 12632 352 117 have
1858 12628 415 117 made
2281 12648 143 93 a
2416 12649 356 87 new
2747 12645 207 87 as-

522 12740 368 117 sault
871 12760 235 93 on
1101 12740 252 117 the
1321 12736 537 117 French
1862 12732 248 117 lin^-
2130 12748 173 93 at
2344 12728 252 117 the
2597 12724 234 141 tip
2814 12718 204 129 of

539 12845 246 111 the
806 12840 503 117 famous
1323 12836 455 117 sajient
1812 12833 194 111 of
2003 12827 206 123 St.
2215 12826 483 129 Mihiel,
2738 12828 270 117 but

517 12945 352 111 have
898 12940 350 117 been
1287 12928 580 141 repulsed
1886 12937 373 111 after
2295 12924 554 141 gaining
2862 12954 153 81 a

523 13040 518 141 footing
1050 13044 176 117 in
1204 13039 534 123 French
1735 13033 593 135 trenches,
2336 13034 696 129 according

532 13158 183 105 to
674 13144 404 117 Paris.

594 13257 193 111 A
750 13249 433 135 heavy
1161 13243 469 123 attack
1567 13243 418 123 made
1959 13240 242 141 by
2183 13239 246 123 the
2394 13235 621 123 Prussian

495 13352 461 117 Guard
1006 13344 522 141 against
1589 13348 499 117 British
2142 13336 619 141 positions
2807 13354 197 105 at

498 13452 593 141 Thiepval
1106 13476 235 93 on
1343 13456 242 117 the
1579 13457 506 111 Somme
2090 13447 362 123 front
2433 13468 332 93 was
2767 13464 183 93 re-

506 13557 465 135 pulsed
1034 13552 235 141 by
1337 13556 259 117 the
1602 13547 1053 123 Worcestershire
2707 13549 311 111 and

478 13660 675 117 Wiltshire
1171 13653 722 135 regiirnents,
1953 13657 128 111 it
2082 13677 321 87 was
2421 13646 594 129 officially

505 13755 725 123 announced
1232 13755 282 123 this
1509 13756 661 117 afternoon.

583 13860 372 117 Near
905 13852 626 141 Mou'juet
1534 13861 381 111 farm
1892 13861 249 111 the
2104 13851 533 123 British
2580 13847 429 123 made

506 13990 153 81 a
643 13961 322 135 grain
946 13959 194 123 of
1129 13960 253 117 400
1370 13956 412 141 yards.

590 14064 554 117 German
1180 14059 566 123 trenches
1755 14056 434 141 along
2204 14060 245 117 the
2450 14060 503 117 Cource-

530 14160 900 141 lette-Thiepvai
1446 14169 330 111 road
1749 14184 385 93 were
2135 14151 602 147 captured.

967 14352 532 141 Aerial
1490 14346 1002 177 Engagements.

591 14546 443 129 Aerial
1144 14555 862 123 engagements
2098 14543 598 123 occurred
2775 14543 210 123 all

510 14681 424 135 along
926 14680 263 117 the
1191 14680 386 117 front.
1636 14670 456 129 Three
2050 14670 585 129 German
2622 14695 349 99 aero-

510 14812 463 141 planes
953 14836 387 93 were
1339 14812 317 117 shot
1665 14812 398 117 down
2085 14808 170 117 in
2272 14806 249 129 the
2518 14812 499 117 Somme

516 14956 448 117 sector,
974 14969 283 87 one
1239 14938 762 129 nr-ar.Craon
1996 14944 291 117 and
2276 14944 538 117 another
2801 14964 222 93 on

525 15079 256 123 the
789 15080 542 117 Verdun
1378 15080 365 117 front.
1863 15076 269 117 Six
2158 15076 459 117 others
2622 15096 395 93 were

496 15209 627 135 damaged
1110 15212 297 117 and
1398 15217 301 111 two
1648 15207 568 123 German
2212 15209 508 135 captive
2695 15208 244 117 bal-

538 15343 364 123 loons
896 15369 377 87 were
1271 15341 681 135 destroyed.

600 15448 516 117 British
1128 15445 737 135 aeroplanes
1890 15448 358 117 have
2268 15447 428 123 made
2745 15468 229 93 an-

494 15552 393 117 other
901 15552 347 117 dash
1261 15573 337 87 over
1598 15545 595 135 Belgium,
2185 15522 259 153 "on
2482 15547 272 123 this
2769 15577 204 87 oc-

493 15656 458 117 casion
960 15648 801 141 penetrating
1794 15667 177 99 to
2003 15652 246 117 the
2273 15648 545 141 vicinity
2826 15651 197 123 of

458 15755 516 123 Namur,
1049 15754 644 129 thirty-six
1701 15757 406 111 miles
2148 15756 637 117 southeast
2829 15760 187 117 of

468 15853 617 135 Brussels,
1102 15855 304 123 and
1390 15852 811 141 bombarding
2166 15860 558 117 German
2724 15860 242 117 air-

489 15956 344 141 ship
813 15954 419 129 sheds.
1292 15960 332 117 One
1603 15962 681 129 aeroplane
2301 15965 152 111 is
2423 15961 578 135 missing.

475 16069 264 111 An
733 16064 450 117 official
1187 16079 531 99 account
1727 16060 197 117 of
1948 16064 369 117 these
2321 16060 708 141 operations

514 16164 426 117 issued
956 16160 402 141 today
1358 16180 347 117 says:

621 16259 496 147 "Early
1105 16264 524 141 Friday
1625 16266 619 129 morning
2211 16321 83 39 .
2278 16292 226 93 an
2572 16271 465 123 attack

473 16393 326 87 was
832 16377 496 111 carried
1346 16382 259 105 out
1642 16368 225 141 by
1879 16371 398 123 naval
2309 16372 717 141 aeroplanes

487 16494 380 105 upon
853 16493 470 111 enemy
1315 16468 503 141 air-hip
1792 16475 401 123 sheds
2185 16501 337 87 near
2489 16475 509 123 Namur

502 16577 312 111 The
799 16572 395 117 sheds
1149 16592 391 93 were
1508 16568 818 141 successfully
2286 16575 734 123 bombarded

507 16677 305 111 and
820 16686 291 105 two
1090 16676 197 117 of
1310 16675 370 123 them
1636 16700 388 93 were
2013 16679 241 123 hit,
2278 16680 266 117 but
2552 16685 274 111 due
2847 16695 170 99 to

511 16772 662 141 low-lying
1201 16779 456 123 clouds
1718 16784 138 117 it
1850 16809 328 87 was
2180 16799 272 99 not
2467 16780 562 141 possible

513 16889 186 111 to
698 16884 550 117 observe
1264 16883 252 123 the
1507 16886 550 129 damage
2066 16888 360 117 done.
2507 16882 318 129 One
2841 16887 187 123 of

490 17008 291 93 our
750 16988 660 117 machines
1415 16987 416 123 failed
1844 16998 183 105 to
2024 16997 542 111 return."

938 17175 582 147 French
1470 17181 546 135 Official
1976 17169 568 183 Report.

603 17376 318 117 The
916 17371 527 123 French
1460 17390 929 105 announcement
2424 17376 180 117 of
2647 17380 392 141 today

506 17507 523 123 follows:

632 17649 295 111 "On
967 17643 239 123 the
1227 17642 506 129 Somme
1766 17647 355 123 front
2180 17652 249 117 the
2446 17648 600 141 artillery

488 17772 577 141 fighting
1018 17805 332 87 was
1357 17773 476 135 violent
1844 17799 181 99 at
2055 17783 242 123 the
2296 17788 280 117 end
2573 17788 191 117 of
2791 17788 246 117 the

491 17909 297 135 day
786 17918 665 129 yesterday
1444 17921 288 111 and
1729 17916 496 141 during
2207 17931 318 123 part
2534 17920 201 117 of
2758 17924 266 117 last

505 18036 390 141 night.
975 18043 425 123 South
1393 18053 177 111 of
1558 18043 679 147 Maurepas
2229 18070 184 105 at
2404 18055 417 123 about
2852 18055 174 123 10

513 18188 281 117 .p.m.
806 18182 491 129 strong
1280 18201 466 111 enemy
1743 18183 977 147 reconnoitering
2698 18209 283 111 par-

801 18301 170 87 in
966 18281 239 111 the
1185 18296 531 117 vicinity
1708 18293 162 111 r.f
1851 18291 330 123 H,n
2168 18297 214 111 12i
2378 18322 371 81 were
2729 18301 245 111 dis-

493 18377 485 135 persed
955 18376 238 141 by
1158 18409 280 87 our
1432 18388 258 117 tire.
1744 18392 328 117 The
2028 18395 636 123 Germans
2611 18395 421 123 made

668 18590 138 57 ...
1106 18495 528 123 attempt
1661 18503 183 99 to
1830 18501 464 111 attack,

509 18584 391 213 vj?
1144 18579 793 147 Champagne
1934 18601 383 111 after
2302 18625 222 87 an
2556 18603 484 123 intense

500 18684 904 117 bombardment
1424 18694 256 105 the
1672 18708 456 117 enemy
2121 18710 180 105 at
2310 18703 403 123 about
2732 18702 298 129 9:30

503 18788 500 117 oclock
997 18786 592 129 attacked
1590 18812 273 93 our
1870 18798 605 129 positions
2464 18823 357 99 west
2837 18808 184 117 of

484 18883 533 123 Tahure
1030 18903 184 99 at
1268 18902 284 105 two
1572 18895 569 123 different
2175 18907 443 123 points.
2715 18912 318 117 The

500 18992 482 117 attack
970 19012 316 93 was
1293 18992 316 117 held
1624 19018 219 105 up
1838 18993 232 135 by
2057 19025 281 87 our
2333 19012 503 117 curtain
2841 19012 187 117 of

510 19097 289 111 fire
797 19104 441 117 except
1301 19092 166 117 in
1478 19121 153 87 a
1640 19100 379 117 small
2070 19103 448 123 salient
2584 19117 160 111 In
2757 19136 270 93 our

521 19205 300 111 line,
853 19197 467 111 where
1360 19202 245 105 th*
1637 19217 462 111 enemy
2121 19213 670 111 succeeded
2866 19221 180 111 in

511 19294 551 129 gaining
1062 19322 153 81 a
1233 19293 490 135 footing.
1827 19296 525 141 Shortly
2365 19307 675 123 afterward

861 19402 293 177 i?ve
1445 19415 259 99 out
1907 19430 163 81 a
2057 19418 522 105 counter
2577 19416 465 117 attack

483 19492 384 117 with
843 19496 375 117 hand
1185 19503 625 123 grenades

965 19648 706 189 Fighting
1616 19660 424 141 Near
2005 19658 558 177 Fleury.

665 19841 298 135 "On
1000 19847 253 123 the
1283 19848 365 141 right
1692 19860 370 117 bank
2081 19860 194 117 of
2316 19863 249 123 the
2563 19862 471 129 Meuse

550 19977 569 135 (Verdun
1151 19981 429 135 front)
1638 19988 262 117 the
1936 20008 470 117 enemy
2423 19992 627 141 violently

541 20112 741 117 bombarded
1316 20117 252 111 the
1596 20112 456 141 region
2085 20124 187 117 of
2287 20122 735 129 Thiaumont

523 20249 305 111 and
805 20240 522 141 Fleury.
1330 20253 294 111 and
1629 20257 493 111 several
2150 20260 395 117 times
2537 20269 506 111 carried

530 20394 270 105 out
818 20377 390 135 lively
1189 20379 608 123 offensive
1774 20393 508 111 actions
2262 20395 519 123 against
2799 20401 242 111 the

534 20513 491 135 village
995 20516 308 117 and
1290 20520 579 117 trenches
1847 20516 693 141 bordering
2498 20548 229 93 on
2684 20528 283 117 Thi-

530 20657 526 111 aumont
1030 20649 412 111 work.
1500 20648 400 117 None
1881 20652 197 117 of
2083 20652 366 117 these
2430 20667 608 123 attempts

547 20778 661 129 succeeded
1223 20784 183 117 In
1403 20783 617 123 reaching
1990 20808 287 93 our
2283 20787 353 123 lines.

670 20915 273 123 "In
936 20911 628 123 Lorraine
1567 20942 250 81 we
1836 20917 483 135 caught
2327 20928 427 117 under
2769 20952 277 93 our

538 21056 267 117 Are
787 21082 163 81 a
899 21051 561 123 German
1452 21048 970 141 reconnoiterlng
2391 21062 426 129 party
2779 21065 224 111 be-

542 21187 311 123 fore
848 21182 721 129 Neuvlllers,
1617 21188 671 117 northwest
2321 21193 187 111 of
2515 21191 468 123 Badon-

553 21324 453 117 villers.

676 21456 302 117 "On
996 21451 245 123 the
1251 21451 676 123 remainder
1937 21452 197 117 of
2155 21457 242 111 the
2414 21456 355 117 front
2807 21460 239 117 the

549 21557 380 135 night
924 21582 329 81 was
1245 21551 350 123 calrn.

668 21655 272 123 "Oti
965 21656 263 117 the
1200 21657 445 111 whole
1655 21656 369 117 front
2022 21681 277 87 our
2298 21661 245 111 air
2547 21664 497 117 service

532 21786 322 81 was
865 21752 795 141 particularly
1672 21761 430 111 active
2113 21756 654 141 yesterday.
2902 21769 128 111 It

560 21893 93 63 ?
614 21857 503 135 "Caged
1132 21865 159 111 in
1268 21885 133 87 a
1382 21860 529 117 number
1886 21861 194 111 of
2090 21864 388 117 fights
2430 21865 374 111 with
2794 21868 262 117 the

552 21987 465 99 er.emy.
1068 21971 163 99 in
1211 21960 445 117 which
1677 21965 135 111 it
1817 21957 488 135 clearly
2311 21964 516 117 showed
2852 21972 194 117 Its

565 22056 742 141 superiority.

688 22159 267 123 "In
968 22164 252 117 the
1228 22167 463 123 region
1686 22165 207 111 of
1900 22164 256 117 the
2144 22168 519 117 Somme
2666 22172 383 117 three

528 22273 575 111 German
1063 22289 283 87 ma.
1333 22265 389 111 h'ri?s
1704 22285 381 87 were
2084 22265 516 135 brought
2618 22272 398 117 down

584 22410 53 57 ?
627 22399 207 75 .lie
845 22360 225 141 by
1052 22368 499 117 Second
1572 22364 374 117 I.i.-ut,
1967 22364 726 141 Nung-sser.
2715 22381 347 111 who

579 22472 315 117 thus
903 22468 684 117 accounted
1600 22468 257 117 for
1862 22469 253 111 his
2140 22476 584 117 eleventh
2763 22506 226 81 rna-

584 22610 53 57 .
642 22577 318 111 Illne.
958 22572 193 117 A
1123 22573 461 111 second
1571 22593 221 87 a.-:
1791 22567 441 123 ..-)lane
2195 22597 312 87 was
2498 22578 539 129 brought

544 22677 422 111 down
945 22678 225 129 by
1100 22677 621 111 Warrant
1692 22672 305 141 op.
1977 22702 197 81 er
2173 22676 463 117 Iiorme
2653 22676 419 141 being

558 22775 252 123 his
802 22776 522 117 seventh
1298 22802 220 81 "i'
1974 22781 333 111 date.
2375 22779 315 123 The
2709 22784 343 117 third

557 22898 470 105 enemy
973 22881 592 111 machine
1557 22876 224 117 f.-:i
1806 22907 309 75 r:#-ar
2112 22880 450 117 I'etain.
2614 22888 383 117 Thre?-

551 22985 403 111 otl.cr
934 23001 294 87 ma.
1226 23011 95 75 :.
1584 23006 384 81 were
1963 22983 747 123 bombarded
2702 22993 353 111 with

524 23074 616 129 machine
1115 23103 349 99 gut.:;
1459 23085 190 111 at
1622 23081 276 111 do:
1918 23120 72 45 ?*
2008 23096 585 117 quarters
2574 23090 218 129 by
2777 23118 267 81 our

561 23186 409 129 pilots
947 23185 301 111 and
1233 23184 678 117 descended
1899 23187 605 123 suddenly
2514 23192 176 117 in
2673 23191 350 123 dam-

558 23281 369 135 aged
909 23284 640 117 condition.

911 23466 578 153 Fokker
1455 23471 673 147 Smashed
2108 23486 207 129 to
2277 23474 378 153 Bits.

693 23667 428 123 ".Near
1103 23663 452 123 Craon
1554 23689 284 87 our
1845 23671 821 123 anti-aircraft
2684 23702 370 105 guns

556 23793 563 135 brought
1087 23801 405 111 down
1463 23826 163 81 a
1568 23793 542 135 Kokker,
2100 23798 454 129 which
2508 23832 315 93 was
2802 23826 187 105 at-

574 23931 466 123 tacked
1034 23933 294 111 and
1326 23930 557 129 pursued
1863 23937 301 111 and
2170 23930 249 129 fell
2437 23934 632 153 headlong

576 24077 180 111 in
751 24072 221 117 Its
931 24089 339 87 own
1262 24062 343 129 lines,
1596 24061 440 135 being
2006 24072 580 117 smashed
2575 24085 180 111 to
2733 24080 293 117 bits.

591 24209 194 111 In
768 24194 249 129 the
999 24193 453 135 region
1430 24196 201 117 of
1591 24195 532 123 Verdun
2098 24224 153 93 a
2207 24202 561 129 German
2729 24236 275 93 ma-

572 24335 396 123 chine
973 24353 339 87 was
1327 24325 553 135 brought
1904 24332 411 117 down
2367 24340 180 117 in
2595 24343 442 123 flames.

544 24472 386 117 Near
926 24456 690 141 Mogeville
1655 24469 288 111 two
1950 24463 459 123 others
2405 24496 384 93 were
2811 24475 241 123 hit

555 24604 311 117 and
813 24605 383 111 went
1167 24601 404 111 down
1562 24601 173 111 in
1698 24627 153 75 a
1810 24598 621 129 damaged
2400 24602 628 129 condition

555 24733 297 87 one
845 24704 163 117 in
999 24700 242 117 the
1232 24706 390 105 forest
1613 24701 187 111 of
1768 24701 666 135 Spincourt.
2461 24713 243 111 the
2673 24717 389 111 other

566 24827 341 99 near
871 24804 528 117 Foanex.
1440 24800 188 117 In
1627 24800 249 117 the
1856 24801 535 135 vicinity
2357 24808 188 117 of
2514 24811 511 123 Pont-a-

569 24917 602 111 Alousson
1147 24929 163 87 a
1271 24904 535 117 Fokker
1780 24924 329 93 was
2087 24920 263 117 put
2357 24923 249 99 out
2617 24917 187 111 of
2805 24945 201 87 ac-

588 25021 301 111 tion.

653 25115 614 123 "German
1293 25110 515 129 captive
1834 25107 575 123 balloons
2420 25139 384 99 were
2825 25134 243 105 set

551 25219 357 123 afire
906 25213 222 135 by
1126 25227 280 99 our
1402 25209 514 135 airmen,
1934 25237 283 87 one
2224 25221 392 111 north
2621 25220 187 117 of
2835 25224 242 117 the

542 25323 439 123 Aisne,
1014 25321 173 111 in
1188 25311 249 123 the
1434 25303 629 147 reglofl-?f
2031 25302 490 153 Paissy,
2533 25325 294 111 and
2831 25328 246 117 the

551 25423 407 123 other
943 25435 228 99 on
1173 25416 256 117 the
1404 25416 513 117 Somme
1918 25412 359 117 front
2285 25441 327 87 near
2607 25423 452 123 Mesnil

544 25523 214 123 Bt.
785 25515 561 123 Necalae.
1461 25508 517 141 Finally,
2061 25521 121 111 it
2256 25516 145 117 is
2424 25516 662 141 confirmed

880 25644 723 141 (Continued
1580 25667 244 99 on
1795 25641 513 135 8*cond
2280 25647 459 147 Fa?e.)

2984 2785 1657 663 BULGARIANS
4560 2790 817 657 SEIZE

3052 3346 793 657 FORT
3720 3363 533 627 ON
4092 3353 1005 639 GREEK
4908 3346 701 657 SOIL

3050 4201 726 231 Startila
3730 4201 1054 231 Commander
4753 4193 409 231 and
5110 4194 400 225 Gar-

3140 4477 494 231 rison
3591 4474 849 273 Reported
4387 4466 1037 249 Killed?Brit-

3478 4766 289 225 ish
3735 4754 739 273 Destroy
4427 4754 742 273 Bridges.

3049 5241 618 231 SOFIA
3633 5240 903 237 REPORTS
4491 5240 874 237 VICTORY

3331 5520 575 237 OVER
3838 5520 800 237 FORCES
4567 5520 359 237 OF
4843 5511 748 243 SERBIA

3030 5995 710 219 Eighteen
3732 5997 610 183 Attacks
4339 5991 715 219 Repulsed,
5115 5998 210 177 It
5344 5990 214 177 Is

3126 6216 1151 189 Claimed?Allies
4265 6227 763 171 Announce
5022 6221 440 207 Prog-

3126 6441 1064 183 ress?Invaders
4125 6451 534 171 Reach
4577 6445 617 207 Aegean
5137 6447 316 171 Sea.

3171 6852 499 141 PARTS,
3681 6859 542 147 August
4246 6866 571 129 26.?The
4800 6863 762 147 Bulgarians

3054 6996 363 117 have
3409 6999 603 123 attacked
3995 7014 304 105 and
4292 7005 596 135 captured
4889 7013 249 111 the
5114 7007 456 123 Greek

3072 7136 273 117 fort
3350 7137 204 111 of
3535 7137 561 135 Startila,
4106 7144 380 117 after
4476 7146 512 129 killing
4989 7149 197 111 its
5188 7169 335 87 com-

3030 7271 555 123 mander,
3594 7268 608 141 Changas,
4230 7281 301 111 and
4540 7285 249 111 the
4792 7281 429 111 entire
5215 7297 283 111 gar-

3063 7407 354 123 rison,
3437 7408 441 117 which
3881 7406 467 129 offered
4364 7408 508 141 spirited
4891 7414 646 129 resistance,

3071 7556 333 117 says
3382 7570 153 81 a
3518 7539 549 123 Saloniki
4081 7541 593 135 dispatch
4673 7557 183 111 to
4871 7547 242 123 the
5068 7547 458 123 Matin.

3043 7680 318 117 The
3358 7676 588 141 dispatch
3966 7685 162 111 is
4122 7685 420 111 dated
4509 7684 542 141 August
5060 7688 197 117 23
5258 7684 301 117 and

3045 7836 332 93 was
3361 7812 525 141 delayed.

3158 7947 312 123 The
3430 7951 505 123 British
3898 7956 294 117 and
4143 7953 763 135 Bulgarians
4871 7955 366 123 have
5201 7955 354 123 been

3088 8089 156 111 in
3236 8093 391 111 touch
3593 8117 218 87 on
3796 8092 249 117 the
3979 8091 824 123 Macedonian
4763 8091 369 123 front
5098 8091 412 123 north-

3056 8224 308 117 east
3334 8224 207 117 of
3492 8228 578 117 Saloniki.
4108 8228 526 117 British
4610 8235 448 123 troops,
5051 8225 513 135 despite

3087 8360 242 117 the
3370 8356 689 141 Bulgarian
4109 8362 265 129 fire,
4461 8360 659 141 destroyed
5188 8368 369 117 three

3069 8493 517 135 bridges
3550 8524 340 93 over
3880 8499 245 123 the
4078 8496 569 141 Angista
4641 8504 173 117 in
4793 8499 252 123 the
5015 8496 551 141 vicinity

3058 8632 204 117 of
3217 8628 583 141 Kuchuk.
3809 8635 252 123 the
4024 8660 322 93 war
4325 8640 376 117 office
4678 8634 723 129 announced.

3365 8795 436 147 Serbs
3817 8806 218 129 in
3983 8800 568 165 Heavy
4502 8793 706 183 Fighting.

3168 8988 655 141 Although
3831 9002 495 129 reports
4339 8995 380 123 from
4698 8995 557 123 Saloniki
5280 9017 286 111 say

3073 9127 249 123 the
3355 9127 595 123 Serbians
3978 9131 359 123 have
4345 9136 408 117 made
4782 9133 775 135 appreciable

3048 9281 616 111 progress
3626 9293 232 87 on
3830 9268 262 117 the
4079 9272 257 117 left
4301 9269 415 135 wing
4670 9267 204 123 of
4855 9272 272 117 the
5087 9272 423 117 Salon-

3089 9400 191 117 iki
3374 9399 362 123 front
3799 9404 297 117 and
4154 9408 359 117 h?.ve
4581 9408 410 117 taken
5048 9408 494 117 several

3058 9499 577 123 hundred
3627 9500 639 141 prisoners.
4305 9508 358 117 Sofia
4658 9508 571 117 declares
5251 9507 297 123 that

3054 9604 380 117 after
3419 9633 450 87 severe
3843 9603 567 147 fighting
4403 9612 246 117 the
4626 9611 588 123 Serbians
5191 9610 366 129 have

3058 9708 357 117 been
3406 9712 593 117 defeated
3977 9716 374 117 with
4346 9732 356 117 very
4690 9713 433 135 heavy
5143 9715 414 123 losses

3050 9811 293 123 and
3341 9812 628 141 compelled
3996 9825 183 111 to
4178 9815 380 123 rellire.
4628 9821 607 135 Eighteen
5233 9844 278 93 con-

3064 9916 558 117 secutive
3658 9925 524 111 attacks
4207 9944 374 93 were
4583 9924 425 117 made
5030 9921 232 135 by
5305 9923 252 123 the

3055 10018 595 129 Serbians,
3681 10029 128 111 it
3821 10025 145 111 is
3945 10029 574 111 declared.

3167 10120 250 117 On
3421 10124 252 117 the
3656 10139 512 99 eastern
4153 10128 283 117 end
4421 10128 194 117 of
4623 10133 242 111 the
4855 10127 365 123 front
5192 10132 280 117 Bul-

3059 10223 466 123 garian
3542 10223 424 123 forces
3965 10232 356 117 have
4320 10237 532 111 reached
4879 10237 238 111 the
5099 10236 463 117 Greek

3028 10330 520 129 Aegean
3532 10337 353 111 coast
3867 10337 289 111 and
4141 10338 241 129 put
4370 10335 485 123 British
4832 10336 498 141 cavalry
5304 10340 201 117 de-

3075 10431 643 123 tachments
3751 10446 169 105 to
3918 10433 384 135 flight,
4331 10435 364 123 Sofia
4686 10439 313 123 also
4989 10443 537 123 declares.

3051 10536 508 117 Several
3558 10533 548 135 villages
4089 10540 356 117 have
4426 10539 353 123 been
4761 10545 594 135 occupied
5337 10540 222 141 by

3076 10636 249 117 the
3283 10632 762 141 Bulgarians.

3360 10794 615 153 Italians
3952 10814 221 129 at
4138 10808 472 141 Porto
4566 10812 658 141 Palermo.

3162 10996 193 117 A
3342 10992 592 141 dispatch
3936 10994 390 129 from
4272 11003 521 123 Avlona
4807 11013 423 111 states
5258 11007 290 123 that

3071 11128 235 117 the
3341 11126 532 129 Italians
3878 11131 359 123 have
4242 11136 598 141 occupied
4831 11139 429 123 Porto
5265 11139 242 123 Pa-

3066 11264 402 117 lermo
3457 11268 305 117 and
3760 11268 245 117 the
3999 11272 513 117 summit
4502 11277 197 111 of
4656 11271 480 123 Mount
5093 11275 410 123 Kala-

3059 11408 247 117 rat.
3377 11400 167 117 in
3559 11404 604 117 southern
4151 11400 570 141 Albania,
4785 11413 170 111 in
4958 11412 396 117 order
5374 11418 193 105 to

3025 11532 469 117 watch
3553 11536 252 117 the
3813 11535 653 123 Albanian
4488 11554 379 105 coast
4897 11544 406 117 north
5361 11540 187 117 of

3030 11665 379 135 Cape
3375 11659 586 147 Kephali,
3982 11668 348 141 fifty
4283 11672 430 117 miles
4704 11675 644 123 southeast
5354 11671 194 123 of

3024 11797 522 135 Avlona,
3593 11804 163 117 in
3723 11804 468 117 which
4181 11808 514 117 district
4701 11807 383 123 there
5093 11813 149 111 is
5243 11803 323 123 said

3071 11918 173 105 to
3225 11903 197 123 be
3412 11933 212 87 an
3597 11912 615 117 Austrian
4195 11911 698 123 submarine
4878 11910 343 129 base.

3158 12007 315 123 The
3497 12013 605 135 territory
4101 12013 594 135 occupied
4698 12017 229 135 by
4948 12016 245 117 the
5221 12015 258 123 Ital-

3080 12116 286 117 ians
3413 12117 148 111 is
3581 12113 809 135 quasi-Greek.
4479 12120 315 117 The
4817 12117 519 135 opinion
5354 12116 194 117 of

3035 12216 415 117 Rome
3514 12237 787 111 newspapers,
4354 12217 591 135 however,
5021 12220 145 117 is
5241 12220 303 117 that

3023 12325 498 111 Greece
3475 12320 324 117 will
3809 12330 255 105 not
4055 12326 497 129 protest
4561 12319 255 123 the
4797 12326 728 129 occupation.

3030 12424 308 117 The
3365 12420 520 141 landing
3865 12424 194 117 of
4072 12424 467 117 Italian
4545 12430 434 129 troops
4978 12439 197 99 at
5163 12423 337 123 Salo-

3049 12529 284 111 niki
3358 12524 276 117 has
3640 12548 340 93 now
3950 12528 353 117 been
4296 12525 682 135 completed,
4998 12533 294 111 and
5305 12527 248 123 the

3064 12635 686 123 transports
3705 12627 465 123 which
4134 12624 550 141 brought
4684 12632 245 117 the
4878 12652 353 93 men
5201 12632 349 117 have

3062 12736 589 117 returned
3650 12741 193 111 to
3845 12728 360 141 Italy.

3389 12897 816 135 Rumanian
4119 12886 483 177 King
4514 12891 641 147 Refuses.

3158 13089 712 135 According
3856 13094 183 105 to
4037 13088 770 117 information
4787 13088 391 117 from
5125 13083 382 147 diplo-

3018 13224 432 117 matic
3442 13238 515 105 sources,
3975 13241 327 111 says
4282 13245 153 87 a
4386 13224 596 117 wireless
4969 13216 589 141 dispatch

3057 13359 365 123 from
3391 13357 388 135 Bern,
3792 13351 590 147 Emperor
4343 13359 615 123 William
4974 13359 203 123 of
5189 13359 312 123 Ger-

3018 13517 436 111 many
3413 13506 440 105 wrote
3856 13507 187 99 to
3987 13492 419 141 King
4360 13496 719 117 Ferdinand
5062 13496 197 117 of
5225 13491 274 123 Ru-

3021 13632 466 117 mania
3503 13632 304 117 that
3806 13628 215 117 he
4045 13628 570 117 intended
4626 13637 193 111 to
4808 13628 344 117 send
5129 13623 416 123 Duke

3019 13731 609 123 Albrecht
3634 13732 194 117 of
3804 13728 905 141 Mecklenburg
4697 13753 215 87 on
4903 13753 163 87 a
5063 13724 463 141 special

3010 13840 558 117 mission
3572 13845 180 111 to
3731 13831 343 123 him
4002 13832 377 117 with
4375 13828 476 141 regard
4856 13832 187 117 to
5036 13832 249 117 the
5267 13849 228 111 po-

3040 13940 422 117 sition
3442 13940 207 117 of
3613 13935 638 123 Rumania.

3142 14036 426 141 King
3518 14040 705 117 Ferdinand
4197 14037 495 135 replied,
4677 14039 367 123 adds
5022 14040 262 117 the
5242 14035 252 123 dis-

3040 14145 417 135 patch,
3504 14148 297 117 that
3844 14144 245 117 the
4074 14144 554 117 mission
4617 14144 459 117 would
5082 14144 215 117 be
5339 14144 146 117 in-

3046 14254 684 129 opportune,
3753 14244 540 117 because
4307 14274 213 81 as
4499 14274 163 81 a
4640 14243 880 123 constitutional

3029 14347 618 123 monarch
3638 14348 222 117 he
3825 14353 455 111 would
4278 14348 218 117 be
4482 14349 507 135 obliged
5012 14363 179 99 to
5191 14353 363 111 refer

3061 14457 259 111 the
3305 14473 441 111 envoy
3737 14462 190 105 to
3910 14452 251 117 his
4116 14451 674 123 ministers,
4807 14453 297 111 and
5125 14457 167 111 in
5307 14452 243 117 the

3056 14561 922 111 circumstances
4012 14557 205 111 he
4242 14557 638 135 preferred
4931 14557 286 111 that
5248 14579 301 99 any

3053 14660 983 117 communication
4053 14660 374 117 from
4426 14655 243 123 the
4643 14660 561 117 German
5199 14683 331 99 gov-
5554 14634 33 129 I

3053 14775 556 99 ernment
3663 14760 461 117 should
4154 14764 211 117 be
4407 14764 557 117 received
5018 14763 520 123 through

3053 14861 598 135 ordinary
3637 14860 705 141 diplomatic
4334 14864 594 117 channels.

3505 15054 350 177 Big
3826 15060 481 141 Credit
4327 15061 258 135 for
4552 15049 493 183 Army.

3159 15251 257 123 Bv
3417 15257 453 111 decree
3908 15258 160 105 ?.f
4109 15257 229 111 the
4335 15256 698 117 Rumanian
5079 15300 43 45 ?
5139 15300 76 45 ??
5221 15294 23 57 <
5243 15291 84 75 i:
5362 15300 33 45 .
5433 15261 84 111 il
5557 15268 23 69 <

3042 15392 194 117 of
3217 15387 664 123 ministers,
3894 15385 646 135 published
4574 15418 143 81 in
4745 15400 108 93 t?
4875 15438 43 33 ?
4962 15398 193 105 M
5153 15430 66 57 .r
5299 15411 201 99 i,.f,

3079 15528 242 117 the
3324 15521 915 135 extraordinary
4236 15529 398 111 credit
4680 15529 220 111 fur
4933 15547 134 75 t>.

3095 15669 135 111 is
3284 15660 605 117 increased
3925 15657 218 135 by
4171 15657 680 135 200,000,010
4911 15670 194 105 fr\
5107 15701 58 63 r.
5562 15709 33 39 ?

3062 15779 688 147 6OO.OOO.OO0
3761 15796 426 117 francs,
4223 15799 667 123 according
4908 15813 87 87 t?
5064 15831 133 75 a
5224 15818 53 81 o

3040 15949 420 111 gram
3446 15928 374 117 from
3779 15927 675 123 Bucharest
4491 15934 375 129 today

3147 16064 321 117 The
3498 16059 610 123 Universal
4169 16088 658 93 announcea
4901 16073 234 111 thai
5209 16076 348 117 Geo*

3049 16163 527 123 Paraski
3530 16184 405 93 vesco
3953 16170 266 105 ha*
4257 16164 309 117 be?*ri
4625 16184 632 117 uppoino.-.i
5333 16189 181 87 ,\\.

3067 16278 427 105 rector
3482 16268 197 117 of
3646 16261 693 135 munitions,
4364 16272 331 117 adds
4715 16282 235 105 the
4952 16278 570 129 dispatch,

3060 16372 288 117 and
3360 16368 297 117 that
3651 16377 321 111 Gen
3998 16369 542 135 Popovic.
4616 16377 591 135 inspector
5213 16408 270 93 gen-

3063 16467 277 123 eral
3346 16478 201 105 of
3544 16468 539 141 cavalry,
4114 16476 255 117 li&a
4365 16476 343 117 been
4702 16482 662 129 appointed
5382 16500 153 93 t<>

3060 16577 640 111 command
3726 16571 246 123 the
3988 16566 226 129 1st
4198 16577 422 135 Army
4613 16576 428 141 Corps
5072 16589 153 111 in
5235 16612 256 93 suc-

3057 16676 506 117 cession
3561 16686 183 105 to
3704 16671 323 123 Gen.
4034 16686 193 105 A
4142 16705 513 87 verefico.

3234 16963 650 219 Rutgers
3847 16967 572 219 College
4358 16969 947 231 Anniversary.

3121 17162 484 129 NEW
3512 17159 933 147 BRUNSWICK,
4447 17181 176 111 N.
4645 17178 177 129 J.,
4833 17183 504 123 August
5354 17189 181 111 26.

3008 17300 578 117 ?Plans
3582 17324 391 93 were
3993 17308 711 117 announced
4747 17308 389 141 today
5162 17315 234 123 for
5428 17350 133 81 a

3066 17401 597 135 four-day
3683 17396 746 141 celebration,
4474 17408 688 141 beginning
5148 17420 368 117 Octo-

3058 17540 275 117 ber
3360 17533 193 135 12,
3610 17540 177 117 in
3797 17530 726 177 connection
4510 17548 381 117 with
4913 17553 252 111 the
5207 17552 368 117 J50th

3053 17663 799 147 anniversary
3826 17673 201 111 of
4020 17672 242 117 the
4261 17674 606 129 founding
4841 17680 187 117 of
4996 17683 574 123 Rutgers
5569 17610 23 225 |

3038 17768 543 141 College.
3642 17772 308 117 Th*
3956 17777 294 111 first
4254 17772 301 141 day
4520 17780 300 117 will
4852 17780 190 117 be
5037 17788 535 117 devoted

3072 17890 180 105 to
3245 17900 219 93 an
3475 17876 734 117 educational
4247 17880 710 117 conference
4968 17895 180 99 to
5118 17887 451 123 which

3036 17986 369 105 most
3445 17976 191 117 of
3691 17976 249 117 the
3966 17978 693 129 prominent
4689 17988 657 117 educators
5374 17992 190 117 of
5565 17957 23 159 I

3029 18085 394 111 New
3435 18076 490 141 Jersey
3958 18081 355 111 have
4363 18080 353 117 been
4790 18083 479 123 invited.
5388 18093 213 111 A

3054 18190 543 129 pageant
3619 18177 587 135 showing
4203 18200 440 93 scenes
4684 18184 156 117 in
4866 18183 239 123 the
5129 18192 245 117 life
5381 18192 187 117 of
5572 18191 13 99 I

3074 18288 239 117 the
3300 18286 498 129 college,
3816 18284 461 117 alumni
4302 18283 573 123 reunions
4862 18288 294 117 and
5134 18322 153 81 a
5280 18291 278 123 foot
5569 18249 23 159 I

3057 18387 271 123 ball
3335 18410 402 105 game
3725 18388 560 117 between
4267 18380 564 141 Rutgers
4829 18392 291 117 and
5064 18391 452 123 Wash-

3080 18495 433 123 ington
3542 18493 305 111 and
3854 18488 296 117 Lee
4185 18513 268 87 are
4494 18487 553 123 features
5085 18496 187 117 of
5328 18500 235 117 the

3049 18592 760 117 celebration.

3199 19071 587 171 Danish
3674 19070 495 177 West
4141 19065 522 183 Indies'
4654 19073 518 183 Scenes

3448 19264 208 165 in
3631 19263 281 171 the
3873 19256 991 213 Planogravure
4840 19266 564 177 Section

3322 19641 663 135 Although
3983 19645 566 135 hearing
4530 19656 425 117 much
4973 19660 400 117 about

3174 19748 33 165 !
3260 19772 249 117 the
3509 19776 518 117 Danish
4001 19779 416 123 West
4472 19781 426 135 Indies,
4929 19791 462 123 which

3174 19898 33 129 !
3229 19926 347 105 may
3575 19909 211 111 be
3801 19909 591 135 acquired
4402 19913 229 135 by
4652 19919 249 123 the
4899 19924 492 117 United

3184 20106 13 9 ?
3242 20034 451 129 States,
3712 20034 366 129 these
4089 20044 469 117 islands
4548 20078 261 81 are
4793 20062 259 105 not
5035 20073 363 111 very

3229 20169 326 111 well
3547 20168 495 117 known
4017 20177 194 111 to
4207 20177 238 111 the
4428 20196 545 117 average
4918 20184 416 117 Amer-

3280 20295 290 123 ican.
3674 20299 800 123 Tomorrow's
4502 20308 887 141 planogravure

3255 20429 745 135 supplement
3993 20437 187 111 of
4150 20436 308 117 The
4442 20439 328 123 Star
4726 20444 313 117 will
5044 20448 345 117 have

3178 20568 33 165 j
3246 20588 215 93 on
3469 20569 259 111 the
3722 20564 355 117 front
4071 20590 359 105 page
4430 20577 238 111 six
4680 20572 718 141 interesting

3192 20703 13 123 !
3263 20716 454 93 scenes
3769 20711 222 99 on
4057 20702 252 105 the
4389 20699 465 123 islands
4913 20708 194 117 of
5155 20707 214 123 St.

3231 20827 563 123 Thomas
3805 20829 291 111 and
4099 20828 203 117 St.
4338 20827 368 123 John.
4728 20840 213 117 A
4919 20837 421 135 photo-

3240 20957 443 135 graph
3646 20961 201 111 of
3806 20955 659 123 Charlotte
4427 20965 522 135 Amalie,
4950 20993 218 87 on
5141 20972 252 117 the

3273 21091 431 123 Island
3701 21087 194 123 of
3880 21088 210 117 St.
4096 21091 566 123 Thomas
4659 21105 435 111 shows
5098 21103 292 123 this

3193 21261 23 39 1
3261 21233 373 111 town
3627 21234 180 105 to
3774 21214 208 129 be
3972 21225 682 135 extremely
4621 21228 772 141 picturesque

3186 21318 33 201 |
3247 21355 308 123 and
3521 21349 541 135 worthy
4042 21356 207 117 of
4237 21359 632 123 attention.

3336 21520 435 117 Seven
3806 21513 560 135 pictures
4402 21521 187 111 of
4611 21524 547 117 Charles
5176 21532 186 117 E.

3219 21649 567 135 Hughes,
3824 21646 255 129 the
4070 21644 694 141 republican
4751 21657 595 135 presiden-

3278 21788 227 117 tial
3516 21777 654 135 candidate,
4181 21784 280 117 five
4445 21784 187 117 of
4632 21783 387 123 them
4972 21791 418 123 "close

3261 21916 305 141 up,"
3580 21916 407 117 show
3980 21916 242 117 the
4249 21915 466 123 former
4740 21917 461 135 justice
5236 21931 156 123 in

3260 22051 440 123 action
3710 22048 298 117 and
4053 22053 156 111 in
4246 22070 452 105 repose.
4790 22048 366 141 That
5178 22063 208 123 he

3247 22188 290 117 has
3491 22202 447 105 many
3927 22170 494 129 friends
4429 22185 159 111 is
4583 22182 612 129 indicated
5174 22197 228 135 by

3182 22392 33 45 ,
3253 22345 143 87 a
3398 22307 770 147 photograph
4188 22307 400 123 taken
4617 22316 163 117 in
4800 22315 242 123 the
5062 22337 246 111 rail-

3186 22427 33 195 j
3270 22451 340 123 road
3590 22439 357 147 yard
3934 22444 197 117 of
4127 22468 366 93 some
4504 22452 356 117 town
4867 22455 272 123 "on
5144 22463 242 123 the

3193 22563 23 171 |
3273 22578 460 129 front."

3183 22759 43 123 i
3372 22748 163 117 If
3536 22765 307 111 you
3839 22743 424 123 didn't
4267 22766 364 105 open
4635 22770 348 105 your
4990 22782 403 105 purse

3193 22936 23 21 ?
3263 22877 495 135 strings
3752 22876 286 117 this
4014 22898 337 105 year
4348 22890 187 105 to
4506 22875 334 147 help
4823 22905 323 111 save
5144 22900 242 117 the

3193 23009 23 159 i
3265 23011 452 123 babies
3734 23006 225 129 by
3982 23010 543 129 sending
4544 23011 390 123 them
4936 23034 180 105 to
5148 23036 241 117 the

3193 23141 23 111 !
3260 23163 550 99 summer
3815 23157 439 111 camps
4242 23149 498 111 around
4688 23140 692 165 Washing.

3187 23254 43 153 !
3265 23293 260 111 ton,
3595 23267 551 147 perhaps
4190 23277 377 111 after
4627 23285 465 135 seeing
5136 23296 249 117 the

3197 23397 23 159 |
3262 23398 831 153 photographs
4078 23404 197 117 of
4254 23400 429 141 Camp
4647 23415 389 123 Good
4977 23423 369 123 Will

3265 23568 222 93 on
3494 23561 352 111 page
3879 23533 134 135 3,
4054 23556 294 117 you
4341 23539 310 123 will
4698 23555 487 123 resolve
5216 23569 180 111 to

3261 23681 215 111 do
3507 23697 197 87 so
3726 23673 334 111 next
4102 23687 536 99 summer.
4734 23683 366 123 That
5141 23691 252 123 the

3259 23808 747 141 youngsters
4043 23804 357 117 who
4457 23828 261 93 are
4779 23812 416 141 given
5247 23849 163 87 a

3267 23939 481 123 chance
3744 23951 183 99 to
3884 23954 239 105 go
4108 23937 369 111 there
4457 23946 700 129 appreciate
5145 23950 252 129 the

3262 24071 776 123 out-of-door
4054 24063 255 123 life
4300 24072 288 117 and
4580 24075 403 147 enjoy
4981 24088 383 117 them-

3271 24208 427 117 selves
3698 24209 152 111 is
3795 24201 418 111 made
4186 24197 374 135 plain
4538 24204 225 141 by
4748 24205 369 135 these
5087 24212 265 141 pic-

3285 24349 369 111 tures.

3354 24497 380 135 Page
3779 24496 123 117 4
3961 24497 142 111 is
4144 24494 483 129 headed
4660 24507 424 123 "Here
5103 24511 304 123 and

3247 24635 442 123 There
3669 24627 430 123 With
4148 24631 242 123 the
4406 24629 563 135 Camera
4945 24635 439 147 Man/'

3263 24767 311 123 and
3594 24760 259 117 the
3869 24780 414 93 seven
4292 24759 844 147 photographs
5149 24796 203 93 re-

3282 24880 632 165 produced
3969 24890 480 129 include
4486 24919 287 99 one
4806 24899 614 147 showing

3280 25026 486 129 several
3788 25026 474 129 squads
4270 25027 197 123 of
4447 25030 619 129 Harvard
5041 25035 290 123 Uni-

3267 25157 505 135 versity
3745 25155 581 123 students
4298 25156 427 141 doing
4697 25163 356 123 their
5008 25163 401 123 share

3279 25291 507 123 toward
3780 25289 884 135 preparedness,
4688 25295 561 123 and?as
5252 25325 173 87 a

3287 25428 297 117 sort
3610 25420 197 117 of
3820 25422 439 129 grand
4280 25418 822 129 climax?still
5134 25453 263 87 an-
5387 25423 83 51 *

3278 25551 376 123 other
3637 25553 311 135 type
3906 25551 196 123 of
4067 25554 572 129 feminine
4588 25552 540 141 bathing
5062 25554 306 129 suit.

5523 2783 1183 651 TURKISH
6607 2763 1419 675 CAMPAIGN

5811 3343 939 651 DEALT
6611 3343 827 651 HARD
7299 3327 935 651 GLOW

5581 4182 739 273 Attempt
6368 4203 247 219 to
6626 4184 738 237 Encircle
7381 4172 741 237 Russian

5826 4473 436 231 Left
6238 4478 560 225 Flank
6814 4479 208 219 in
6987 4469 892 231 Caucasus

6230 4757 647 231 Proves
6862 4752 572 237 Futile.

5561 5237 1124 231 MOVEMENT
6630 5232 803 237 NEARLY

6014 5515 1156 267 SUCCEEDED,
7162 5497 961 255 HOWEVER

5564 6002 541 177 Aimed
6083 6012 201 165 to
6225 5999 612 219 Regain
6755 6003 715 171 Erzerom
7393 5989 343 183 and
7677 5987 424 171 Thus

5783 6215 635 219 Nullify
6374 6226 511 177 Grand
6843 6223 543 171 Duke's
7356 6219 464 171 Arme-

6299 6451 408 171 nian
6649 6451 696 171 Successes.

5660 6869 918 135 RETROORAD.
6607 6877 492 135 August
7131 6866 562 129 26?The
7684 6854 396 129 Turk-

5613 7004 221 117 ish
5826 7005 521 135 attempt
6364 7008 183 117 to
6540 7008 509 117 encircle
7054 7004 240 117 the
7322 6995 245 123 left
7559 6991 378 123 flank
7921 6983 186 123 of

5607 7137 230 111 the
5810 7131 568 123 Russian
6354 7135 677 123 Caucasian
7020 7154 394 105 army
7399 7139 523 123 appears
7930 7125 179 111 to

5585 7265 347 111 have
5928 7268 536 117 reoeived
6455 7294 163 81 a
6605 7261 587 135 crushing
7159 7265 391 111 blow
7519 7255 378 123 from
7862 7252 244 117 the

5610 7399 407 123 troops
6026 7392 190 117 of
6216 7397 459 111 Grand
6665 7391 396 123 Duke
7053 7387 592 123 Nicholas
7681 7384 166 117 in
7865 7380 244 117 the

5592 7521 427 135 region
6029 7519 186 123 of
6208 7524 385 117 Lake
6581 7524 329 117 Van.
6993 7520 316 117 The
7300 7511 550 123 Turkish
7857 7532 213 93 en-

5588 7648 517 141 circling
6103 7656 481 117 scheme
6583 7656 428 117 aimed
7007 7662 189 105 at
7217 7643 596 147 regaining:
7820 7640 249 117 Er-

5598 7809 444 87 zerum
6006 7783 286 123 and
6311 7783 299 123 thus
6603 7780 654 141 nullifying
7227 7779 212 123 all
7465 7780 240 117 the
7699 7768 409 141 grand

5588 7911 426 123 duke's
6008 7911 566 123 victories
6598 7917 169 111 in
6744 7912 543 117 Turkish
7261 7903 594 123 Armenia
7840 7921 245 111 ap-

5586 8040 450 141 peared
6015 8044 393 117 about
6413 8054 179 105 to
6579 8042 502 129 succeed,
7090 8044 258 117 but
7357 8040 240 117 the
7561 8031 550 123 Russian

5595 8173 788 135 reoccupation
6373 8172 186 117 of
6521 8172 425 117 Mush
6931 8172 296 117 and
7200 8167 405 123 Bitlis
7587 8164 296 117 and
7876 8180 196 93 re-

5584 8299 848 123 establishment
6453 8299 186 123 of
6636 8304 551 117 Russian
7184 8291 582 147 positions
7753 8292 347 117 west

5585 8432 186 117 of
5740 8431 378 123 Lake
6089 8436 345 117 Van
6407 8433 707 135 apparently
7083 8432 286 117 has
7327 8423 410 123 made
7719 8421 342 135 hope-

5606 8569 260 111 less
5872 8569 244 111 the
6083 8568 547 117 Turkish
6609 8564 448 117 efforts.

5656 8696 313 117 The
5982 8696 560 117 initiative
6538 8716 341 93 now
6828 8713 526 111 appears
7336 8684 410 141 again
7737 8689 179 111 to
7895 8680 207 117 be

5566 8792 357 117 with
5919 8797 231 111 the
6119 8797 595 111 Russians
6693 8802 187 105 at
6855 8792 201 117 all
7085 8788 614 141 important
7678 8780 420 141 points

5609 8897 159 111 in
5732 8896 359 117 Asia
6043 8896 435 117 Minor,
6494 8897 282 111 and
6769 8921 331 87 now
7072 8901 281 111 that
7361 8893 240 111 the
7567 8883 540 123 Turkish

5589 8991 580 123 offensive
6146 9016 214 93 on
6359 8997 238 111 the
6594 8992 239 117 left
6826 8991 361 123 flank
7166 8992 272 117 has
7418 8988 348 117 been
7743 8986 312 129 stop-

5579 9097 280 135 ped
5851 9100 452 117 Grand
6292 9095 389 123 Duke
6680 9096 585 117 Nicholas
7276 9117 275 87 can
7560 9087 549 123 continue

5578 9196 244 117 his
5775 9200 471 117 march
6229 9196 466 117 toward
6645 9196 376 117 Asia
6946 9196 455 117 Minor.

6151 9352 497 141 Turks
6626 9352 228 141 in
6765 9346 722 177 Majority.

5666 9552 310 117 The
5997 9547 320 123 task
6317 9548 186 117 of
6532 9544 501 141 turning
7037 9547 250 123 the
7270 9539 557 123 Russian
7851 9535 245 123 left

5582 9680 378 117 flank
5970 9675 173 123 in
6155 9675 563 123 southern
6690 9680 608 117 Armenia
7291 9671 296 123 and
7559 9672 551 117 western

5564 9808 470 117 Persia
5991 9837 327 87 was
6338 9808 575 117 intrusted
6902 9818 189 105 to
7086 9808 247 117 the
7293 9803 418 123 Mush
7700 9821 418 111 group

5588 9940 186 117 of
5785 9940 244 117 the
6015 9939 547 123 Turkish
6567 9933 414 135 forces,
6979 9934 446 129 which,
7460 9921 647 135 reinforced

5590 10065 228 135 by
5857 10074 413 129 troops
6318 10072 364 117 from
6692 10089 401 111 every
7114 10069 316 135 part
7462 10063 186 123 of
7665 10064 390 117 Euro-

5579 10225 352 111 pean
5926 10209 286 111 and
6202 10204 480 117 Asiatic
6672 10201 511 135 Turkey
7185 10200 325 117 until
7544 10198 321 129 they
7859 10191 243 123 far

5586 10304 826 117 outnumbered
6426 10304 231 117 the
6631 10299 545 123 Russian
7165 10317 385 111 army
7522 10292 592 141 opposing

5606 10408 336 117 them,
5950 10405 407 135 began
6359 10409 234 111 the
6576 10409 788 111 northeastern
7345 10399 357 123 drive
7720 10400 159 117 in
7865 10396 240 117 the

5588 10509 565 111 direction
6133 10509 186 111 of
6283 10504 579 117 Erzerum.
6855 10496 616 141 Although
7441 10498 670 129 constantly

5585 10604 430 117 halted
5998 10605 221 135 by
6231 10609 230 111 the
6436 10604 547 117 Russian
6973 10605 260 111 fire
7219 10600 289 117 and
7504 10595 430 123 forced
7929 10601 179 111 to

5591 10705 324 111 send
5947 10705 149 111 in
6087 10730 163 81 a
6243 10705 678 111 continuous
6930 10711 481 99 stream
7381 10696 186 117 of
7578 10716 521 93 reserves

5603 10810 169 105 to
5756 10797 414 135 repair
6152 10817 514 111 ravages
6670 10806 166 105 to
6831 10796 327 117 their
7162 10796 309 117 lines
7460 10792 455 117 caused
7883 10789 231 135 by

5571 10901 545 111 Russian
6128 10906 494 105 counter
6623 10894 499 129 attacks,
7169 10892 244 117 the
7403 10887 431 123 Turks
7836 10909 238 111 ap-

5572 10992 462 141 peared,
6068 10998 374 129 early
6460 10997 166 111 in
6595 10993 502 135 August,
7119 10992 359 117 after
7499 10993 230 111 the
7719 11012 347 93 occu-

5578 11093 427 135 pation
6013 11097 183 111 of
6175 11091 408 123 Mush
6575 11092 296 117 and
6851 11092 399 117 Bitlis
7250 11088 286 117 and
7553 11088 243 117 the
7800 11113 257 87 suc-

5587 11197 429 111 cessful
6052 11188 656 141 expedition
6737 11193 275 111 into
7013 11188 511 117 Persian
7552 11180 555 141 territory

5575 11317 203 87 as
5778 11292 240 117 far
6002 11317 200 87 as
6169 11292 649 117 Hamadan,
6853 11298 175 105 to
7017 11288 200 117 be
7233 11289 159 111 in
7371 11309 163 87 a
7519 11284 279 117 fair
7762 11306 345 105 way

5607 11393 446 111 toward
6043 11385 903 135 accomplishing
6944 11388 241 117 the
7196 11383 310 123 task
7505 11380 325 141 they
7807 11383 299 123 had

5585 11493 705 111 undertaken.

5807 11642 608 177 Turning'
6417 11649 460 135 Point
6882 11644 225 141 in
7070 11638 765 177 Campaign.

5659 11844 322 117 The
6016 11837 533 135 turning
6543 11836 381 141 point
6957 11864 376 93 came
7363 11860 340 93 soon
7711 11836 386 117 after

5593 11984 256 117 the
5822 11980 580 117 Turkish
6378 11977 726 135 occupation
7097 11980 187 117 of
7248 11972 440 141 Mush,
7667 11976 428 117 when

5597 12125 252 111 the
5821 12120 578 117 Russian
6414 12116 283 117 line
6713 12121 163 111 in
6892 12121 300 111 that
7194 12113 908 135 neighborhood

5591 12256 588 117 stiffened
6191 12248 596 141 suddenly.
6879 12257 336 111 The
7206 12247 438 123 battle
7643 12249 455 135 begun

5600 12391 327 123 then
5950 12391 673 123 continued
6647 12384 1051 141 uninterruptedly
7716 12387 362 123 until

5582 12528 671 141 yesterday,
6279 12532 428 117 when
6755 12532 246 117 the
7011 12527 583 123 Turkish
7627 12520 442 141 forces,

5578 12669 507 135 despite
6128 12673 354 111 their
6519 12665 573 135 reported
7134 12665 744 135 superiority
7932 12664 163 117 in

5589 12774 568 129 numbers,
6225 12776 222 117 fell
6486 12776 349 117 back
6854 12776 407 117 under
7297 12776 244 117 the
7537 12776 565 117 Russian

5581 12878 512 129 assault,
6120 12881 679 111 conducted
6806 12876 381 117 from
7184 12880 245 117 the
7439 12878 456 129 region
7897 12872 187 117 of

5563 12981 811 135 Melasguerd
6394 12984 301 117 and
6704 12977 641 135 Gniskala,
7438 12979 301 123 and
7826 12975 261 123 left

5551 13088 421 117 Mush
5957 13085 411 135 again
6381 13088 163 117 in
6516 13088 575 117 Russian
7081 13088 425 117 hands.

5658 13197 312 111 The
5953 13196 439 117 defeat
6374 13196 197 117 of
6572 13196 282 117 this
6821 13213 453 111 group
7241 13196 187 117 of
7429 13191 255 123 the
7635 13196 410 117 Turk-

5609 13300 223 117 ish
5878 13300 424 117 forces
6357 13300 149 117 is
6533 13299 711 123 considered
7277 13295 225 147 by
7488 13296 624 141 military

5581 13408 452 117 critics
6018 13408 342 117 here
6364 13423 180 99 to
6527 13408 218 117 be
6733 13408 194 117 of
6915 13415 396 123 great
7326 13409 732 135 importance,

5578 13512 519 117 because
6109 13517 190 111 of
6325 13512 244 117 the
6560 13516 551 117 Turkish
7107 13514 463 129 ability
7589 13521 182 111 to
7774 13516 321 117 hold
8092 13595 13 27 ,

5550 13616 428 117 Mush
5970 13616 308 117 and
6277 13641 275 87 use
6568 13616 147 117 ft-
6724 13641 205 87 as
6919 13642 163 81 a
7074 13616 336 117 base
7414 13617 201 111 of
7618 13633 451 111 opera-
8092 13590 13 177 j

5589 13720 337 117 tions
5971 13716 497 141 against
6541 13720 244 117 the
6823 13719 555 123 Russian
7435 13719 252 123 left
7707 13721 395 135 wing

5592 13820 245 117 the
5820 13844 517 93 success
6317 13825 194 111 of
6509 13825 346 111 their
6851 13824 422 117 entire
7253 13821 666 135 campaign
7918 13820 176 117 in
8085 13827 23 171 j

5599 13928 275 117 this
5880 13924 456 141 region
6306 13953 346 87 was
6638 13925 711 135 predicated.

5665 14036 312 117 The
6048 14028 699 141 expedition
6800 14031 458 123 which
7329 14036 256 117 the
7631 14030 455 129 Turks

5587 14155 302 99 sent
5966 14155 259 99 out
6328 14145 364 111 from
6724 14144 803 117 Rivandouza
7601 14148 494 117 toward

5580 14244 459 117 Persia
6064 14249 156 111 In
6218 14273 222 87 an
6434 14255 610 123 apparent
7046 14254 539 129 attempt
7609 14257 183 111 to
7785 14252 245 117 dis-

5613 14363 324 99 tract
5994 14358 236 105 the
6254 14357 634 111 attention
6938 14357 197 111 of
7204 14356 249 117 the
7453 14360 633 117 Russians

5597 14457 351 111 from
5994 14461 231 111 the
6242 14465 382 111 main
6711 14460 463 117 theater
7237 14459 186 123 of
7478 14465 627 135 operation

5616 14560 538 117 likewise
6184 14590 339 81 cairK-
6606 14575 174 99 to
6822 14563 342 123 *rrief
7193 14588 341 93 near
7537 14566 528 129 Rachta,

5578 14669 416 111 wh?-re
6088 14684 259 93 two
6398 14675 628 123 regiments
7077 14697 372 87 were
7517 14678 575 129 captured

5597 14770 215 129 by
5882 14773 207 111 th?*
6154 14768 630 141 Russians,
6838 14773 697 135 according
7571 14786 177 105 to
7771 14800 319 93 war

5578 14877 379 111 office
5963 14885 727 111 statements.

6090 15046 400 129 Rush
6465 15045 536 135 Official
6969 15043 574 171 Report.

5658 15237 284 111 Th?*
5950 15236 431 117 ofttlal
6402 15246 262 105 vtat
6631 15266 260 81 em
6792 15260 231 93 Ant
7033 15249 197 111 of
7228 15241 394 135 today
7603 15246 445 129 regard-

5625 15404 70 45 >?
5734 15406 33 57 ;
5871 15391 43 75 r
5920 15385 53 63 ?
5988 15407 71 51 .?
6089 15369 681 135 operations
6762 15367 197 123 of
6982 15373 228 111 the
7199 15376 564 117 Russian
7741 15374 321 129 Cau-

5611 15543 43 27 '
5946 15521 390 111 army
6334 15522 328 105 (nys:

5841 15674 91 57 ?>.
5982 15641 203 111 th??
6224 15641 315 111 Jln#vs
6531 15636 655 141 extending
7166 15639 373 123 from
7519 15648 238 117 the
7752 15653 354 111 town

5952 15778 149 105 *1
6144 15779 180 99 to
6352 15772 318 117 I*ake
6669 15777 311 111 Van
6987 15776 588 117 stubborn
7569 15773 534 135 fighting

5910 15941 33 39 ?
5991 15947 123 51 "
6316 15918 53 81 '
6348 15920 220 93 Mir
6600 15911 416 123 troops,
7026 15903 361 123 after
7385 15905 488 135 having
7845 15927 193 99 oc-

6064 16010 198 105 ?h?*
6325 16025 321 87 t'ah
6691 16047 76 51 i?
6760 16019 53 99 i
6841 16010 426 129 Mush,
7279 16012 635 117 advanced
7921 16027 179 99 to

5918 16141 33 63 i
5974 16112 216 117 .'Ik*
6315 16114 150 105 <>f
6509 16113 394 111 Kurst
6951 16109 401 135 Dagu,
7395 16111 438 123 where
7841 16136 253 93 we

5706 16255 33 51 .
5750 16236 33 93 j
5812 16229 130 87 11i
5937 16235 143 75 r.
6083 16214 43 105 1
6292 16212 507 117 number
6793 16212 191 117 of
6981 16214 613 129 prisoners.

5790 16319 137 99 !n
5960 16323 194 99 th?-
6137 16318 307 105 Un
6422 16362 33 33 ?
6471 16317 247 111 tiorj
6739 16316 184 117 of
6882 16316 426 117 Mosul
7299 16341 246 87 we
7528 16320 572 117 continue

5606 16427 177 99 to
5815 16437 83 111 i
5932 16443 191 75 iT.s
6170 16461 33 39 ?
6317 16418 225 105 the
6581 16431 543 99 remnant
7146 16415 200 123 of
7391 16420 234 117 the
7658 16420 438 117 fourth

5570 16502 551 129 Turkish
6125 16516 631 117 division."

6084 16708 481 141 Turks
6534 16713 509 135 Claim
6977 16707 575 147 Success.

5670 16900 1292 141 CONSTANTINOPLE.
7079 16905 528 135 August
7720 16907 453 123 26.?

5562 17039 402 123 Hard
5981 17037 574 135 fighting
6537 17065 211 87 on
6783 17044 242 117 the
7023 17044 650 117 Caucasus
7688 17037 381 135 front,

5617 17181 159 111 in
5776 17177 448 111 which
6237 17168 488 141 during
6725 17201 283 87 one
7016 17187 803 123 engagement
7852 17176 249 117 the

5576 17308 626 117 Russians
6177 17333 369 87 were
6538 17307 438 123 forced
6972 17317 187 111 to
7139 17315 490 123 retreat,
7657 17308 149 117 is
7776 17307 335 123 also

5596 17441 579 135 reported
6180 17444 149 117 in
6335 17439 253 123 the
6561 17439 446 123 official
7004 17447 674 123 statement,
7645 17444 472 117 which

5596 17549 406 111 reads:

5695 17648 679 117 "Caucasus
6377 17648 377 117 front:
6714 17648 323 117 We
7030 17645 566 135 repulsed
7568 17648 526 117 attacks

5587 17750 514 129 against
6113 17777 280 87 our
6371 17752 641 117 advanced
7007 17749 611 135 positions
7618 17777 218 87 on
7852 17752 256 117 the

5606 17855 337 123 ri*?ht
5957 17854 397 129 wing.
6400 17857 229 111 At
6653 17877 273 87 one
6942 17848 374 141 point
7355 17852 242 117 the
7612 17878 458 105 enemy,

5593 17953 496 135 despite
6110 17982 153 81 a
6306 17952 651 117 three-fold
7002 17948 728 141 superiority,
7769 17982 329 81 was

5606 18056 438 117 forced
6060 18067 183 99 to
6249 18062 439 105 retreat
6721 18057 441 111 before
7183 18056 242 117 the
7427 18061 674 111 resistance

5597 18156 180 117 of
5793 18181 277 87 our
6088 18163 438 123 troops.
6526 18157 306 111 We
6830 18152 602 141 captured
7438 18157 632 135 prisoners.

5582 18261 428 111 There
6010 18261 355 111 have
6366 18261 346 111 been
6729 18252 787 141 insignificant
7514 18256 596 141 artillery

5594 18356 419 141 fights
6018 18364 166 117 in
6195 18360 235 117 the
6424 18365 449 111 center,
6939 18353 487 159 inuring
7396 18390 173 81 a
7533 18360 582 141 surprise

5587 18469 461 111 attack
6034 18490 211 81 on
6241 18465 469 111 hostile
6690 18464 641 117 advanced
7328 18464 566 117 trenches
7878 18489 218 87 on

5590 18589 287 87 our
5879 18564 264 117 left
6117 18561 408 135 wing
6502 18589 240 87 we
6735 18564 432 117 killed
7169 18569 489 135 twenty
7645 18568 197 117 of
7852 18564 256 117 the

5600 18686 454 105 enemy,
6106 18661 631 135 including
6723 18684 286 93 one
7002 18661 436 135 officer,
7461 18668 317 117 and
7769 18685 303 111 cap-

5602 18768 386 117 tured
5980 18760 691 141 equipment.

5699 18873 228 111 "A
5986 18869 475 111 hostile
6509 18868 579 117 monitor
7146 18865 964 135 unsuccessfully

5594 18967 727 123 bombarded
6319 18968 258 117 the
6562 18983 378 99 ooast
6934 18993 351 87 near
7244 18972 514 117 Fotcha.

5651 19231 455 171 MRS.
6082 19232 733 165 McADOO
6759 19231 438 171 HAS
7161 19231 796 171 TYPHOID.

5570 19512 800 213 Physicians
6344 19517 328 207 Say
6611 19518 575 177 Attack
7138 19523 211 171 Is
7313 19512 499 213 Slight
7769 19514 350 177 and

5957 19715 577 171 Patient
6518 19710 211 177 Is
6690 19702 515 225 Doing
7130 19704 555 213 Nicely.

5697 19898 612 129 SPRING
6275 19900 478 141 LAKE,
6766 19907 206 123 N.
6999 19910 190 129 J,
7211 19907 514 123 August
7759 19899 411 123 26.?

5559 20036 327 117 Mrs.
5887 20032 620 117 William
6468 20036 193 117 G.
6671 20039 578 123 McAdoo,
7262 20033 363 111 wife
7630 20032 190 117 of
7863 20037 242 111 the

5582 20165 653 135 Secretary
6229 20169 197 111 of
6440 20168 249 117 the
6667 20170 648 129 Treasury
7310 20164 297 117 and
7605 20160 446 141 daugh-

5600 20315 230 99 ter
5821 20300 187 117 of
6001 20299 629 123 President
6590 20296 565 141 Wilson,
7137 20296 347 117 who
7501 20296 145 117 Is
7635 20305 200 111 at
7830 20300 282 117 her

5594 20461 536 87 summer
6117 20436 384 117 home
6482 20436 335 117 here
6801 20429 635 135 suffering
7380 20433 371 111 with
7705 20435 391 123 what

5589 20569 258 111 her
5842 20565 703 135 physicians
6526 20567 575 123 describe
7079 20589 214 87 as
7284 20565 224 111 "a
7468 20561 416 135 slight
7846 20577 197 111 at-

5608 20700 319 117 tack
5918 20700 193 117 of
6124 20701 515 135 typhoid
6642 20693 471 135 fever,"
7123 20696 155 117 la
7277 20698 590 129 reported
7869 20705 183 111 to-

5592 20853 277 111 cay
5861 20862 201 81 as
6060 20833 417 135 doing
6450 20834 443 129 nicely.

5693 20967 318 123 Her
6070 20965 439 135 illness,
6576 20957 794 135 erroneously
7384 20968 730 117 announced

5627 21100 242 117 last
5889 21097 383 135 night
6278 21130 211 81 as
6496 21095 472 123 scarlet
6990 21087 389 147 fever,
7378 21121 332 87 was
7713 21097 352 135 diag-

5596 21237 407 111 nosed
5972 21261 213 87 as
6191 21228 529 141 typhoid
6690 21225 232 135 by
6884 21229 246 111 Dr.
7141 21220 381 141 Cary
7483 21227 186 123 T.
7663 21229 399 135 Gray-

5598 21386 264 105 son,
5911 21368 246 117 the
6146 21359 748 123 President's
6896 21353 660 135 physician,
7598 21360 180 117 in
7776 21389 272 87 con-

5598 21468 598 117 sultation
6276 21464 374 117 with
6709 21460 253 117 Dr.
7048 21460 630 117 William
7716 21466 402 129 Gray

5586 21564 679 141 Schauffley,
6327 21576 552 117 surgeon
6924 21557 522 135 general
7514 21559 197 123 of
7748 21564 384 117 New

5591 21669 458 135 Jersey.

5664 21875 250 123 Dr.
5975 21879 589 123 Grayson
6631 21863 589 123 returned
7288 21859 392 147 today
7735 21868 391 117 from

5567 21964 43 117 I
5589 21981 491 135 Spring
6037 21979 381 123 Lake.
6491 21968 254 117 He
6729 21964 567 117 declined
7307 21982 180 105 to
7459 21970 286 129 add
7728 21994 318 105 any-

5624 22080 370 141 thing
5993 22099 183 99 to
6184 22085 242 111 the
6426 22071 453 123 official
6907 22078 660 105 statement
7559 22070 540 129 already

5583 22186 409 129 given
5990 22188 259 117 out
6284 22186 293 105 that
6575 22178 311 105 Mrs.
6897 22172 571 117 McAdoo
7452 22201 325 87 was
7776 22176 249 117 suf-

5608 22291 434 123 fering
6044 22289 374 111 from
6398 22263 513 147 typhoid
6902 22266 372 129 fever.
7326 22272 267 117 He
7580 22275 312 123 said
7882 22281 211 111 he

5589 22393 442 111 would
6050 22394 453 105 return
6535 22391 177 99 to
6711 22369 494 135 Spring
7149 22376 421 117 Uke
7588 22377 511 135 shortly

5614 22507 170 99 to
5783 22487 462 123 render
6223 22502 305 105 any
6514 22475 691 123 assistance
7194 22474 559 129 possible.
7809 22480 256 117 Dr.

5574 22594 593 129 Grayson
6188 22579 440 123 would
6665 22591 252 99 not
6953 22580 504 117 discuss
7471 22609 163 87 a
7651 22587 437 123 report

5615 22701 286 111 that
5908 22702 311 105 Mrs.
6246 22674 570 129 McAdoo
6798 22673 446 135 might
7269 22681 200 111 be
7490 22682 612 129 suffering

5598 22796 381 117 from
5972 22782 568 129 Infantile
6533 22777 617 135 paralysis.
7226 22784 247 117 He
7474 22784 309 117 said
7788 22788 300 117 that

5623 22901 234 111 the
5869 22917 327 87 case
6181 22883 317 123 had
6498 22880 348 117 been
6852 22876 575 141 carefully
7426 22880 647 141 diagnosed,

5592 23005 288 111 and
5895 23001 249 111 the
6126 22979 701 147 physicians
6846 22980 173 117 in
7002 22982 735 129 attendance
7712 23013 381 87 were

5591 23124 322 93 sure
5904 23101 300 111 that
6200 23093 245 111 the
6390 23077 541 135 malady
6876 23108 322 93 was
7192 23081 515 135 typhoid
7690 23087 379 123 fever.

5628 23205 115 111 It
5746 23205 515 111 became
6242 23193 481 111 known
6699 23183 480 123 several
7174 23180 348 141 days
7495 23214 301 105 ago
7785 23196 303 117 that

5617 23304 560 117 intimate
6240 23288 601 117 relatives
6898 23288 187 117 of
7137 23289 321 111 Mrs.
7523 23292 580 117 McAdoo

5612 23404 443 117 feared
6060 23396 296 117 that
6367 23393 266 111 she
6605 23381 443 135 might
7049 23383 355 123 have
7388 23396 718 117 contracted

5618 23498 571 129 infantile
6179 23482 642 153 paralysis.

5685 23609 422 111 Fever
6084 23596 300 117 and
6370 23582 688 129 headaches,
7043 23588 471 117 which
7494 23621 274 87 are
7754 23595 349 123 both

5600 23715 677 123 symptoms
6281 23697 190 111 of
6513 23688 564 117 infantile
7082 23688 624 141 paralysis,
7735 23695 362 123 have

5608 23807 332 123 both
5933 23809 346 111 been
6269 23793 517 135 present,
6805 23798 256 105 but
7080 23791 242 123 the
7283 23791 633 147 majority
7898 23800 197 117 of

5619 23913 246 111 the
5919 23901 674 135 symptoms
6623 23887 220 123 all
6902 23889 375 135 point
7345 23905 183 111 to
7574 23897 529 135 typhoid

5613 24016 369 117 fever.

5789 24257 562 183 Venice
6298 24260 463 165 Faces
6707 24255 733 171 Economic
7399 24252 480 189 Crisis.

5692 24449 493 135 ROME.
6195 24446 514 129 August
6731 24438 750 129 26.?Venice
7502 24443 152 123 Is
7663 24446 476 153 facing

5608 24613 173 87 a
5772 24579 505 123 serious
6288 24572 621 117 economic
6916 24572 394 117 crisis
7315 24597 207 87 as
7527 24600 163 93 a
7695 24587 409 123 result

5614 24689 190 111 of
5817 24685 255 111 the
6043 24692 326 93 war.
6426 24668 322 117 The
6731 24665 304 135 city
7000 24679 792 123 government
7795 24687 316 123 sent

5611 24765 669 159 yesterday
6264 24793 173 87 a
6410 24761 713 135 delegation
7135 24778 176 105 to
7298 24772 299 117 ask
7597 24771 255 123 the
7838 24803 232 99 na-

5633 24875 394 123 tional
6012 24869 803 135 government
6798 24869 244 111 for
7027 24866 466 129 special
7455 24888 666 117 measures

5621 24980 187 117 of
5790 24970 692 129 assistance.
6467 24959 322 123 The
6759 24961 462 135 people
7197 24964 629 141 complain
7812 24973 303 135 that

5637 25079 330 123 they
5962 25073 369 111 have
6315 25060 360 117 been
6662 25057 601 135 deprived
7254 25065 197 111 of
7462 25063 262 123 the
7715 25080 394 117 usual

5622 25171 591 123 business
6213 25155 190 123 of
6414 25155 266 123 the
6675 25162 345 129 port,
7042 25160 197 117 of
7265 25159 353 123 their
7643 25160 502 141 Income

5634 25272 388 117 from
5989 25255 528 123 tourists
6495 25251 311 123 and
6774 25253 680 135 prevented
7439 25259 398 123 from
7778 25267 289 123 fish-

5653 25369 263 135 ing
5930 25364 180 117 In
6132 25355 252 123 the
6364 25349 600 135 Adriatic,
6992 25327 535 171 cutting
7506 25359 253 123 off
7769 25361 359 135 their

5624 25468 707 117 customary
6319 25477 518 87 sources
6807 25451 200 123 of
7000 25476 556 93 revenue.
7547 25457 578 135 Premier

5611 25554 484 129 Boselll
6095 25546 571 129 received
6639 25547 265 123 the
6859 25544 726 141 delegation
7526 25554 331 129 and
7780 25562 343 129 will

5629 25653 595 135 endeavor
6191 25656 199 117 to
6328 25641 281 135 aid
6570 25646 254 129 the
6761 25646 668 129 Venetians.

5994 25997 73 159 I

7266 26044 153 141 i

8069 11671 821 651 BODY
8757 11681 489 639 OF
9117 11666 1455 657 SPRATLING

8167 12247 333 651 IS
8455 12257 363 639 IN
8681 12252 1257 645 ATLANTA
9821 12243 865 651 HOME

8089 13073 748 279 Military
8866 13081 621 231 Escort
9557 13077 306 231 for
9907 13066 749 273 Georgia

8393 13369 638 231 Militia
9051 13357 750 279 Captain
9823 13361 515 231 Slain

8853 13645 320 279 by
9062 13648 790 237 Woman.

8174 14143 598 147 MACON,
8838 14145 306 135 Ga.,
9222 14153 260 111 An
9415 14147 317 123 crust
9827 14134 768 129 26.?Accom-

8119 14284 480 141 panied
8567 14279 235 147 by
8753 14309 183 87 a
8855 14276 611 141 military
9436 14280 431 117 escort
9858 14276 262 117 the
10087 14268 379 141 body
10433 14268 190 117 of

8113 14417 375 135 Capt.
8485 14412 473 141 Edgar
8950 14416 148 117 J.
9119 14403 654 147 8pratling,
9783 14408 203 117 F
9953 14405 655 135 Company,

8135 14552 260 117 5th
8449 14549 691 135 Regiment.
9209 14538 598 129 National
9880 14539 461 123 Guard
10436 14540 187 117 of

8101 14680 583 141 Georgia,
8726 14683 320 123 shot
9047 14684 304 117 and
9347 14675 421 123 killed
9774 14685 187 111 at
9990 14675 266 123 the
10259 14681 370 111 state

8102 14819 863 123 mobilization
8965 14837 394 111 camp
9370 14816 339 117 here
9719 14813 676 135 yesterday
10406 14809 225 135 by

8096 14951 334 123 Mrs.
8410 14951 211 123 H.
8598 14952 169 117 C.
8769 14952 478 117 Adams
9226 14942 207 129 of
9389 14946 548 129 Atlanta,
9906 14973 325 87 was
10221 14943 406 123 taken

8132 15085 387 135 early
8545 15085 402 135 today
8980 15094 187 105 to
9177 15084 238 117 his
9438 15080 395 117 home
9877 15085 166 111 in
10040 15075 561 123 Atlanta.

8115 15215 448 123 Burial
8554 15216 320 117 will
8890 15220 207 117 be
9085 15234 184 105 at
9252 15208 565 141 Opelika,
9812 15215 309 123 Ala.

8188 15352 334 117 Mrs.
8559 15350 502 129 Adams,
9112 15339 607 147 formerly
9731 15373 163 87 a
9899 15345 508 135 patient
10433 15348 190 117 of

8117 15480 368 141 Capt.
8488 15479 668 147 9oratling
9094 15484 350 117 who
9446 15484 170 117 in
9608 15480 311 117 civil
9953 15479 248 123 life
10162 15505 339 87 was
10461 15509 183 87 u

8130 15616 648 141 physiciain,
8846 15620 270 117 last
9146 15607 394 147 night
9549 15641 329 87 was
9894 15615 333 123 held
10246 15611 228 147 by
10478 15641 153 87 a

8132 15752 624 117 coroner's
8753 15749 333 135 jury
9076 15752 250 117 for
9341 15752 245 117 the
9580 15744 494 141 killing.
10169 15753 191 111 In
10373 15748 259 117 the

8122 15883 369 123 Bibb
8464 15885 483 135 county
8936 15881 240 135 Jail
9182 15884 339 117 here
9507 15880 266 117 she
9747 15884 577 117 asserted
10317 15879 300 123 that

8132 15988 269 117 she
8391 15989 313 111 shot
8681 15985 365 135 Capt.
9054 15985 373 135 Sprat
9409 15981 297 135 ling
9668 15978 556 129 because
10201 15989 187 111 of
10364 15999 193 99 at-

8145 16093 549 111 tentions
8678 16084 337 141 paid
8998 16087 269 123 her
9233 16083 432 123 while
9655 16088 266 117 she
9892 16108 325 93 was
10226 16088 169 117 In
10371 16087 258 123 his

8133 16192 379 117 office
8525 16192 217 117 iin
8697 16192 571 117 Atlanta.

8446 16348 646 141 Woman
9046 16343 634 147 Justifies
9619 16348 616 141 Herself.

8256 16543 414 123 After
8639 16539 483 123 several
9098 16539 412 123 hours
9491 16539 176 123 In
9640 16540 243 141 jail
9828 16539 341 123 Mrs.
10136 16543 491 123 Adams

8126 16680 522 117 became
8738 16672 680 141 hysterical,
9542 16676 270 117 but
9933 16676 698 141 frequently

8129 16812 586 117 declared
8730 16812 306 117 that
9026 16812 421 117 when
9463 16812 262 117 she
9728 16830 346 105 goes
10097 16816 183 117 to
10300 16816 300 117 trial

8126 16948 272 117 her
8388 16968 460 93 course
8806 16943 316 123 will
9118 16943 208 123 be
9319 16939 456 123 shown
9773 16959 183 99 to
9934 16947 359 123 have
10274 16952 357 117 been

8147 17076 550 141 justified.

8188 17212 338 117 Mrs.
8548 17212 432 117 Maud
8980 17210 449 129 Monk,
9475 17237 163 87 a
9658 17211 498 123 trained
10189 17240 405 93 nurse,

8129 17309 722 135 questioned
8857 17313 218 135 by
9070 17316 503 117 officers
9573 17316 187 117 of
9784 17316 249 117 the
10012 17315 594 123 National

8111 17416 454 117 Guard
8586 17422 190 105 at
8786 17407 430 147 Camp
9212 17416 486 117 Harris
9749 17415 270 123 last
10034 17417 387 135 night
10477 17434 145 105 Is

8138 17521 306 111 said
8461 17526 190 105 to
8645 17516 349 117 have
8998 17520 582 117 declared
9600 17520 289 117 that
9907 17524 266 117 she
10179 17549 329 87 saw
10468 17553 173 87 a

8153 17619 378 123 letter
8571 17625 180 111 to
8742 17612 368 141 Capt.
9190 17615 655 147 Spratling
9890 17623 377 123 from
10256 17628 338 117 Mrs.

8121 17720 478 117 Adams
8632 17715 785 147 threatening
9425 17726 187 105 to
9619 17724 254 117 kill
9921 17728 319 117 him
10264 17732 132 117 if
10413 17732 212 117 he

8129 17820 252 117 did
8382 17830 259 105 not
8659 17845 261 87 see
8913 17819 269 123 her.
9250 17819 528 123 Officers
9777 17833 173 111 at
9995 17832 239 117 the
10240 17854 388 105 camp

8153 17919 599 123 indicated
8794 17925 409 111 belief
9267 17919 297 123 that
9637 17923 429 123 illness
10109 17937 284 111 due
10448 17942 180 105 to

8119 18045 555 87 nervous
8681 18019 625 123 disorders
9317 18028 479 117 caused
9768 18026 341 129 Mrs.
10130 18036 492 117 Adams

8134 18115 591 147 tQrthink
8685 18121 365 135 Capt.
9062 18119 652 147 Spuatling
9697 18127 293 123 had
9962 18140 398 117 acted
10362 18140 236 117 im-

8133 18220 593 141 properly
8722 18233 190 111 to
8909 18227 276 123 her.

8475 18380 346 141 Did
8766 18384 352 141 Not
9073 18383 779 171 Recognize
9795 18395 417 147 Him.

8178 18575 344 123 Mrs.
8535 18575 491 123 Adams
9035 18604 377 93 came
9418 18584 377 117 from
9766 18588 276 117 her
10031 18596 398 117 home
10457 18596 173 117 in

8118 18708 563 117 Atlanta
8675 18703 677 147 yesterday,
9390 18716 301 117 and
9693 18715 447 147 going
10154 18732 203 117 to
10369 18732 263 117 the

8139 18850 369 105 state
8512 18861 387 111 camp
8910 18841 561 135 inquired
9473 18849 256 111 the
9698 18872 353 117 way
10054 18864 197 117 to
10222 18856 372 141 Capt.

8130 18968 728 141 Spratling1s
8914 18980 315 117 tent.
9285 18971 676 147 Reaching
10012 18991 249 123 the
10317 19000 299 117 tent

8142 19108 266 117 she
8446 19108 425 117 asked
8918 19107 262 123 the
9217 19104 447 141 officer,
9732 19119 676 147 according
10435 19137 193 111 to

8133 19236 389 117 other
8518 19238 507 129 officers.
9070 19239 145 123 If
9214 19244 208 117 he
9395 19263 394 99 were
9777 19248 368 141 Capt.
10166 19256 394 141 Sprat-

8154 19360 292 141 ling.
8498 19367 260 123 On
8733 19364 416 141 being
9107 19375 649 123 answered
9765 19380 173 117 in
9917 19388 252 117 the
10136 19392 463 117 affirm-

8130 19498 390 129 ative,
8522 19505 256 111 she
8761 19499 346 123 fired
9093 19503 391 123 twice
9456 19502 387 129 from
9783 19537 163 87 a
9900 19524 383 117 small
10280 19523 274 123 cali-

8130 19632 272 117 ber
8390 19627 416 147 pistol,
8826 19636 348 117 both
9160 19640 382 117 shots
9556 19635 476 147 taking
10011 19655 395 123 effect.

8173 19731 344 123 Mrs.
8511 19733 502 135 Adams,
9018 19736 679 141 according
9688 19759 180 99 to
9830 19745 415 135 Lieut.
10250 19764 353 117 Sam-

8118 19836 237 117 uel
8328 19841 193 111 A.
8499 19833 464 135 Kysor
8952 19840 187 117 of
9107 19845 203 111 F
9246 19840 648 141 Company,
9877 19856 347 117 who
10207 19864 425 117 seized

8121 19940 262 117 her
8394 19961 153 87 a
8514 19950 574 105 moment
9122 19937 344 135 later,
9508 19943 368 123 cried
9881 19971 256 99 out
10147 19985 204 87 as
10371 19969 259 111 she

8130 20040 306 117 shot
8464 20041 249 111 the
8710 20037 447 135 officer,
9188 20044 378 117 "You
9554 20049 355 111 have
9923 20059 463 123 ruined
10343 20086 289 105 my

8118 20140 479 117 home."

8191 20245 418 111 After
8625 20244 256 117 the
8895 20239 602 147 shooting
9499 20249 270 111 she
9780 20264 504 117 seemed
10294 20265 280 135 hys-

8136 20341 449 135 terical,
8609 20348 252 117 the
8873 20347 651 123 lieutenant
9527 20349 311 135 said,
9843 20360 304 117 and
10130 20364 502 141 begged

8133 20454 183 105 to
8310 20447 211 123 be
8528 20448 400 117 taken
8935 20452 391 117 from
9305 20448 252 117 the
9564 20468 382 117 camp.
10034 20462 283 129 She
10319 20477 313 111 said

8111 20548 692 117 afterward
8819 20553 259 111 she
9091 20553 304 111 had
9402 20572 405 93 never
9833 20554 452 129 before
10296 20593 339 87 seen

8105 20645 365 135 Capt.
8474 20644 659 141 Spratling
9121 20653 170 111 in
9262 20652 255 117 his
9493 20648 560 141 uniform,
10054 20664 273 117 but
10321 20672 293 117 that

8118 20753 215 111 he
8315 20753 297 111 had
8614 20757 498 111 treated
9113 20757 265 111 her
9366 20758 194 105 at
9562 20752 248 117 his
9805 20759 376 123 office
10197 20768 170 117 in
10329 20777 239 111 At-

8142 20853 369 111 lanta
8510 20852 244 117 for
8754 20877 153 87 a
8901 20872 545 93 nervous
9457 20856 497 117 trouble.

8363 21012 408 141 "One
8741 21006 474 177 Thing-
9248 21008 275 141 for
9473 21007 323 147 Me
9811 21022 200 129 to
9979 21019 407 147 Do."

8192 21200 697 141 Referring
8871 21201 413 135 again
9293 21214 190 105 to
9489 21203 255 123 the
9740 21201 593 159 shooting,
10360 21229 269 111 she

8114 21340 599 117 declared:

8220 21477 179 111 "I
8429 21466 518 129 decided
8981 21468 303 117 that
9322 21463 379 123 there
9698 21497 332 87 was
10054 21480 269 117 but
10346 21508 287 93 one

8133 21605 400 135 thing
8514 21604 237 117 for
8708 21624 281 93 me
8993 21605 183 111 to
9153 21597 220 135 do,
9378 21601 301 111 and
9674 21600 113 117 I
9778 21603 269 123 did
10046 21607 148 123 it.
10158 21611 477 123 When

8137 21740 245 117 the
8417 21733 673 135 testimony
9100 21752 434 93 comes
9546 21737 266 111 out
9847 21736 123 117 I
9998 21739 265 123 feel
10297 21767 336 99 sure

8144 21875 252 123 the
8367 21868 454 141 public
8774 21868 313 117 will
9090 21867 208 123 be
9262 21864 384 117 with
9594 21888 279 93 me.
9962 21872 113 117 I
10051 21901 292 87 am
10297 21905 286 87 con-

8122 22008 406 117 fident
8534 22008 113 117 I
8610 22003 320 123 will
8924 22021 232 111 go
9143 21995 402 123 free."

8177 22139 351 123 Mrs.
8514 22139 503 123 Adams,
9011 22125 683 135 according
9683 22142 177 105 to
9869 22132 763 141 information

8131 22244 568 117 received
8726 22238 343 129 here,
9154 22232 251 117 left
9450 22231 391 123 home
9898 22240 173 117 in
10087 22243 559 123 Atlanta

8131 22345 507 135 shortly
8614 22344 376 117 after
8982 22341 265 111 her
9249 22331 571 123 husband
9813 22340 294 117 had
10091 22366 355 105 gone
10456 22354 180 105 to

8108 22445 406 135 work,
8590 22441 511 135 leaving
9124 22441 266 111 her
9406 22436 301 117 and
9780 22445 242 111 the
10088 22445 546 135 couple's

8137 22552 372 117 three
8547 22543 376 123 small
8968 22535 567 123 children
9561 22545 180 111 at
9785 22544 392 117 home.
10274 22547 359 123 Late

8119 22649 661 135 yesterday
8794 22649 259 111 she
9052 22645 313 111 sent
9349 22640 508 117 Adams
9869 22649 252 111 the
10131 22648 470 117 follow-

8149 22748 253 141 ing
8409 22754 613 129 telegram:

8227 22853 518 135 "Daddy,
8785 22853 103 111 I
8902 22868 288 93 am
9189 22844 169 117 in
9368 22837 258 135 jail.
9704 22843 260 123 Do
9938 22848 401 117 what
10335 22874 304 105 you

8128 22960 359 117 can."

8210 23051 287 123 She
8476 23055 319 123 said
8783 23051 280 123 last
9038 23040 394 141 night
9426 23044 259 117 she
9655 23044 304 117 had
9930 23043 716 147 previously

8137 23160 291 117 told
8434 23165 272 111 her
8714 23145 581 135 husband
9294 23143 197 123 of
9494 23146 517 129 alleged
9976 23148 661 141 ^improper

8131 23259 602 123 relations
8734 23261 577 111 between
9311 23248 279 117 her
9591 23247 308 123 and
9920 23252 249 117 the
10178 23248 374 141 physi-

8128 23356 325 141 cian,
8455 23363 297 123 and
8730 23350 440 129 added:

8231 23460 312 141 "My
8518 23456 348 141 only
8847 23451 433 147 regret
9291 23452 155 117 Is
9446 23447 306 123 that
9747 23447 123 123 I
9847 23451 272 123 did
10091 23461 269 111 not
10375 23456 243 117 tell

8129 23568 322 117 him
8423 23558 550 129 sooner."

8234 23664 368 141 Capt.
8668 23651 657 147 Spratling,
9387 23647 423 123 about
9859 23648 775 141 forty-seven

8130 23789 403 111 years
8517 23768 258 117 old
8751 23759 304 123 and
9018 23750 576 129 married,
9589 23777 329 87 was
9909 23777 280 87 one
10180 23756 191 117 of
10373 23761 255 111 the

8106 23882 378 105 most
8490 23864 533 141 popular
9033 23860 493 117 officers
9542 23857 166 111 in
9728 23856 248 117 the
9976 23853 625 135 regiment,

8109 23976 381 117 with
8442 23967 468 123 which
8880 23963 228 123 he
9094 23960 304 117 had
9378 23957 360 111 been
9716 23960 671 117 connected
10382 23960 247 117 for

8139 24076 476 117 several
8627 24084 417 117 years,
9043 24064 301 117 and
9314 24080 339 93 was
9614 24061 333 111 well
9962 24060 481 117 known
10464 24065 163 111 in

8113 24175 541 123 medical
8670 24171 308 123 and
8979 24163 395 123 social
9400 24156 465 117 circles
9886 24161 180 111 in
10040 24159 561 123 Atlanta.

8113 24284 264 117 He
8377 24300 322 93 was
8750 24267 661 123 interested
9450 24261 180 111 in
9666 24260 297 117 iron
9959 24264 454 117 mines
10461 24264 166 117 in

8112 24383 627 123 Alabama
8699 24371 304 123 and
8939 24393 335 87 was
9215 24359 551 123 medical
9754 24364 512 117 adviser
10253 24373 190 111 to
10395 24389 239 87 an

8161 24493 628 111 insurance
8777 24488 614 117 company
9388 24459 176 123 in
9537 24459 564 123 Atlanta.

8437 24672 354 141 The
8740 24649 804 159 Husband's
9533 24650 761 153 Statement.

8235 24871 214 123 H.
8435 24867 186 123 C.
8607 24859 509 123 Adams,
9114 24847 581 123 husband
9667 24848 203 117 of
9861 24848 252 117 the
10087 24860 552 117 accused

8118 25018 541 105 woman,
8687 24983 436 123 issued
9099 25008 163 93 a
9256 24981 341 135 Ions
9573 24984 677 117 statement
10214 24988 428 117 when

8151 25129 315 135 told
8454 25123 214 123 of
8670 25115 262 123 the
8921 25107 489 147 killing.
9481 25111 508 123 Adams
9992 25115 326 123 said
10315 25119 309 123 that

8136 25271 268 123 his
8358 25255 370 123 wife
8707 25247 307 123 had
8987 25247 363 123 been
9338 25242 580 129 troubled
9860 25242 397 129 with
10227 25271 363 99 nerv-

8142 25408 546 117 ousness
8649 25383 317 123 and
8925 25378 317 129 bad
9215 25383 363 123 been
9563 25379 511 123 treated
10036 25375 245 147 by
10238 25379 371 147 Capt.

8136 25508 664 165 Bpratllnff.
8845 25510 351 129 Mrs.
9184 25510 524 129 Adams
9707 25511 322 123 told
10001 25511 295 123 her
10284 25510 297 129 hus-

8144 25643 394 147 band.
8517 25646 245 129 he
8725 25642 341 153 s?ld,
9056 25641 587 135 that-she
9605 25637 323 135 bad
9883 25640 608 141 objected
10455 25641 199 135 to

10663 11752 574 117 remarks
11199 11747 475 123 which
11671 11748 266 117 she
11940 11743 326 123 said
12265 11743 252 123 the
12507 11740 660 141 physician

10627 11856 422 117 made
11044 11861 180 111 to
11194 11852 276 117 her
11440 11852 421 117 while
11847 11852 266 117 she
12066 11873 332 87 was
12416 11848 163 117 in
12554 11848 245 117 his
12786 11848 379 117 office

10661 11960 452 117 before
11113 11961 256 111 the
11326 11955 857 123 mobilization
12161 11951 400 123 order
12546 11952 354 117 took
12856 11948 342 117 him

10673 12074 183 105 to
10797 12064 504 117 Macon.

10757 12169 501 111 Adams
11260 12159 319 123 said
11556 12165 232 111 he
11782 12160 364 117 tried
12142 12166 196 105 to
12305 12162 288 129 get
12568 12156 244 117 hit,
12788 12157 380 111 wife

10665 12278 183 105 to
10884 12268 344 117 visit
11295 12263 595 123 relatives
11934 12282 405 105 away
12397 12255 377 123 from
12790 12254 347 129 here,

10676 12370 597 129 thinking
11258 12368 306 117 that
11538 12363 469 123 would
12000 12364 541 117 "relieve
12530 12365 272 111 her
12763 12355 408 123 mind

10661 12476 187 117 of
10841 12476 252 117 the
11042 12472 600 117 matter."
11662 12473 267 111 He
11899 12463 439 123 added
12321 12464 310 117 that
12608 12464 269 117 she
12869 12460 295 117 told

10658 12580 329 117 him
10961 12581 303 111 that
11274 12576 256 117 she
11495 12597 346 87 was
11823 12564 434 141 going
12241 12574 190 105 to
12379 12567 491 123 Macon,
12890 12564 270 117 but

10673 12684 303 117 that
10973 12685 212 111 he
11169 12675 266 123 did
11418 12685 266 111 not
11676 12678 512 129 suspect
12182 12668 276 117 her
12470 12667 671 123 intentions.

10921 13063 874 219 Archbishop
11762 13071 214 171 of
11877 13071 495 171 West
12336 13066 509 177 Indies.

10732 13271 478 123 NEW
11168 13258 496 129 YORK.
11695 13264 525 141 August
12274 13259 499 123 56.?Rt.
12806 13260 343 117 Rev.

10632 13406 521 129 George
11108 13395 701 123 Frederick
11754 13396 375 117 Cecil
12086 13397 270 111 De
12310 13390 602 129 Carteret,
12907 13413 210 87 ac-

10656 13529 548 135 cording
11202 13533 197 111 to
11375 13528 412 117 word
11793 13523 575 123 received
12371 13519 353 123 here
12738 13517 407 135 today,

10646 13663 283 123 has
10908 13664 366 117 been
11265 13654 502 129 elected
11736 13647 670 147 Episcopal
12395 13645 791 135 Archbishop

10653 13791 204 123 of
10870 13796 262 117 the
11087 13791 436 123 West
11546 13792 436 117 Indies.
12006 13784 73 45 *
12039 13784 325 117 The
12370 13804 356 93 new
12699 13772 476 141 bishop

10637 13952 325 93 was
10946 13928 262 117 the
11171 13923 738 123 unanimous
11880 13915 452 123 choice
12298 13911 204 123 of
12478 13916 259 117 the
12715 13931 411 99 seven-

10669 14065 452 135 ty-one
11100 14056 710 141 clergymen
11768 14052 304 117 and
12043 14044 343 141 fifty
12379 14043 496 147 laymen
12822 14043 354 123 who

10650 14191 605 123 attended
11240 14218 173 81 a
11393 14183 484 147 special
11881 14180 437 141 synod
12296 14184 207 117 at
12472 14181 676 135 Kingston.

10639 14332 307 117 For
10929 14328 252 117 the
11174 14324 270 117 last
11440 14324 369 117 three
11774 14337 400 111 years
12139 14316 222 117 he
12326 14311 301 123 had
12583 14312 364 117 been
12903 14337 214 87 as-

10663 14464 473 117 sistant
11115 14452 480 141 bishop
11569 14451 197 123 of
11742 14451 591 123 Jamaica
12287 14448 311 117 and
12563 14443 554 123 adminis-

10679 14569 408 111 trator
11081 14560 197 117 of
11280 14560 249 117 the
11541 14556 479 117 islands.

10949 15329 1999 279 TOMORROW

10842 15815 238 123 "A
10971 15816 312 117 NY
11364 15811 173 123 A
11435 15816 243 117 M
11565 15812 183 117 E
11654 15807 400 123 RICA
11961 15804 223 117 N
12247 15805 203 111 B
12357 15799 183 123 U
12447 15804 203 117 SI
12564 15795 434 123 NESS

11004 15911 436 123 MAN
11441 15907 387 123 CAN
11814 15903 512 123 MAKE
12326 15899 193 123 A
12535 15900 465 117 DEAL

11003 16011 498 123 WITH
11464 16007 364 123 THE
11795 16003 451 123 KING
12201 16000 278 117 OF
12436 15995 559 123 SPAIN"

10978 16102 948 129 ?STERLING
11865 16099 604 123 HEILIG
12439 16100 294 117 tells
12682 16096 328 117 how

11003 16210 381 129 Kin//
11371 16198 624 153 Alphovso
11975 16240 43 21 ?
12003 16205 154 111 is
12151 16196 410 141 going
12564 16206 179 105 to
12733 16216 227 93 ex-

11058 16318 375 105 treme
11498 16300 466 141 lengths
12015 16305 176 111 in
12231 16293 763 135 encouraging

11022 16403 637 123 American
11625 16395 696 147 enterprises
12318 16400 159 117 to
12443 16396 214 117 do
12640 16392 286 117 busi-

11030 16529 316 87 ness
11351 16504 172 117 in
11505 16505 233 111 his
11732 16502 502 129 country.

10835 16694 601 129 "SHALL
11431 16692 347 117 WE
11783 16687 535 123 BUILD
12333 16683 278 123 OR
12627 16679 383 123 PAY

11019 16790 880 129 RENTf"?An
11884 16788 308 117 able
12163 16784 663 117 discussion
12797 16776 199 141 of

11052 16895 269 123 this
11325 16886 571 129 universal
11910 16879 546 147 problem,
12487 16880 207 141 by
12673 16880 282 117 AL-

11015 16991 473 123 BERT
11422 16993 228 111 W.
11650 16983 660 123 ATWOOD.

10845 17187 422 123 "ALL
11413 17178 766 129 GERMANY
12325 17170 666 129 THRILLS

11018 17283 469 123 OVER
11590 17274 533 129 DEEDS
12233 17276 278 117 OF
12597 17271 408 123 HER

11022 17383 561 123 YOUNG
11565 17370 1209 129 HEROES''?Stories
12797 17365 189 135 of

11055 17484 230 117 the
11256 17501 701 111 courageous
11928 17467 506 147 exploits
12412 17473 189 135 of
12562 17488 432 117 young

11040 17584 498 117 soldiers
11579 17585 168 111 in
11783 17576 223 117 the
12032 17575 238 123 air,
12317 17572 403 117 under
12761 17573 214 111 the

11039 17704 263 93 sea
11289 17679 286 123 and
11565 17705 211 87 on
11794 17676 231 117 the
12028 17669 619 135 battlefield.

10845 17875 424 123 "THE
11255 17867 883 123 BULWARK."
12086 17865 262 135 Jan
12362 17860 629 141 appealing

11039 17978 367 129 story
11396 17968 207 141 by
11562 17953 978 159 HOL\yOttTHY
12493 17959 464 123 HALL.

10846 18156 770 141 "COLOSEL
11645 18054 625 249 HOUSES

11022 18258 733 129 TORY"?A
11764 18261 580 135 twoypage
12337 18252 468 141 spread
12790 18248 212 141 nf.

11026 18354 772 153 photographs
11785 18352 192 141 of
11946 18370 321 129 /men
12242 18351 289 123 and
12496 18377 494 87 women

11012 18464 321 117 who
11332 18480 364 93 were
11706 18452 536 141 "powers
12272 18447 450 123 behind
12751 18453 227 111 the

11058 18560 513 117 throne."

10838 18756 433 117 "OUR
11307 18736 819 141 ENGINEER
12151 18739 527 123 CORPS
12711 18740 292 117 AT

11006 18841 1230 135 WORK"?Problems
12186 18839 448 123 which
12603 18857 384 111 army

11040 18945 598 135 engineers
11646 18950 363 105 must
12051 18935 354 123 solve
12443 18940 183 117 in
12656 18940 336 117 their

11034 19044 365 117 v'ork
11427 19049 172 111 in
11635 19044 227 117 the
11884 19036 841 141 carf^psalojig
12748 19031 230 123 the

11000 19144 587 117 Mexican
11600 19140 427 117 border.

10841 19336 380 117 THE
11179 19332 760 117 RAMBLER
11893 19333 452 111 writes
12340 19325 189 135 of
12517 19324 437 117 "BRY-

11018 19428 360 117 ANS
11367 19427 517 123 POINT
11866 19423 305 123 ON
12148 19424 374 117 THE
12495 19424 452 117 POTO-

11007 19523 491 123 MAC."

10841 19713 769 135 "REVIEWS
11698 19720 288 117 OF
12041 19709 960 135 MIDSUMMER

11011 19820 632 117 BOOKS."

10848 20007 478 123 "WHY
11280 20008 382 117 ARE
11604 20003 717 123 ROLLING
12274 19998 588 129 STONES
12809 20004 178 117 t"

11054 20105 197 135 by
11225 20099 534 123 LELLA
11726 20104 461 117 FAYE
12155 20094 507 129 SECOR.

10835 20289 863 135 "MANIFEST
11661 20291 709 123 DESTINY
12346 20291 291 123 OF
12611 20287 394 123 THE

11026 20392 616 117 UNITED
11687 20387 587 123 STATES
12342 20388 249 117 IN
12621 20387 377 123 THE

11018 20486 973 129 CARIBBEAN."
12037 20513 225 87 an
12319 20480 671 141 interesting

11033 20588 433 117 article
11483 20585 207 135 by
11673 20579 713 123 CHARLES
12341 20579 224 123 M.
12568 20580 386 117 PEP-

11015 20683 370 123 PER.

10842 20874 440 129 "THE
11363 20871 435 123 GIRL
11874 20866 663 129 BEYOND
12614 20862 391 129 THE

11029 20971 776 123 TRAIL"?
11678 20973 551 111 Another
12284 20963 692 123 installment

11033 21068 186 141 of
11286 21068 263 117 this
11585 21063 720 123 remarkable
12347 21063 364 123 serial
12776 21061 217 135 by

11020 21162 523 129 JAMES
11522 21163 567 123 OLIVER,
12105 21159 749 123 CURWOOD.

10845 21349 1153 135 "WASHINGTON'S
11958 21351 468 123 CRAB
12383 21346 619 129 SUPPLY

11042 21460 197 117 IS
11224 21451 715 123 RAPIDLY
11908 21447 1075 123 DIMINISHING."

10848 21642 558 129 "FIFTY
11363 21639 432 123 MEN
11738 21640 489 117 KEEP
12205 21639 568 123 ORDER
12755 21635 256 123 IN

11022 21738 377 129 THE
11300 21740 551 117 WILDS
11817 21740 274 117 OF
12041 21736 377 117 THE
12335 21735 676 123 BRITISH

11012 21832 1039 141 NORTHWEST,"
12044 21832 207 141 by
12223 21835 599 123 FRANK
12764 21835 189 123 G.

11025 21934 900 129 CARPENTER.

10848 22140 239 117 "A
11028 22132 531 117 FAIRY
11495 22128 947 117 GODMOTHER
12393 22127 266 123 TO
12607 22128 347 117 SOL-

11019 22227 443 123 DIER
11488 22224 393 117 AND
11911 22224 580 117 SAILOR
12515 22225 442 135 BOYS,

11028 22323 389 123 AND
11474 22324 418 117 HER
11951 22319 1005 123 CORRESPOND-

11015 22419 475 123 ENCE
11434 22419 538 123 CLUB."

10844 22609 990 135 "SPECIALISTS
11816 22612 383 117 AND
12174 22612 377 117 THE
12518 22612 473 117 CIVIL

11019 22705 676 135 SERVICE
11662 22707 1006 123 COMMISSION."

10848 22906 431 129 "THE
11296 22898 708 129 MODERN
12027 22899 536 123 BRIDE
12601 22900 396 117 AND

11009 23003 405 123 HER
11370 23000 610 117 DAINTY
11948 22991 835 147 LINGERIE,"
12772 22996 210 141 by

11011 23094 495 129 ANNE
11464 23091 1046 123 RITTENHOUSE.

10848 23300 304 117 "IF
11148 23291 393 123 YOU
11557 23288 553 117 THINK
12110 23283 408 123 THIS
12559 23288 207 117 IS
12787 23288 203 117 A

11011 23387 471 123 GOOD
11498 23382 407 129 IDEA.
11923 23379 575 123 WRITE
12468 23384 326 117 ME
12780 23389 213 111 A

11014 23482 633 129 LETTER
11718 23480 550 117 ABOUT
12352 23471 315 147 IT,"
12758 23475 220 147 by

11007 23578 567 129 BRUCE
11539 23575 649 123 BARTON.

10838 23785 255 111 "A
11054 23770 565 129 HOUSE
11612 23768 266 117 IN
11843 23768 706 117 SEATTLE
12522 23772 476 117 THAT

11011 23866 623 129 AWAITS
11641 23867 377 123 THE
12010 23863 712 123 ARRIVAL
12713 23867 281 123 OF

11011 23976 203 117 A
11154 23962 468 129 KING
11560 23972 133 69 ?

10837 24163 437 123 "THE
11307 24149 828 135 STUBBORN
12147 24155 839 123 PARTNER?

11032 24260 290 117 and
11390 24252 808 117 "ANOTHER
12259 24251 731 123 SNUBBED

11011 24345 1136 135 OPPORTUNITY."
12132 24349 316 111 and
12429 24352 531 117 "TRAP-

10997 24446 468 129 PED."
11482 24443 289 123 and
11781 24444 306 117 "AS
12089 24444 372 117 OLD
12446 24447 535 123 CYRUS

11023 24542 691 129 SIMMONS
11695 24539 618 123 WOULD
12307 24534 436 153 SAY,"
12765 24544 213 141 by

10998 24642 770 129 HERBERT
11729 24634 779 129 KAUFMAN.

11404 24914 430 225 IN
11793 24910 646 225 THE

10852 25121 1290 279 SUNDAY
12085 25122 912 273 STAR

13141 11659 953 651 HOUSE
14037 11661 327 639 IS
14303 11660 363 645 IN
14533 11655 937 651 SHAPE

13277 12235 487 651 10
13617 12235 1257 651 ADJOURN
14761 12241 1015 639 FRIDAY

13186 13069 928 279 Possibility
14107 13077 246 231 of
14355 13068 658 285 Ending
14995 13080 731 237 Session

13318 13360 504 237 That
13788 13358 441 273 Day
14176 13357 792 279 Depends
14947 13413 298 183 on
15218 13364 356 237 the

14078 13649 691 231 Senate.

13256 14143 253 123 As
13532 14139 257 123 far
13798 14168 211 93 as
14045 14143 252 123 the
14277 14147 488 123 House
14810 14146 159 129 is
14988 14144 681 141 concerned,

13162 14263 636 147 Congress
13754 14296 361 117 may
14083 14273 555 135 adjourn
14596 14280 509 141 Friday,
15111 14283 283 123 but
15367 14284 324 117 first

13197 14412 255 117 the
13451 14407 683 147 deficiency
14126 14412 916 141 appropriation
15028 14414 277 129 bill
15288 14420 403 117 must

13178 14547 211 123 be
13374 14544 613 141 prepared
13951 14547 304 123 and
14232 14554 580 129 reported
14802 14556 200 117 to
14978 14551 259 123 the
15187 14551 482 123 House.

13167 14677 348 135 This
13491 14679 320 123 will
13841 14684 204 117 be
14050 14683 355 123 done
14395 14679 602 147 Tuesday,
15026 14684 683 141 according

13212 14821 176 111 to
13375 14817 496 135 present
13867 14827 874 123 arrangements.
14801 14824 223 117 A
14990 14823 312 123 final
15304 14828 342 117 hear-

13209 14948 260 141 ing
13449 14976 225 93 on
13669 14955 252 123 the
13906 14946 684 153 deficiency
14573 14951 257 123 bill
14806 14980 332 93 was
15126 14955 337 123 held
15454 14966 193 105 to-

13185 15080 292 141 day.

13259 15219 578 123 Because
13832 15223 245 123 the
14063 15223 619 123 situation
14673 15228 170 117 in
14840 15231 245 123 the
15059 15232 478 117 Senate
15542 15227 155 123 is

13182 15365 269 111 not
13432 15384 204 93 so
13608 15360 373 117 clear
13943 15389 214 87 as
14153 15359 135 123 it
14298 15359 148 123 is
14450 15364 176 117 in
14608 15362 249 129 the
14803 15362 482 129 House,
15255 15384 415 93 mem-

13193 15491 321 123 bers
13534 15496 197 117 of
13769 15496 252 117 the
14070 15495 392 123 lower
14497 15497 358 135 body
14874 15524 271 93 are
15191 15501 518 135 leaving

13188 15626 433 129 entire
13648 15623 913 147 responsibility
14582 15636 237 117 for
14839 15632 849 141 adjournment

13162 15760 384 117 with
13565 15763 252 123 the
13826 15764 482 117 Senate.
14430 15767 318 123 The
14777 15773 297 111 fact
15102 15772 309 117 that
15441 15772 249 117 the

13167 15895 755 123 President's
13912 15902 478 129 speech
14358 15903 197 123 of
14534 15905 731 135 acceptance
15246 15908 197 117 of
15445 15908 252 117 the

13182 16031 739 123 democratic
13912 16033 774 135 nomination
14709 16037 145 135 is
14856 16049 247 111 set
15114 16048 247 117 for
15351 16036 296 141 Sep-

13208 16167 474 123 tember
13678 16168 153 117 2
13815 16172 343 117 does
14158 16172 269 117 not
14432 16196 399 93 seem
14810 16181 193 111 to
14989 16185 400 111 enter
15392 16180 304 117 into

13197 16304 259 117 the
13471 16297 855 135 adjournment
14359 16306 794 129 calculations
15152 16400 53 21 .
15181 16336 225 93 on
15434 16311 255 123 the

13158 16440 471 117 House
13636 16440 287 117 end
13914 16435 207 123 of
14129 16439 252 123 the
14362 16435 527 147 Capitol.

13627 16664 582 141 "Must"
14160 16663 408 147 Bills
14554 16668 221 141 in
14696 16667 539 147 House.

13302 16864 439 117 There
13734 16884 271 93 are
14018 16859 316 123 four
14338 16866 443 129 pieces
14778 16868 197 117 of
15002 16863 690 147 legislation

13182 16983 33 147 i
13166 16996 465 117 which
13594 17021 264 87 are
13811 16996 568 117 marked
14352 16999 489 123 "must"
14837 17004 163 117 in
14989 17004 252 117 the
15194 17003 465 123 House.

13171 17137 442 111 These
13606 17157 274 87 are
13892 17132 245 117 the
14137 17128 673 141 deficiency
14786 17133 906 159 appropriation

13190 17270 283 129 bill,
13493 17267 252 123 the
13708 17267 549 123 District
14236 17269 923 135 appropriation
15141 17273 283 135 bill,
15438 17276 259 117 the

13192 17400 602 141 shipping
13758 17404 261 117 bill
14003 17404 304 117 and
14293 17403 252 123 the
14531 17432 542 93 revenue
15046 17407 280 123 bill.
15375 17411 322 123 The

13145 17544 470 117 Webb
13615 17542 283 129 bill,
13960 17550 183 105 to
14150 17541 473 135 permit
14648 17550 835 129 co-operation
15501 17547 190 123 of

13199 17686 632 129 exporters
13889 17681 173 111 in
14080 17681 713 135 competing
14771 17684 381 117 with
15190 17680 505 141 foreign

13190 17816 376 117 firms
13596 17816 163 117 in
13763 17808 525 141 foreign
14274 17808 391 141 fields,
14710 17815 152 123 is
14885 17820 450 117 looked
15326 17842 373 105 upon

13186 17977 204 87 as
13363 17977 163 87 a
13500 17944 634 141 certainty
14114 17953 193 111 to
14278 17969 347 111 pass,
14630 17956 273 117 but
14855 17951 478 123 House
15338 17956 298 117 lead-

13192 18109 250 87 ers
13444 18080 667 141 expressed
14091 18109 163 87 a
14259 18083 357 123 little
14603 18088 688 117 hesitation
15304 18085 402 135 today

13186 18249 208 87 as
13390 18234 190 105 to
13574 18225 259 111 the
13815 18217 498 135 ability
14282 18220 200 117 of
14477 18224 252 117 the
14711 18224 478 117 Senate
15193 18233 183 111 to
15361 18246 332 105 pass

13209 18364 306 117 that
13499 18380 606 93 measure
14117 18381 340 87 once
14486 18355 142 123 it
14666 18355 257 123 left
14949 18355 252 123 the
15186 18360 472 117 House.

13175 18491 263 123 On
13437 18496 249 117 the
13693 18491 396 123 other
14072 18485 392 135 hand,
14494 18492 379 117 there
14846 18517 332 87 was
15186 18492 330 117 talk
15494 18492 197 117 of

13177 18620 575 141 lacking
13745 18629 259 111 the
13935 18624 487 117 Webb
14400 18619 274 123 bill
14698 18634 190 105 to
14899 18624 250 117 the
15144 18648 548 93 revenue

13190 18764 264 117 bill
13466 18764 173 117 in
13629 18764 252 117 the
13851 18760 489 117 Senate.

13292 18896 332 117 The
13626 18891 569 123 District
14224 18888 932 141 appropriation
15177 18891 463 123 confer-

13192 19056 333 93 ence
13551 19027 615 123 situation
14164 19024 314 117 had
14455 19032 418 117 made
14894 19052 225 93 no
15119 19027 573 123 advance

13201 19168 289 117 this
13445 19161 640 135 morning
14059 19159 550 123 because
14606 19164 197 117 of
14813 19164 252 117 the
15055 19156 639 141 necessity

13196 19300 187 117 of
13454 19301 255 111 the
13711 19297 481 111 House
14256 19296 645 117 conferees'
14954 19291 731 123 attendance

13186 19421 376 111 upon
13545 19400 252 117 the
13771 19388 683 141 deficiency
14422 19396 264 117 bill
14686 19392 606 141 hearings.

13528 19559 661 147 Quorum
14107 19551 213 147 Is
14250 19545 1046 183 Accumulating'.

13255 19758 314 129 The
13615 19752 598 141 shipping
14227 19751 274 123 bill
14539 19752 562 141 depends
15130 19768 376 117 upon
15527 19776 163 93 a

13177 19909 569 111 quorum
13679 19862 216 153 "of
13894 19889 262 111 the
14126 19885 475 135 House,
14587 19887 475 123 which
15069 19887 152 123 is
15212 19880 478 141 slowly

13171 20018 902 129 accumulating,
14123 20010 662 153 following
14790 20045 153 87 a
14943 20021 435 135 hurry
15388 20020 281 117 call

13187 20161 316 111 sent
13498 20160 269 117 out
13762 20149 225 135 by
13982 20151 262 123 the
14206 20144 459 141 whips
14637 20152 490 117 within
15133 20152 255 117 the
15399 20152 273 117 last

13196 20287 372 123 three
13531 20286 355 129 days.
13879 20283 318 123 The
14180 20303 552 99 revenue
14706 20283 353 123 bill's
15043 20280 359 141 path
15346 20283 320 123 will

13178 20432 211 117 be
13389 20419 333 123 well
13760 20413 512 135 cleared,
14331 20415 148 123 it
14529 20423 156 123 is
14691 20414 570 129 believed.
15365 20416 312 117 The

13167 20555 489 123 Senate
13630 20551 327 123 will
13963 20550 365 129 have
14340 20548 571 141 changed
14934 20552 141 117 it
15087 20547 394 123 from
15464 20552 217 117 its

13181 20680 537 141 original
13739 20684 394 117 form
14066 20680 432 117 when
14510 20688 138 117 it
14664 20684 264 117 l?ft
14956 20684 249 117 the
15171 20677 482 135 House,

13185 20792 266 117 but
13453 20788 256 117 the
13663 20789 471 111 House
14099 20783 646 123 members
14726 20783 197 123 of
14925 20784 252 117 the
15168 20784 454 117 confer-

13187 20916 330 93 ence
13517 20912 225 93 on
13742 20883 252 123 the
13991 20883 264 123 bill
14263 20908 281 93 are
14557 20881 644 135 following
15207 20882 154 129 it,
15379 20889 311 111 and

13171 21017 274 87 are
13467 20999 620 123 prepared
14122 20987 193 123 to
14310 20988 420 117 make
14752 21008 173 93 a
14936 20992 465 117 record
15424 20988 257 117 for

13187 21103 400 123 speed
13594 21092 428 117 when
14058 21088 262 117 the
14356 21092 717 117 conference
15100 21085 593 135 actually

13185 21192 464 141 begins.

13631 21380 437 141 Fails
14060 21385 207 135 to
14243 21379 345 147 Call
14589 21379 290 171 TTp
14836 21379 348 147 Bill.

13295 21580 549 117 Senator
13792 21572 445 117 Owen
14199 21572 207 117 of
14360 21570 721 129 Oklahoma
15012 21576 428 117 made
15404 21600 242 93 an-

13177 21716 389 117 other
13570 21707 402 123 futile
13964 21708 403 117 effort
14390 21707 176 123 in
14566 21701 255 135 the
14814 21712 471 117 Senate
15290 21713 412 135 today

13182 21867 190 99 to
13347 21864 545 117 procure
13871 21842 738 129 unanimous
14593 21853 523 111 consent
15119 21843 250 123 for
15353 21872 293 93 con-

13191 21982 636 129 sideration
13826 21979 193 123 of
14041 21984 244 117 the
14293 21990 487 129 corrupt
14791 21980 594 141 practices
15390 21980 270 141 bill,

13179 22128 522 117 Senator
13719 22120 432 117 Smoot
14170 22111 620 147 objecting
14794 22117 400 135 again
15221 22125 193 111 to
15437 22124 244 117 the

13183 22256 514 141 request.
13790 22252 315 117 The
14110 22246 708 129 Oklahoma
14824 22257 521 111 senator
15355 22273 281 111 pro-

13170 22391 441 123 voked
13615 22417 163 87 a
13758 22385 488 135 wordy
14253 22399 794 123 controversy
15041 22387 425 123 when
15471 22392 225 117 he

13178 22497 390 135 again
13573 22489 530 135 charged
14117 22492 244 117 the
14371 22492 715 141 republicans
15073 22496 358 117 with
15419 22501 197 111 at-

13185 22597 627 135 tempting
13786 22601 190 111 to
13970 22592 367 117 force
14315 22592 841 141 adjournment
15146 22596 197 117 of
15314 22596 318 117 Con-

13164 22720 398 117 gress
13543 22700 344 117 next
13839 22693 426 135 week,
14270 22705 301 111 and
14542 22696 725 141 questioned
15242 22700 397 117 demo-

13184 22808 428 117 cratic
13670 22800 480 117 leaders
14199 22806 675 129 regarding
14892 22825 173 87 a
15092 22806 587 129 reported

13163 22904 712 141 agreement
13878 22909 193 111 to
14047 22897 552 135 adjourn
14568 22906 505 129 Friday.
15140 22903 546 123 Senator

13163 23012 611 117 Simmons
13763 23004 316 117 said
14052 22984 389 141 there
14411 23012 304 117 had
14686 23008 353 117 been
15010 23033 225 87 no
15218 23007 452 123 formal

13166 23113 719 135 agreement,
13891 23108 284 117 but
14178 23107 310 123 that
14514 23117 138 111 it
14623 23132 335 93 was
14950 23109 560 135 planned
15502 23116 186 117 to

13166 23218 518 129 dispose
13686 23212 197 117 of
13917 23213 248 111 the
14172 23214 515 129 general
14714 23208 676 141 deficiency
15380 23221 314 111 and

13175 23339 545 99 revenue
13686 23312 332 117 bills
14001 23309 222 135 by
14208 23311 303 123 that
14501 23320 332 117 time.

13283 23419 526 123 Senator
13799 23416 443 117 Borah
14238 23416 196 117 of
14453 23419 387 123 Idaho
14851 23420 304 117 said
15170 23419 247 123 the
15425 23448 199 93 re-

13167 23519 596 147 publican
13767 23520 490 117 leaders
14244 23524 399 117 could
14622 23534 262 105 not
14874 23524 341 117 bind
15195 23524 335 117 him
15508 23534 183 105 to

13170 23645 308 111 any
13503 23616 686 141 legislative
14206 23636 631 117 program
14811 23624 294 117 and
15138 23624 313 117 that
15467 23629 218 111 he

13174 23723 513 123 desired
13705 23724 190 117 to
13898 23725 331 111 vote
14245 23741 225 87 on
14489 23723 252 123 the
14753 23731 518 123 corrupt
15283 23745 346 111 prac-

13185 23828 319 117 tice!.
13515 23824 304 117 and
13834 23812 815 141 immigration
14627 23823 339 123 bills
14969 23823 448 123 before
15396 23832 242 117 ad-

13188 23919 700 147 journment.

13259 24032 539 117 Senator
13757 24009 701 135 ReStt-said
14441 24028 259 117 the
14680 24025 769 135 republicans
15422 24027 269 123 did

13174 24136 269 117 not
13442 24129 401 111 want
13882 24125 193 111 to
14083 24141 346 111 pass
14458 24128 259 117 the
14748 24135 515 123 corrupt
15290 24149 339 111 prac-

13183 24236 353 117 tices
13547 24224 270 117 bill
13864 24224 596 117 "because
14479 24228 269 117 the
14762 24228 272 117 old
15029 24231 449 123 guard
15507 24228 186 117 in

13176 24324 482 141 control
13651 24324 207 117 of
13854 24324 255 117 the
14098 24325 419 135 party
14483 24332 308 117 and
14782 24331 262 123 the
15025 24327 656 123 candidate

13139 24421 408 135 Want
13539 24453 163 87 a
13696 24425 515 135 corrupt
14212 24421 630 135 electioii."

13278 24526 739 129 Indications
14003 24549 401 87 were
14417 24528 501 141 clearly
14920 24524 422 141 given
15340 24530 332 129 .that

13182 24640 379 117 there
13507 24627 330 123 will
13826 24629 211 111 be
14018 24652 153 93 a
14141 24622 379 129 close
14484 24623 356 147 fight
14826 24657 343 87 over
15139 24631 546 123 Senator

13156 24734 505 129 Owen's
13632 24727 510 123 motion
14114 24727 419 123 when
14516 24731 217 123 he
14708 24731 473 123 makes
15199 24729 161 135 it,
15379 24736 303 117 and

13164 24861 386 111 upon
13546 24830 259 129 the
13794 24837 582 111 outcome
14359 24823 562 147 depends
14926 24836 255 117 the
15183 24831 310 123 fate
15482 24836 197 117 of

13167 24968 235 93 an
13392 24933 383 135 early
13759 24924 848 141 adjournment
14603 24927 350 147 plan.

13276 25039 360 123 "The
13630 25031 437 123 threat
14054 25022 200 129 of
14248 25031 509 123 endless
14739 25036 478 117 debate
15199 25052 228 93 on
15419 25031 262 123 the

13173 25158 551 105 revenue
13711 25131 260 123 bill
13983 25123 242 147 by
14221 25127 252 123 the
14472 25128 711 141 republican
15195 25131 493 123 leaders

13195 25247 193 123 in
13382 25244 255 117 the
13631 25235 478 123 Senate
14079 25231 310 123 fcas
14380 25222 417 153 flatly
14785 25236 526 117 coerced
15305 25256 383 93 some

13174 25342 200 129 of
13371 25338 262 129 the
13619 25330 749 129 democratic
14378 25330 487 129 leaderB
14873 25340 190 117 to
15047 25332 383 141 yield
15426 25335 258 123 the

13174 25432 745 141 democratic
13915 25427 686 147 legislative
14583 25456 627 117 program
15174 25440 193 117 to
15343 25452 342 117 pass

13176 25547 275 123 the
13490 25536 528 141 corrupt
14057 25526 639 153 practices
14732 25532 361 141 act,"
15136 25534 549 129 Senator

13145 25647 451 123 Owen
13497 25632 402 141 Mid.

15665 2746 581 657 BIG
16107 2754 953 633 NAVAL
16941 2735 1289 651 "BATTLE"

15973 3325 603 639 OFF
16503 3315 1001 651 JERSEY
17371 3302 921 657 COAST

15703 4152 418 237 Red
16153 4151 412 243 and
16588 4154 460 225 Blue
17097 4145 583 231 Fleets
17716 4142 527 225 Have

15783 4442 507 225 Been
16287 4425 817 279 Engaged
17080 4427 562 243 Since
17628 4415 549 267 Early

15805 4716 466 237 This
16197 4708 777 285 Morning
16966 4721 204 231 in
17065 4712 501 237 War
17504 4708 601 237 Game.

15710 5191 904 243 SEVERAL
16570 5191 939 243 FIGHTING
17459 5183 653 243 SHIPS

15943 5476 481 237 PUT
16359 5480 485 237 OUT
16783 5485 356 231 OF
17073 5480 482 237 THE
17506 5461 748 255 ACTION

15725 5957 568 183 Contest
16298 5961 738 183 Continues
17006 5962 464 177 Until
17481 5962 183 177 5
17648 5948 616 189 O'Clock

15913 6187 385 171 This
16235 6179 683 219 Evening
16819 6185 550 183 Unless
17325 6231 183 123 a
17407 6179 650 219 Victory

16412 6411 217 171 Is
16545 6410 485 177 Won
16985 6409 528 183 Sooner.

15799 6827 321 123 The
16102 6831 341 123 Red
16446 6835 297 123 and
16728 6831 372 123 Blue
17100 6831 405 123 fleets
17506 6831 366 123 have
17868 6828 363 117 been

15728 6965 582 135 engaged
16319 6964 190 117 1n
16498 6964 435 141 battle,
16970 6970 259 129 the
17236 6962 805 129 culmination
18030 6964 207 117 of

15733 7100 245 117 the
15952 7121 389 111 navy
16276 7124 342 93 war
16584 7126 405 105 game,
16992 7107 377 123 since
17345 7104 143 117 5
17454 7097 510 135 o'clock
17934 7100 299 117 this

15691 7233 622 135 morning,
16334 7235 260 123 off
16555 7235 600 123 Scotland
17160 7232 616 141 lightship,
17787 7229 455 135 Sandy

15687 7368 434 117 Hook.

15789 7494 277 153 Up
16053 7508 190 117 to
16215 7525 378 111 noon,
16603 7503 232 147 by
16822 7506 252 129 the
17055 7508 605 141 umpire's
17624 7499 588 147 decision,

15733 7633 252 135 the
15974 7635 747 147 battleships
16684 7648 546 117 Nevada
17196 7660 304 117 and
17471 7652 450 117 Texas
17928 7634 311 129 and

15737 7776 248 117 the
15974 7773 715 135 destroyers
16626 7778 824 129 Wadsworth
17434 7784 305 117 and
17707 7775 530 123 Tucker

15721 7903 197 123 of
15905 7908 252 117 the
16135 7929 470 111 enemy
16541 7911 338 123 Red
16846 7912 351 141 fleet;
17206 7914 262 129 the
17443 7914 387 129 scout
17808 7911 373 123 cruis-

15724 8064 190 93 er
15864 8040 893 141 Birmingham
16687 8048 301 117 and
16973 8052 252 117 the
17197 8055 701 123 destroyers
17859 8052 327 117 Ben-

15737 8173 329 135 ham,
16119 8176 617 141 Fanning,
16786 8181 438 135 Balch,
17272 8180 604 141 Drayton,
17928 8180 307 117 and

15732 8316 486 117 several
16246 8315 459 123 others
16714 8309 201 135 of
16941 8315 248 123 the
17190 8319 359 123 Blue
17551 8313 694 135 defending

15734 8442 317 129 fleet
16034 8447 296 123 had
16291 8446 358 129 been
16631 8446 254 129 lost
16901 8451 169 123 in
17034 8455 435 123 action.

15806 8579 315 123 The
16182 8586 434 129 battle
16643 8587 323 123 will
17039 8591 589 123 continue
17668 8591 365 123 until
18090 8588 153 117 5

15722 8719 510 123 o'clock
16222 8718 299 129 this
16503 8715 682 147 afternoon,
17206 8727 462 123 unless
17663 8727 262 123 the
17908 8748 302 93 um-

15719 8853 326 135 pire,
16029 8855 389 123 Rear
16380 8855 574 123 Admiral
16926 8857 541 135 Knight,
17458 8860 515 117 decides
17957 8884 283 93 one

15729 8992 329 117 fleet
16061 9012 204 93 or
16274 8990 255 129 the
16530 8991 403 123 other
16924 8991 293 123 has
17211 8995 367 123 been
17566 8989 673 135 decisively

15734 9123 572 123 defeated
16283 9122 434 129 before
16725 9127 298 123 that
17030 9131 323 123 time.

16200 9318 528 153 Others
16678 9318 454 177 May
17085 9323 274 147 Be
17331 9323 411 147 Lost.

15781 9511 463 147 Many
16234 9519 403 123 other
16637 9518 516 129 vessels
17132 9544 374 117 may
17500 9523 372 123 have
17876 9524 370 117 been

15725 9650 956 153 constructively
16694 9651 283 147 lost,
17007 9659 280 123 but
17298 9654 460 129 orders
17778 9659 190 123 to
17979 9655 262 123 the

15725 9790 818 129 commanders
16589 9795 194 123 of
16829 9794 255 129 the
17115 9800 304 117 two
17439 9795 398 123 fleets
17839 9817 402 87 were

15734 9923 296 123 tha*
16083 9919 382 147 ships
16496 9924 622 141 regarded
17134 9956 211 93 as
17386 9931 367 123 sunk
17779 9928 464 117 should

15741 10057 513 135 proceed
16270 10070 193 105 to
16470 10065 309 135 port
16825 10060 772 141 immediately
17587 10063 296 123 and
17913 10068 340 117 their

15715 10194 483 129 arrival
16208 10193 475 135 should
16668 10204 279 117 not
16935 10204 221 117 be
17148 10202 585 129 reported.

15802 10331 318 123 The
16094 10335 431 123 battle
16526 10340 159 117 is
16662 10332 423 141 being
17065 10336 458 141 fought
17482 10340 374 117 with
17844 10358 414 105 every

15691 10461 360 87 man
16014 10435 204 123 of
16191 10440 350 117 each
16500 10435 414 147 ship's
16891 10461 611 111 company
17461 10454 184 105 at
17626 10443 248 123 his
17839 10460 360 117 prop-

15731 10565 187 87 er
15916 10542 501 129 station,
16438 10544 266 117 but
16728 10548 249 117 the
16970 10540 423 141 firing
17401 10543 148 123 is
17549 10548 352 117 done
17874 10544 384 117 with

15739 10645 246 111 the
15964 10644 386 117 small
16348 10642 485 129 caliber
16814 10641 622 135 batteries,
17436 10645 643 135 employed
18085 10644 166 117 in

15742 10741 543 135 training
16290 10748 405 117 turret
16705 10768 412 93 crews.
17258 10745 392 135 They
17642 10773 263 87 are
17921 10773 268 87 one-

15718 10849 561 135 pounder
16256 10870 366 105 guns
16579 10852 631 117 mounted
17178 10869 376 111 upon
17537 10852 255 117 the
17785 10852 460 117 twelve

15723 10948 300 117 and
16026 10947 559 123 fourteen
16586 10952 311 117 Inch
16861 10973 584 111 weapons
17438 10947 193 123 of
17641 10952 244 117 the
17858 10952 396 117 main

15718 11048 619 141 batteries,
16351 11080 204 93 so
16519 11053 625 135 arranged
17137 11061 303 111 that
17434 11056 255 117 the
17668 11047 586 147 sighting

15749 11156 152 117 is
15966 11156 359 117 done
16406 11153 550 135 through
17038 11160 262 117 the
17370 11180 278 93 use
17710 11160 200 117 of
17993 11155 252 123 the

15698 11260 800 117 mechanism
16434 11260 197 117 of
16614 11260 262 117 the
16842 11256 290 141 big
17080 11281 363 111 guns.

15796 11356 594 141 Umpires
16383 11364 635 117 stationed
16990 11389 235 87 on
17200 11364 357 117 each
17531 11360 324 141 ship
17848 11352 397 141 judge

15740 11460 245 117 the
16034 11457 426 135 firing
16495 11464 683 117 conditions
17223 11469 304 111 and
17569 11464 676 117 determine

15701 11559 432 123 when
16147 11565 246 111 the
16405 11564 407 117 vessel
16850 11564 276 117 has
17127 11564 363 117 been
17483 11565 273 135 put
17770 11569 273 111 out
18046 11560 197 117 of

15724 11663 778 123 commission
16458 11660 232 141 by
16661 11663 252 123 the
16885 11663 268 123 fire
17118 11663 204 123 of
17283 11663 282 123 her
17530 11670 684 129 opponents.

16011 11845 885 183 Department
16822 11855 456 147 Well
17254 11854 657 153 Satisfied.

15817 12055 732 123 "Whatever
16618 12056 262 117 the
16934 12048 674 141 outcome,"
17648 12050 599 129 declared

15704 12188 382 117 Rear
16087 12188 563 117 Admiral
16660 12185 540 135 Benson,
17240 12188 374 117 chief
17622 12188 200 117 of
17824 12183 402 123 naval

15726 12316 679 141 operations,
16433 12316 384 141 today,
16861 12320 195 117 'tit
17043 12320 275 117 has
17299 12320 348 117 been
17612 12344 238 93 an
17821 12315 363 123 excel-

15742 12455 278 123 lent
15971 12475 702 99 maneuver.
16722 12456 315 117 The
17014 12457 762 135 department
17779 12455 158 123 is
17879 12451 347 123 well

15727 12592 571 117 satisfied
16284 12616 207 93 so
16483 12587 250 123 far
16701 12612 221 93 as
16941 12587 197 123 its
17154 12587 787 123 information
17901 12608 370 93 now

15709 12745 356 111 goes
16010 12723 387 123 with
16366 12723 259 123 the
16574 12746 360 105 way
16918 12723 204 123 its
17098 12720 399 141 plans
17463 12724 362 117 have
17770 12710 430 129 work-

15724 12860 211 117 ed
15930 12843 279 147 otit,
16235 12860 304 117 and
16514 12856 380 117 with
16895 12851 269 123 the
17152 12847 640 147 handling
17767 12847 214 123 of
17986 12847 262 123 the

15725 12960 413 117 fleet."

15827 13060 317 117 The
16151 13060 256 117 red
16421 13057 652 135 transports
17050 13056 368 117 with
17419 13055 254 123 the
17691 13052 567 141 invading

15718 13185 395 111 army,
16110 13164 472 117 which
16557 13160 564 117 Admiral
17089 13157 440 135 Mayo,
17552 13160 647 117 command-

15753 13265 256 135 ing
16029 13268 252 117 the
16299 13264 489 117 hostile
16796 13257 349 135 fleet,
17189 13256 745 141 apparently
17911 13280 349 93 was

15738 13366 543 129 seeking
16262 13373 197 111 to
16455 13364 328 117 land
16793 13365 173 111 in
16960 13364 256 117 the
17195 13356 559 141 vicinity
17733 13359 197 123 of
17889 13355 397 123 New

15726 13466 375 129 York,
16125 13488 372 93 were
16519 13455 552 147 reported
17075 13484 210 93 as
17319 13456 362 141 lying
17674 13460 259 117 off
17890 13460 339 117 Am-

15729 13572 392 117 brose
16133 13564 347 141 light,
16469 13578 358 105 near
16811 13561 455 135 Sandy
17210 13559 434 123 Hook.
17605 13559 645 123 Whether

15747 13672 249 117 the
16011 13664 375 141 ships
16408 13662 409 129 could
16814 13660 544 141 proceed
17365 13685 197 87 or
17558 13659 469 123 would
18038 13656 214 117 be

15728 13763 671 147 compelled
16417 13778 183 105 to
16593 13759 285 123 fltee
16896 13764 257 117 for
17167 13756 458 141 safety
17607 13751 650 147 depended

15725 13896 218 93 on
15946 13876 255 117 the
16197 13877 572 111 outcome
16762 13863 197 123 of
16962 13858 262 129 the
17218 13861 362 135 fight.

15803 13980 376 117 Few
16138 13970 476 129 details
16605 13967 197 123 of
16804 13967 252 123 the
17031 13963 434 123 battle
17452 13958 550 129 reached
17986 13959 262 123 the

15707 14076 418 141 Navy
16093 14071 824 147 Department.

15712 14327 818 243 BRITISH
16478 14324 677 237 NAVAL
17090 14320 1046 237 AUXILIARY

15833 14611 1177 243 TORPEDOED
16990 14613 248 231 IN
17167 14603 714 243 NORTH
17800 14602 470 249 SEA

15709 15070 1023 177 Twenty-Three
16693 15077 429 135 Men
17075 15053 401 183 Lost,
17496 15057 762 183 Including

16044 15268 291 141 the
16303 15255 869 171 Commander,
17176 15260 217 141 It
17372 15255 227 147 Is
17564 15260 370 141 Offi-

16341 15450 469 177 cially
16738 15451 858 147 Announced.

15799 15847 653 147 LONDON,
16464 15848 524 141 August
17015 15844 198 141 26,
17259 15842 299 129 2:35
17560 15834 688 153 p.m.?The

15750 15988 729 141 torpedoing
16455 15988 183 117 in
16626 15988 259 117 the
16853 15983 450 123 North
17299 16004 271 93 sea
17546 15979 204 123 of
17731 16004 163 93 a
17844 15962 406 201 Brit^

15743 16127 243 123 ish
15994 16128 395 117 naval
16414 16116 639 141 auxiliary,
17055 16115 401 123 with
17448 16115 288 123 the.
17740 16116 297 117 loss
18046 16127 200 99 or

15741 16261 859 135 twenty-three
16571 16278 358 105 men,
16924 16277 349 87 was
17264 16247 731 123 announced
17990 16243 197 123 of-

15722 16393 496 135 ficially
16206 16394 407 129 today.

15796 16519 907 147 Eighty-seven
16676 16544 366 93 men
17015 16540 398 93 were
17431 16515 410 123 saved.
17919 16511 322 123 The

15744 16655 619 147 torpedoed
16355 16655 407 123 vessel
16761 16671 316 99 was
17090 16652 251 117 the
17344 16647 439 123 armed
17775 16647 415 123 board-

15753 16796 256 141 ing
15987 16806 547 105 steamer
16501 16791 412 123 Duke
16902 16787 194 123 of
17058 16779 543 147 Albany.
17655 16784 322 117 The
17955 16804 239 93 an-

15722 16926 790 129 nouncement
16530 16924 520 117 follows:

15823 17063 350 123 "The
16133 17054 533 129 British
16632 17051 470 123 armed
17075 17048 641 141 boarding
17684 17057 557 111 steamer

15704 17199 409 123 Duke
16142 17196 200 117 of
16351 17190 535 129 Albany
16875 17208 342 93 was
17258 17175 668 147 torpedoed
17939 17184 304 117 and

15734 17331 363 123 sunk
16123 17328 183 117 in
16314 17333 255 111 the
16560 17324 454 117 North
17030 17337 263 111 sea,
17307 17313 674 135 Thursday,
18014 17308 232 141 by

15714 17492 218 93 an
15925 17485 470 111 enemy
16391 17454 702 129 submarine.
17155 17446 322 129 The
17472 17442 755 129 commander

15708 17594 306 129 and
16010 17593 741 135 twenty-two
16707 17607 348 99 men
17022 17604 371 93 were
17411 17579 269 123 lost.
17733 17579 504 123 Eleven

15721 17735 496 123 officers
16234 17727 301 123 and
16548 17716 774 141 seventy-six
17336 17712 513 141 ratings
17845 17736 388 93 were

15723 17863 410 123 saved.

15805 18120 733 189 WOULD
16465 18116 629 189 PROBE
17013 18109 654 183 PAPER
17583 18109 464 183 COST.

15675 18426 470 177 New
16026 18423 475 171 York
16437 18419 436 171 State
16806 18410 828 177 Federation
17572 18407 238 171 of
17738 18406 493 177 Labor

16066 18610 408 177 Acts
16432 18607 553 171 Before
16922 18591 890 219 Adjourning.

15808 18802 546 129 GLENS
16299 18793 530 135 FALLS,
16802 18800 207 117 N.
16988 18797 236 135 Y.,
17186 18793 509 135 August
17675 18786 550 129 28.?The

15707 18932 683 141 fifty-third
16419 18928 467 117 annual
16948 18923 717 123 convention
17713 18924 200 117 of
17974 18923 258 123 the

15707 19075 386 123 State
16051 19062 738 129 Federation
16749 19064 197 117 of
16896 19059 449 123 Labor
17314 19060 279 117 has
17559 19052 671 141 adjourned

15700 19211 373 123 after
16071 19194 714 129 resolutions
16776 19191 303 123 had
17062 19196 352 117 been
17390 19184 533 141 adopted
17903 19203 287 123 pro-

15711 19333 435 135 viding,
16182 19327 371 123 with
16569 19328 380 117 other
16982 19320 427 141 things,
17478 19324 234 117 for
17727 19344 231 93 an
17995 19324 179 117 In-

15714 19460 736 141 vestigation
16473 19455 204 123 of
16714 19460 251 117 the
17000 19458 557 129 scarcity
17566 19455 293 123 and
17883 19448 347 141 high

15707 19599 370 147 price
16084 19600 190 117 of
16268 19611 413 123 paper.
16771 19591 161 123 J.
16943 19587 189 123 T.
17136 19584 440 141 Carey,
17599 19589 623 135 president

15713 19739 197 123 of
15974 19735 251 123 the
16286 19721 835 135 International
17171 19723 820 123 Brotherhood
18022 19719 204 123 of

15702 19863 847 147 Papermakers,
16566 19855 573 123 declared
17131 19860 265 117 the
17348 19855 401 123 mills
17755 19856 183 117 in
17933 19856 288 117 this

15712 20007 534 123 country
16210 20020 263 93 are
16458 19989 516 135 turning
16937 19998 262 105 out
17144 20013 397 87 more
17510 20010 400 105 paper
17900 19983 333 123 than

15709 20114 342 153 ever*
16004 20126 450 129 before.
16480 20123 277 123 He
16740 20114 319 129 said
17052 20120 252 117 the
17283 20118 674 129 companies
17937 20120 290 117 had

15729 20239 386 123 taken
16099 20257 235 87 an
16308 20222 454 129 unfair
16751 20222 689 129 advantage
17430 20219 204 123 of
17638 20224 251 117 the
17882 20216 294 141 pub-

15745 20343 447 123 lishers.
16240 20346 106 105 4

15641 20593 729 183 WOULD
16256 20586 613 177 MOVE
16794 20577 611 183 CLOCK
17307 20578 892 177 FORWARD.

15690 20875 836 219 Pittsburgh
16538 20869 676 183 Chamber
17235 20866 231 177 of
17464 20870 759 177 Commerce

15870 21084 281 165 for
16115 21066 695 177 National
16817 21051 660 219 Sunlight
17481 21055 555 219 Saving.

15804 21247 980 147 PITTSBURGH,
16771 21249 544 135 August
17324 21247 490 123 26.?A
17751 21272 425 93 move-

15675 21403 397 123 ment
16074 21401 193 111 to
16248 21412 597 93 conserve
16833 21409 287 87 one
17088 21379 369 123 hour
17441 21380 197 117 of
17624 21379 601 123 sunshine

15708 21553 414 111 every
16106 21530 304 129 day
16415 21524 183 117 in
16601 21520 259 117 the
16840 21532 357 117 year
17206 21511 247 123 for
17453 21532 424 117 every
17831 21534 366 105 man,

15671 21687 536 99 woman
16188 21659 307 123 and
16488 21656 371 117 child
16874 21652 180 117 in
17050 21648 262 117 the
17274 21642 509 129 United
17771 21652 450 117 States

15678 21828 335 93 was
15995 21785 731 135 announced
16714 21786 412 129 today
17103 21776 242 141 by
17330 21774 262 129 the
17577 21778 651 129 executive

15704 21934 689 129 committee
16401 21923 197 123 of
16607 21924 262 117 the
16859 21911 762 147 Pittsburgh
17594 21915 624 123 Chamber

15694 22075 197 123 of
15846 22075 715 123 Commerce.

15800 22207 365 123 This
16218 22191 855 147 organization
17074 22187 357 123 will
17489 22209 416 111 carry
17952 22187 275 123 the

15664 22343 514 123 matter
16166 22341 193 111 to
16341 22336 259 117 the
16545 22322 509 129 United
17015 22324 447 117 States
17422 22318 627 129 Chamber
18018 22324 207 117 of

15685 22479 708 123 Commerce,
16359 22463 391 123 with
16729 22464 252 117 the
16947 22457 343 135 plea
17262 22460 313 117 that
17574 22461 138 111 it
17694 22460 214 117 be
17880 22444 311 141 sub-

15663 22611 504 123 mitted
16170 22613 193 111 to
16347 22629 163 87 a
16500 22595 805 123 referendum
17269 22596 197 117 of
17477 22592 259 117 the
17739 22589 471 135 250,000

15694 22752 587 117 business
16244 22756 366 93 men
16578 22732 350 117 who
16924 22745 580 111 compose
17513 22728 310 117 that
17822 22729 370 135 body.

15675 22884 325 117 The
15982 22873 348 135 plan
16338 22872 155 117 is
16497 22869 183 111 to
16663 22864 362 117 have
17013 22859 456 123 clocks
17466 22855 738 147 throughout

15702 22984 255 117 the
15932 22979 543 123 country
16438 22963 641 123 advanced
17045 22984 280 93 one
17295 22961 365 135 hour,
17669 22964 328 117 thus
17959 22968 183 117 al-

15718 23087 482 123 lowing
16157 23063 705 147 everybody
16841 23078 186 105 to
16991 23061 423 135 begin
17390 23064 262 117 the
17595 23064 633 141 working

15690 23185 304 135 day
15982 23205 225 87 an
16185 23181 372 111 hour
16546 23172 490 117 earlier
17002 23168 331 117 and
17304 23164 330 141 quit
17620 23193 252 87 an
17844 23167 369 123 hour

15696 23287 477 123 earlier.

15792 23393 253 111 As
16012 23379 230 123 all
16240 23375 557 123 sections
16747 23372 472 117 would
17187 23372 225 117 be
17372 23368 568 141 affected,
17950 23376 255 117 the

15695 23493 494 135 system,
16213 23484 255 117 the
16455 23475 582 123 chamber
17007 23493 501 111 argues,
17486 23480 476 117 would
17927 23485 269 111 not

15710 23587 590 123 interfere
16263 23580 387 117 with
16653 23581 331 111 time
16983 23573 707 135 regulation
17667 23601 214 87 as
17867 23596 281 117 pro-

15690 23692 405 117 vided
16102 23685 239 135 by
16350 23679 258 123 the
16620 23675 333 123 four
16972 23696 401 93 zones
17389 23670 197 129 of
17597 23679 617 123 standard

15709 23796 328 117 time.

16196 24263 490 171 DAY
16604 24258 322 177 IN
16835 24253 861 183 CONGRESS.

16671 24562 514 129 Senate!

15929 24698 330 129 Met
16235 24704 203 117 at
16420 24694 190 129 11
16587 24715 290 99 a-m.

15941 24798 578 129 Devoted
16495 24815 397 99 more
16905 24791 340 123 than
17231 24816 231 93 an
17445 24790 367 129 hour
17815 24804 189 117 to

15870 24897 712 135 discussion,
16553 24895 197 123 of
16740 24887 842 147 adjournment.
17599 24899 370 123 Sena-

15883 25022 246 105 tor
16143 25004 423 117 Owen
16583 24993 411 135 again
17013 24988 484 141 falling
17526 25000 186 117 to
17732 25002 267 129 get

15867 25097 718 135 unanimous
16583 25094 507 129 consent
17080 25091 250 123 for
17327 25094 634 129 considera-

15886 25212 304 117 tion
16154 25204 200 117 of
16333 25202 506 129 corrupt
16808 25191 620 147 practices
17388 25195 288 123 bill.

15942 25297 644 135 Resumed
16558 25294 458 129 debate
17010 25310 211 129 <?n
17188 25314 543 105 revenue
17688 25293 291 135 bill.

16656 25431 511 123 Honaet

15939 25535 323 123 Not
16253 25531 199 123 in
16421 25529 508 135 session;
16905 25527 462 123 meet*
17320 25516 592 141 Tuesday.

18340 3297 387 639 IN
18610 3310 1321 633 RAILROAD
19892 3296 790 693 ISSUE;

18403 3864 1674 669 NOWIPIO
19917 3871 899 651 MEN"

18243 4692 494 237 Both
18782 4696 538 237 Sides
19383 4710 267 225 to
19706 4700 1097 285 Controversy

18459 4979 923 243 Scheduled
19353 4994 254 225 to
19551 4993 464 231 Visit
19933 4992 629 237 White
20712 5055 53 75 '

18908 5268 603 237 House
19438 5264 755 285 Today.~

18247 5738 1143 249 PROSPECTS
19335 5745 349 231 OF
19634 5749 233 231 A
19818 5748 759 237 STRIKE
20583 5746 283 201 1

18534 6024 461 237 ARE
18908 6028 627 237 MORE
19456 6026 1359 249 THREATENING

18226 6514 744 177 Railroads
18950 6523 684 171 Continue
19613 6532 217 165 to
19800 6527 472 171 Insist
20247 6562 263 129 on
20441 6516 337 189 Ar?

18549 6738 689 177 bitration
19191 6742 224 177 of
19372 6783 270 123 an
19571 6734 876 225 Eight-Hoor-

18987 6959 395 219 Day
19311 6965 682 183 Question.

18249 7363 803 195 LEADERS
19051 7378 319 177 OF
19313 7378 524 177 MEN
19815 7380 1002 189 IMPATIENT

18258 7755 519 147 Claim
18765 7758 453 177 They
19206 7764 386 141 Are
19578 7773 359 135 Not
19956 7765 634 183 Getting
20603 7796 203 117 ?

18344 7937 608 183 "Square
18911 7951 460 147 Deal''
19372 7955 337 147 and
19669 7959 423 147 That
20046 7953 635 183 Employ-

18502 8170 277 105 ers
18733 8139 355 147 Are
19057 8136 645 189 Playing
19680 8153 272 135 for
19924 8152 431 141 Time
20338 8157 220 135 to

18805 8326 540 177 Spread
19295 8328 912 189 Propaganda.

18392 8703 690 243 Definite
19031 8717 680 183 decision
19688 8726 219 177 in
19878 8726 300 177 the
20152 8713 620 231 impend-

18288 8892 320 237 ing
18553 8910 646 177 railroad
19162 8910 485 177 strike
19587 8918 370 177 will
19938 8918 267 177 be
20170 8915 655 195 reached

18277 9142 444 129 some
18685 9102 408 177 time
19060 9103 499 219 today,
19530 9105 825 231 according
20290 9139 255 147 to
20490 9113 336 183 the

18255 9290 386 177 best
18632 9281 753 231 judgment
19343 9299 235 171 of
19545 9348 183 117 a
19699 9302 560 177 former
20239 9301 552 183 federal

18262 9476 543 189 official
18813 9486 453 177 who
19281 9485 327 183 has
19638 9494 437 177 been
20121 9489 221 183 in
20356 9493 463 183 close

18280 9674 483 177 touch
18712 9675 462 195 with
19156 9682 231 177 all
19424 9681 306 183 the
19682 9730 588 129 moves
20247 9685 238 183 of
20489 9690 323 177 the

18233 9864 849 189 mediation
19063 9866 291 225 by
19360 9874 306 177 the
19655 9872 796 189 President
20445 9881 373 183 and

18229 10062 449 177 who
18618 10067 337 171 has
18926 10092 287 141 sat
19196 10067 218 171 in
19361 10097 225 135 at
19550 10116 193 117 a
19686 10074 648 177 nuiber
20279 10069 242 183 of
20483 10073 329 183 the

18274 10248 915 189 conferences.

18391 10445 445 183 This
18835 10442 640 225 opinion
19431 10508 393 117 was
19859 10457 687 183 indorsed
20516 10453 322 231 by

18240 10637 566 183 Daniel
18750 10637 735 207 Willard,
19506 10642 758 225 president
20247 10650 239 177 of
20496 10658 316 177 the

18251 10829 819 183 Baltimore
19053 10843 362 171 and
19352 10837 494 183 Ohio
19822 10846 653 177 railroad
20449 10839 372 195 and

18252 11071 361 123 one
18615 11025 242 183 of
18884 11030 309 177 the
19207 11028 489 189 select
19708 11038 856 177 committee
20549 11026 262 201 of

18276 11212 446 189 three
18681 11221 446 183 who
19114 11221 428 183 have
19538 11225 440 183 been
19967 11220 867 237 conferring

18224 11410 462 177 with
18724 11409 306 183 the
19052 11412 804 189 President.
19972 11427 312 171 At
20348 11462 239 129 12
20546 11453 263 183 :y>

18258 11596 593 189 o'clock
18792 11600 789 189 President
19488 11608 734 189 Willard
20204 11609 315 183 left
20493 11612 319 189 the

18218 11789 727 231 meeting
18874 11797 232 183 of
19086 11802 296 177 the
19335 11805 825 183 executives
20120 11805 369 183 and
20430 11808 397 189 said

18251 11991 274 171 he
18480 11992 490 189 could
18918 12024 330 141 not
19214 12036 346 165 say
19493 12028 235 141 at
19645 12002 487 177 what
20080 11997 453 183 hour
20489 12001 332 183 the

18266 12173 471 231 reply
18718 12182 235 177 of
18968 12187 306 171 the
19286 12185 713 183 railroads
19968 12193 575 183 would
20521 12198 280 177 be

18273 12394 368 153 sent
18616 12399 242 147 to
18812 12379 309 171 the
18997 12373 621 183 White
19541 12371 602 219 House,
20115 12381 334 183 but
20428 12380 382 189 that

18254 12558 631 201 definite
18816 12565 698 183 decision
19417 12578 599 177 would
19922 12578 283 177 fee
20162 12574 655 201 reached

18272 12749 495 231 today.

18670 13008 790 189 Situation
19431 13022 238 177 Is
19649 13021 734 183 "Tense."

18349 13201 576 183 What
18941 13210 316 177 the
19233 13203 708 195 decision
19888 13214 390 177 will
20265 13213 287 183 be
20521 13262 308 129 no

18263 13444 358 117 one
18591 13402 483 177 cared
19051 13427 235 147 to
19234 13398 761 225 prophesy.
20040 13405 480 183 That
20501 13409 326 183 the

18274 13580 728 189 situation
18984 13585 187 183 is
19144 13589 628 183 "tense"
19700 13642 399 129 was
20066 13592 755 189 admitted

18255 13819 287 123 on
18492 13773 245 183 all
18733 13777 438 183 sides.

18370 13964 805 189 Members
19160 13973 252 183 of
19424 13972 309 189 the
19710 13973 625 231 general
20349 14030 451 129 com-

18221 14161 585 183 mittee
18819 14166 242 177 of
19079 14164 366 213 640
19449 14219 317 123 are
19794 14165 682 231 packing
20471 14214 306 177 up,

18251 14343 602 243 paying
18833 14357 426 183 their
19245 14361 428 183 hotel
19682 14365 397 183 bills
20065 14370 372 177 and
20407 14406 334 177 pre-

18251 14540 582 237 paring
18839 14584 235 141 to
19052 14595 294 171 go
19330 14547 490 219 home,
19887 14553 605 231 leaving
20466 14610 287 129 au-

18269 14733 599 231 thority
18881 14775 245 147 to
19128 14751 314 171 call
19493 14799 183 123 a
19705 14753 488 183 strike
20236 14753 222 183 in
20484 14761 316 183 the

18250 14933 510 183 hands
18715 14938 245 177 of
18928 14942 313 177 the
19201 14943 386 171 four
19528 14937 356 231 big
19807 14948 1012 189 brotherhood

18243 15123 841 219 presidents.
19140 15251 136 75 ?

18546 15354 723 153 President
19250 15359 369 147 Still
19611 15363 221 147 Is
19772 15357 677 183 Hopeful.

18375 15551 664 123 President
19010 15556 550 117 Wilson
19587 15560 527 141 regards
20142 15559 262 123 the
20411 15562 294 129 rail-

18268 15688 340 117 road
18604 15687 615 123 situation
19204 15713 213 87 as
19419 15690 502 129 serious,
19942 15696 266 117 but
20211 15696 290 117 has
20488 15709 293 111 not

18260 15855 13 75 1
18256 15821 256 135 yet
18511 15816 406 141 given
18894 15841 225 111 up
19096 15820 353 141 hope
19438 15824 190 117 of
19619 15853 163 87 a
19768 15827 684 123 settlement.
20503 15830 277 129 Ho

18242 15956 316 117 will
18596 15960 592 117 continue
19214 15970 197 105 to
19415 15980 281 93 use
19713 15985 421 111 every
20141 15963 406 123 effort
20582 15976 200 117 to

18262 16088 422 141 bring
18650 16096 356 117 both
18984 16091 366 123 sides
19349 16093 580 135 together.

18540 16287 430 147 Both
18925 16297 210 135 to
19070 16292 436 141 Visit
19423 16286 553 153 White
19908 16294 539 153 House.
20466 16261 73 87 '

18328 16488 390 117 Both
18715 16479 499 147 parties
19238 16493 193 111 to
19448 16488 249 117 the
19708 16493 805 135 controversy
20499 16514 288 105 are

18269 16629 190 111 to
18456 16619 336 123 visit
18837 16621 259 111 the
19058 16621 495 111 White
19550 16624 471 117 House
20057 16625 730 135 today?the

18267 16755 556 123 railroad
18827 16747 699 147 presidents
19557 16760 187 117 to
19778 16756 249 141 lay
20035 16759 465 123 before
20518 16763 269 123 the

18232 16891 674 123 President
18902 16888 367 117 their
19248 16889 478 135 partial
19747 16888 618 141 rejection
20331 16896 207 117 of
20509 16895 282 123 his

18250 17025 576 135 proposal
18826 17023 301 123 and
19118 17023 360 123 their
19465 17033 533 111 counter
19983 17022 790 153 proposition,

18261 17160 256 117 the
18563 17154 828 129 brotherhood
19437 17164 704 117 committee
20202 17174 193 105 to
20435 17163 361 123 hear

18222 17297 394 111 what
18633 17296 252 117 the
18880 17292 618 117 railroads
19483 17313 547 111 propose.

18323 17422 845 129 Brotherhood
19191 17423 494 123 leaders
19685 17432 294 117 had
19984 17431 579 123 received
20566 17460 232 93 no

18249 17559 453 123 official
18719 17560 530 117 advices
19267 17561 689 135 regarding
19957 17564 259 117 the
20224 17561 591 135 railroad

18246 17692 703 141 presidents'
18962 17688 767 141 proposition
19683 17701 436 111 when
20115 17701 269 111 the
20376 17716 362 117 regu-

18263 17832 237 117 lar
18507 17824 402 141 daily
18884 17826 616 129 meeting
19527 17828 207 117 of
19791 17828 272 117 the
20106 17828 661 141 employee*
20797 17886 63 33 ?

18248 17968 689 117 committee
18921 17955 634 123 convened
19534 17970 197 105 at
19734 17965 177 111 11
19905 17959 506 123 o'clock.
20445 17953 349 135 The

18218 18095 752 123 workmen's
18993 18092 700 117 committee
19714 18088 568 141 planned
20299 18101 203 111 to
20517 18115 210 99 re-

18215 18236 404 117 main
18642 18236 169 117 in
18809 18227 733 123 continuous
19552 18228 510 117 session
20048 18223 369 123 until
20428 18219 371 147 they

18239 18367 424 123 heard
18658 18372 387 117 from
18983 18363 664 123 President
19582 18361 573 135 Wilson,
20131 18365 364 111 who
20468 18358 328 129 had

18242 18500 629 141 promised
18892 18500 397 117 them
19271 18516 370 93 some
19630 18496 409 117 word
20046 18488 239 141 by
20275 18511 371 99 noon.

18364 18604 263 117 No
18594 18605 406 111 word
19022 18600 169 117 in
19203 18593 476 135 regard
19686 18606 186 105 to
19878 18596 259 117 the
20147 18591 632 123 situation

18251 18704 517 141 having
18735 18697 526 135 arrived,
19293 18700 252 117 the
19540 18692 630 141 employes'
20160 18682 626 201 meeting

18251 18804 695 141 adjourned
18952 18806 502 129 shortly
19448 18799 389 123 after
19847 18825 375 87 noon
20221 18798 382 129 until
20621 18799 143 123 2

18250 18911 499 123 o'clock.
18811 18902 758 129 Meanwhile
19585 18909 256 111 the
19846 18901 705 135 president*
20550 18903 214 123 of

18262 19020 252 117 the
18495 19015 323 123 four
18790 19007 868 123 brotherhoods
19643 19007 632 123 remained
20223 19013 196 111 at
20387 19002 380 129 their

18254 19120 368 117 hotel
18650 19113 627 135 awaiting
19279 19138 163 81 a
19455 19131 627 99 summons
20114 19107 394 123 from
20495 19106 278 129 the

18202 19220 495 117 White
18661 19220 465 117 House.
19187 19214 396 129 They
19541 19237 388 87 were
19879 19212 576 117 without
20438 19206 244 129 offi-

18260 19324 274 117 cial
18543 19317 730 135 knowledge
19266 19311 197 123 of
19475 19310 258 129 the
19743 19311 563 123 railroad
20292 19310 491 129 head^

18254 19420 563 141 position.

18311 19532 318 117 The
18615 19532 323 117 four
18914 19524 814 117 brotherhood
19702 19519 419 123 heads
20071 19525 399 111 went
20461 19514 324 129 Into

18251 19636 413 117 secret
18700 19627 510 123 session
19227 19624 462 117 before
19733 19624 184 117 10
19945 19619 500 123 o'clock
20463 19623 315 123 this

18211 19733 633 135 morning
18851 19747 180 99 to
19036 19727 570 123 consider
19629 19728 252 117 the
19882 19717 611 135 unofficial
20512 19744 193 93 re-

18246 19847 305 123 port
18586 19840 189 117 of
18824 19836 237 117 the
19103 19827 581 123 railroads'
19742 19825 531 135 position,
20310 19823 465 123 which

18252 19941 334 135 they
18606 19940 297 117 had
18929 19931 594 123 obtained
19562 19932 384 117 from
19953 19945 793 111 newspapers.

18222 20042 400 129 They
18618 20040 297 117 had
18927 20031 565 123 received
19502 20053 222 87 no
19709 20028 409 117 word
20130 20029 391 111 from
20499 20028 275 117 the

18196 20144 488 117 White
18688 20145 461 111 House
19170 20137 301 111 and
19483 20127 276 123 .did
19782 20133 265 111 not
20080 20125 455 135 expeot
20570 20132 207 117 to

18240 20243 447 123 confer
18674 20240 381 117 with
19081 20235 252 123 the
19338 20229 678 135 President,
20058 20225 344 135 they
20398 20224 361 141 said,

18245 20347 341 123 until
18603 20348 382 117 after
18986 20344 215 117 he
19203 20336 297 117 had
19519 20326 571 129 received
20072 20352 173 93 a
20227 20323 507 147 delega-

18253 20452 309 117 tion
18559 20442 394 129 from
18930 20444 255 117 the
19199 20435 556 123 railroad
19756 20431 719 123 executive*.

18768 20600 678 141 Division
19386 20592 211 141 of
19537 20581 629 183 Opinion.

18308 20796 542 141 Opinion
18839 20817 327 87 was
19190 20787 496 123 divided
19699 20806 477 105 among
20190 20779 264 123 the
20448 20803 277 99 en*-

18231 20933 434 135 ployes
18655 20953 210 87 as
18869 20934 179 105 to
19027 20920 341 117 how
19349 20916 247 117 the
19588 20911 588 123 railroads'
20188 20913 573 135 proposal

18210 21055 441 123 would
18616 21055 220 123 be
18812 21046 527 129 received.
19358 21044 412 117 None
19726 21044 196 117 of
19903 21044 387 117 them
20246 21035 518 147 thought

18246 21188 290 117 that
18546 21188 137 117 it
18638 21179 445 123 would
19048 21176 220 117 be
19239 21168 571 141 accepted
19757 21167 530 123 without
20267 21164 447 141 qualifi-

18237 21313 427 135 cation,
18669 21312 309 117 and
18963 21333 163 87 a
19130 21306 336 129 large
19459 21299 514 123 number
19958 21295 196 123 of
20154 21300 387 117 them
20488 21294 234 129 de-

18236 21444 433 117 clared
18680 21444 281 117 that
19002 21436 141 117 if
19162 21437 243 111 the
19420 21427 578 123 railroads
20001 21428 566 117 continue
20564 21432 206 117 to

18258 21576 353 117 insist
18619 21589 367 111 upon
18979 21559 704 123 arbitration
19689 21556 196 117 of
19879 21556 222 117 all
20114 21552 670 141 question^

18251 21696 594 141 including
18859 21696 267 117 the
19127 21679 685 147 eight-hour
19813 21680 314 141 day,
20160 21709 173 87 a
20342 21683 427 123 strike

18257 21828 624 141 inevttably
18818 21823 452 123 would
19247 21815 415 123 follow.

18303 21965 316 111 The
18624 21958 514 129 railway
19132 21947 654 123 executives
19763 21953 383 111 went
20167 21948 295 117 into
20453 21967 245 99 ses-

18239 22092 303 117 sion
18507 22107 193 99 at
18713 22087 184 123 10
18885 22079 465 123 o'clock
19344 22081 179 111 to
19520 22076 606 117 take^flnal
20116 22076 442 117 action
20530 22100 238 93 on

18247 22193 234 111 the
18476 22180 543 141 proposal
19057 22178 318 129 they
19356 22177 284 111 will
19669 22177 451 111 submit
20145 22177 179 111 to
20308 22170 364 129 Presi-

18229 22288 311 117 dent
18529 22284 516 117 Wilson.
19127 22276 378 117 Since
19541 22272 247 117 the
19802 22272 667 117 executives
20490 22266 221 129 de-

18247 22379 553 123 termined
18806 22397 353 111 upon
19180 22372 244 117 the
19429 22377 447 111 nature
19874 22367 196 123 of
20090 22368 343 117 their
20421 22383 352 123 pro-,

18216 22475 352 147 posal
18590 22480 293 117 and
18874 22471 501 123 drafted
19384 22468 337 117 their
19717 22465 380 135 reply
20106 22469 254 111 last
20367 22459 379 147 night

18238 22585 250 111 the
18504 22571 659 123 committee
19174 22563 193 123 of
19388 22560 348 141 eight
19762 22564 276 117 has
20052 22581 345 111 gone
20418 22589 331 87 over

18212 22676 299 117 and
18509 22666 617 129 smoothed
19115 22664 394 117 dov.-n
19509 22664 254 117 the
19720 22656 596 141 wording
20290 22655 206 123 of
20481 22664 277 117 the

18246 22781 352 111 letter
18601 22782 182 105 to
18784 22773 237 111 the
18995 22764 627 117 President.
19697 22760 194 117 In
19886 22760 343 117 their
20180 22756 580 141 meeting

18233 22872 280 117 this
18466 22866 591 129 morning
19030 22860 243 117 the
19253 22857 521 135 railway
19749 22856 657 117 executives
20363 22875 384 99 were

18228 22970 630 129 expecting
18897 22975 179 99 to
19106 22972 527 117 approve
19682 22956 254 117 the
19969 22951 771 123 committee's

18218 23073 302 111 final
18530 23063 371 123 draft,
18900 23060 434 117 which
19323 23056 331 117 then
19602 23056 297 117 will
19896 23051 223 123 be
20104 23050 655 129 submitted

18236 23178 172 105 to
18381 23163 604 123 President
18933 23156 513 117 Wilson.

18319 23264 314 117 The
18603 23255 628 123 President
19245 23252 141 117 is
19374 23247 712 123 understood
20077 23257 186 111 to
20228 23247 220 123 be
20423 23246 254 129 dis-

18215 23355 644 147 appointed
18838 23355 300 123 and
19124 23352 430 117 rather
19543 23348 647 141 aggrieved
20192 23356 298 117 that
20479 23355 264 123 hie

18228 23468 437 117 efforts
18650 23474 193 105 at
18803 23455 669 123 mediation
19474 23451 228 123 for
19712 23466 275 105 two
19945 23456 448 117 weeks
20372 23454 377 129 have

18199 23560 703 141 apparently
18873 23560 388 117 failed
19229 23566 175 105 to
19349 23556 306 117 win
19611 23581 228 87 an
19791 23558 693 129 agreement,
20477 23580 199 93 es-

18215 23660 520 141 pecially
18728 23664 364 117 since
19076 23660 217 117 he
19299 23651 330 123 feels
19628 23660 311 117 that
19928 23656 217 117 he
20132 23656 295 117 has
20383 23678 358 105 won

18217 23768 345 117 each
18548 23763 301 123 side
18842 23784 324 93 over
19170 23770 189 105 to
19351 23760 261 117 the
19575 23760 392 117 main
19951 23755 589 123 demands
20526 23753 239 135 of'

18226 23871 247 123 the
18446 23871 387 123 other,
18827 23864 296 117 and
19103 23859 297 123 that
19401 23860 240 117 the
19620 23860 584 117 railroads
20164 23884 276 93 are
20400 23877 362 111 now

18180 23964 546 141 making
18683 23996 163 93 a
18810 23963 532 123 demand
19300 23977 370 111 upon
19631 23960 331 117 him
19921 23960 291 117 that
20195 23964 217 117 he
20382 23983 281 99 can-

18207 24081 257 111 not
18420 24077 386 111 meet.
18843 24068 277 117 He
19087 24059 515 123 notified
19582 24065 250 111 the
19811 24059 527 123 railroad
20302 24062 422 129 chiefs
20702 24098 73 33 *

18242 24176 254 117 last
18538 24168 377 141 night
18962 24168 301 117 that
19298 24165 214 111 he
19521 24164 450 117 wants
19981 24184 183 93 a
20174 24161 551 135 decision

18216 24270 526 129 reached
18718 24272 434 117 before
19142 24256 479 141 tonight.

18554 24431 490 147 Labor
18983 24418 616 153 Leaders
19560 24413 762 183 Impatient.

18264 24631 325 123 The
18545 24626 336 129 four
18824 24616 293 141 big
19045 24615 833 123 brotherhood
19840 24612 500 141 leaders,
20277 24607 457 147 while

18211 24765 350 135 they
18520 24740 716 165 appreciate
19227 24743 316 123 that
19539 24747 265 123 the
19772 24742 677 129 President
20421 24745 322 135 haa

18206 24899 358 123 done
18532 24891 219 123 all
18747 24888 232 117 he
18942 24870 415 129 could
19327 24876 203 117 to
19488 24866 435 153 bring
19875 24875 420 123 about
20265 24899 183 99 a
20402 24874 380 177 set-^

18221 25027 528 123 tlement,
18792 25011 372 123 have
19198 25003 312 123 told
19520 25008 342 117 him
19859 24999 521 147 plainly
20388 25000 358 141 that.,

18211 25157 350 135 they
18532 25145 238 135 do
18737 25142 285 129 not
19004 25135 508 123 believe
19511 25131 346 147 they
19841 25160 296 93 can
20108 25129 360 135 hold
20441 25132 295 141 the
20678 25204 153 45 -

18200 25273 514 159 general
18781 25265 702 135 committee
19518 25266 207 129 of
19765 25262 264 129 640
20074 25259 668 147 chairmen

18196 25410 392 129 after
18556 25399 531 147 tonight,
19065 25424 227 93 as
19270 25399 382 123 these
19640 25399 496 123 leaders
20108 25394 295 129 feel
20384 25389 337 135 that

18212 25512 356 141 they
18541 25531 287 99 are
18820 25507 282 123 not
19097 25495 547 147 getting
19620 25528 173 93 a
19785 25495 546 147 -square
20302 25483 447 147 deal*4.

18186 25609 334 135 and
18476 25604 326 141 that
18783 25606 268 129 the
19017 25591 623 147 railroads
19597 25622 287 105 are
19804 25590 562 153 merely
20301 25591 426 147 play*

19901 25764 183 117 ?
20508 25742 413 153 W

20596 25961 260 183 TF
