22904 29888
3020 133 53 39 ?
3115 118 268 129 ???-"
3398 106 193 201 \

1087 2133 728 303 Closing
1748 2129 536 255 New
2177 2117 558 255 York
2663 2094 660 297 Stocks,
3299 2087 534 315 Page
3795 2102 367 249 27.

18833 2017 869 207 Saturday's
19685 2018 367 177 Net
20036 2015 931 195 Circulation,
20985 2030 485 177 86.145

18937 2165 748 207 Sunday's
19668 2166 372 177 Net
20032 2158 930 201 Circulation,
20985 2177 499 183 88,226

459 2707 459 243 No.
1047 2692 727 261 27,960.

1936 2674 626 153 Entered
2559 2698 228 105 as
2789 2651 890 147 second-class
3632 2652 568 141 matter

2351 2814 379 105 o.nci-
2780 2794 887 129 Wiuiinnsion,
3731 2774 186 129 L).
3961 2773 207 135 C.

6658 2622 1951 297 WASHINGTON,
8683 2635 351 243 D.
9137 2617 383 303 C.,
9567 2612 1273 285 MONDAY,
10911 2616 1587 261 NOVEMBER
12563 2627 345 267 15,
13042 2624 2295 261 3920-THIRTY-SIX
15320 2624 1000 261 PAGES.

20599 2600 772 261 TWO
21366 2612 952 261 CENTS.

44 5265 133 183 '
319 5272 939 333 ^Confident
1234 5273 763 279 Senate
1899 5258 483 273 Will
2382 5236 697 285 Reach

502 5597 1039 279 Workable
1514 5596 537 261 Plan
2042 5579 347 267 for
2366 5572 348 261 As-

669 5917 953 279 sociation
1567 5906 291 273 of
1815 5898 859 273 Nations.

251 6414 1222 273 SENATORS
1406 6375 1293 315 UNANIMOUS

948 6707 1005 291 ARTICLE
1874 6706 313 273 X
2177 6697 296 279 IS
2405 6685 687 279 DEAD

244 7208 718 237 Xeaders
996 7230 541 201 Now
1529 7206 920 249 Anticipate
2502 7197 554 207 Peace

313 7470 571 201 With
813 7457 818 255 Germany
1484 7461 517 207 Will
1942 7463 319 195 Be
2187 7444 803 213 Declared

840 7710 312 249 by
1069 7718 505 201 Brief
1495 7705 948 207 Resolution.

771 7968 337 141 BY
1043 7973 232 135 S.
1262 7970 214 129 O.
1461 7938 1055 153 MKSSK>GER.

406 8137 623 159 Former
1028 8148 632 141 Senator
1672 8126 497 153 Eliliu
2177 8120 451 165 Root,
2662 8135 418 147 who

275 8307 476 147 *pent
770 8301 718 159 Saturday
1501 8292 351 141 and
1854 8289 613 159 Sunday
2499 8297 205 135 in
2735 8288 333 141 this

283 8471 391 147 city,
706 8465 170 135 is
863 8459 689 147 confident
1578 8456 344 141 that
1919 8460 307 141 out
2212 8451 232 147 of
2439 8447 299 147 the
2720 8446 287 153 dis-

272 8628 691 141 cussions
1000 8624 220 141 in
1233 8624 285 141 the
1514 8620 557 141 Senate
2057 8611 368 147 will
2452 8636 446 117 come
2890 8638 193 105 a

271 8783 760 147 vorkable
1026 8789 399 159 plan
1436 8779 284 147 for
1721 8809 274 111 an
1981 8769 860 159 association
2833 8773 239 135 of

297 8950 604 153 tuitions.
935 8948 372 141 The
1303 8945 911 159 compromise
2194 8925 885 183 proposition

288 9115 312 147 Jor
608 9137 257 111 an
855 9112 872 141 association
1724 9108 228 141 of
1950 9109 609 135 nations
2527 9096 545 141 which

274 9301 233 111 v
466 9276 182 141 ill
673 9271 249 147 be
941 9267 785 171 suggested
1740 9256 212 165 In
1979 9268 292 141 the
2274 9259 556 147 Senate
2859 9261 211 135 to

274 9436 519 165 bring
832 9433 671 159 together
1569 9432 302 141 the
1932 9437 650 135 extreme
2620 9425 361 135 anti-

304 9585 671 183 leaguers
972 9595 368 147 and
1363 9590 295 153 the
1671 9592 353 141 still
2054 9584 595 165 hopeful
2685 9601 331 135 pro-

294 9756 676 165 leaguers.
1036 9752 179 141 is
1207 9773 427 111 now
1591 9748 513 165 being
2059 9746 764 153 discussed
2806 9736 284 165 by

289 9952 442 117 some
715 9921 218 135 of
936 9916 287 141 the
1235 9903 590 171 leading
1756 9911 543 147 minds
2297 9908 218 141 In
2503 9908 295 141 the
2785 9925 221 111 re-

281 10069 696 159 publican
948 10074 475 153 party.
1423 10067 379 147 The
1774 10093 460 135 scope
2204 10067 232 147 of
2398 10093 270 111 an
2629 10079 388 123 asso-

286 10195 572 147 ciation
835 10201 212 135 of
1025 10201 602 135 nations
1630 10206 176 129 is
1774 10191 792 171 suggested
2546 10201 207 135 to
2726 10217 313 111 em-

277 10314 490 153 trace
766 10330 424 129 three
1131 10329 473 135 main
1585 10329 679 135 features:

231 10485 83 63 ?
406 10450 829 153 Agreement
1257 10469 573 135 among
1851 10453 295 135 the
2160 10449 592 135 nations
2777 10438 315 153 for;

275 10567 678 147 Creation
980 10577 221 135 of
1234 10602 277 105 an
1529 10572 535 141 official
2106 10564 441 165 body
2531 10564 548 141 which
3066 10539 33 195 [

279 10700 538 141 vould
810 10704 641 141 institute
1447 10696 580 165 inquiry
1970 10701 354 135 and
2322 10693 694 159 investiga-

302 10829 375 135 tion
645 10850 431 129 upon
1063 10833 295 135 the
1344 10821 835 159 threatened
2128 10820 744 165 approach
2841 10821 235 135 of

279 10967 403 123 *ar.

399 11075 1094 147 Kstablishment
1490 11080 249 141 of
1716 11105 213 111 a
1899 11077 451 159 body
2345 11077 245 135 to
2525 11068 572 141 which

290 11211 521 147 freport
805 11213 441 135 could
1221 11208 246 141 be
1403 11203 491 147 made
1858 11225 438 135 upon
2278 11200 285 141 the
2511 11191 564 147 merits

295 11332 242 141 c>f
534 11337 288 135 the
795 11347 912 147 controversy.

395 11460 1281 141 Recommendation
1637 11460 270 165 by
1871 11460 355 141 that
2197 11447 434 171 body
2580 11452 232 141 of
2769 11466 249 129 ac-

298 11584 378 141 tion
644 11603 228 123 to
825 11588 249 141 be
1055 11586 483 153 taken,
1487 11588 669 141 without
2119 11584 504 141 either
2534 11576 529 141 moral

287 11737 253 111 or
525 11716 837 141 contractual
1352 11708 797 165 obligation
2113 11713 228 135 of
2331 11704 299 141 the
2563 11725 483 111 mem-

277 11836 336 141 ber
601 11845 608 135 nations
1203 11849 224 135 to
1404 11861 491 135 carry
1838 11841 323 135 out
2163 11832 299 141 the
2439 11844 568 141 sugges-

292 11971 380 147 tion.

712 12131 607 147 Article
1261 12138 263 129 X
1448 12122 725 153 Believed
2103 12120 504 141 Dead.

481 12273 160 135 Tt
689 12278 166 129 is
829 12272 659 141 believed
1482 12273 215 135 to
1676 12269 248 135 be
1908 12279 366 123 true
2267 12264 355 141 that
2624 12259 442 147 there

304 12414 215 105 is
554 12390 676 153 practical
1301 12376 814 165 unanimity
2132 12396 592 141 among
2768 12381 305 135 the

318 12503 604 147 leading
917 12502 870 153 republicans
1784 12497 225 135 of
2002 12496 255 141 all
2293 12487 542 147 shades
2832 12488 229 141 of

280 12619 622 147 opinion
925 12617 334 135 that
1294 12617 149 135 it
1421 12618 364 129 will
1782 12613 256 135 be
2055 12600 788 165 impossible
2854 12615 218 123 to

318 12731 525 147 imluce
842 12733 801 135 two-thirds
1617 12729 232 135 of
1833 12724 360 141 this
2156 12745 243 111 or
2388 12725 302 135 the
2665 12731 389 123 next

287 12848 560 141 Senate
897 12858 208 129 to
1125 12870 474 129 agree
1683 12855 221 123 to
1942 12857 368 135 any
2355 12842 702 129 covenant

328 12954 498 153 ?which
789 12960 364 141 will
1211 12962 548 153 impose
1757 12974 435 129 upon
2200 12947 309 147 the
2488 12943 587 147 United

266 13075 549 147 Ptates
827 13081 292 135 the
1094 13072 492 141 moral
1601 13065 807 159 obligation,
2419 13089 255 111 as
2668 13084 332 117 con-

305 13192 534 141 tained
873 13198 218 129 in
1095 13192 551 141 article
1631 13184 283 141 X
1886 13184 246 141 of
2161 13184 312 141 the
2425 13175 653 147 Wilson

317 13300 538 165 3eague,
871 13314 214 129 to
1040 13330 277 129 go
1295 13309 218 135 to
1453 13330 386 105 war
1806 13321 441 135 upon
2224 13295 295 147 the
2505 13316 518 117 recom-

249 13420 864 141 mendation
1137 13416 236 141 of
1397 13438 355 129 any
1770 13434 528 129 power
2309 13443 271 99 on
2603 13408 468 141 earth

292 13557 406 111 pave
720 13536 298 141 the
1001 13527 371 147 will
1396 13528 229 141 of
1655 13523 292 147 the
1950 13520 533 165 people
2490 13549 248 111 as
2737 13548 270 117 ex-

276 13645 639 159 pressed
932 13639 267 171 by
1227 13643 412 147 their
1663 13631 1148 171 representatives
2853 13637 207 135 in

271 13764 753 165 Congress.

423 13885 271 135 At
711 13879 296 147 the
1017 13900 432 117 same
1456 13876 383 141 time
1867 13877 159 135 it
2059 13875 180 147 is
2242 13864 822 165 recognised

297 13996 380 141 that
652 13996 809 141 conditions
1384 13988 537 165 might
1884 13984 452 165 arise,
2326 14013 255 111 as
2565 13988 211 141 in
2759 13983 302 147 the

278 14138 404 105 case
646 14108 242 141 of
876 14108 298 141 the
1123 14129 399 111 war
1462 14108 442 141 with
1845 14102 747 153 Germany,
2577 14100 487 141 when

293 14229 355 135 that
654 14221 817 159 expression
1406 14216 546 141 would
1914 14221 256 135 be
2141 14206 881 153 overwhelm-

306 14331 446 171 ingly
723 14323 866 195 affirmative,
1620 14332 183 141 if
1775 14337 325 135 not
2085 14315 985 171 unanimously

273 14478 244 105 pn.
651 14443 333 147 But
1076 14448 154 141 It
1318 14443 172 147 is
1550 14429 572 183 thought
2191 14445 287 135 the
2522 14435 536 147 Senate

317 14564 316 141 ?will
677 14564 444 141 insist
1133 14554 371 153 that
1506 14559 360 147 this
1853 14558 656 153 ceantry
2468 14550 272 153 be
2709 14545 311 159 ab-

280 14674 540 153 solved
797 14681 445 135 from
1178 14675 445 171 prior
1592 14669 799 159 obligation.

405 14796 851 141 Prominent
1330 14779 910 171 republicans
2308 14776 755 165 recognise

267 14934 348 105 one
595 14909 465 135 main
1061 14897 732 159 difficulty
1740 14895 558 147 which
2249 14891 383 147 will
2656 14921 332 111 con-

275 15030 439 129 iront
713 15020 465 141 them
1132 15008 898 165 in..greeting
1988 15006 308 153 the
2268 15004 801 165 suggested

267 15132 878 141 association
1102 15123 249 147 of
1303 15123 606 147 nations,
1902 15120 510 165 along
2368 15125 305 135 the
2653 15115 404 147 lines

286 15249 400 135 thus
680 15244 335 141 laid
963 15244 473 141 down.
1518 15240 207 141 It
1706 15245 427 135 rests
2128 15236 207 141 in
2309 15231 312 147 the
2578 15252 411 141 ques-

282 15355 381 147 tion
584 15350 706 153 whether
1258 15351 322 147 the
1531 15376 419 117 new
1875 15342 887 153 association
2703 15368 366 117 can

273 15467 273 147 be
556 15467 906 147 constructed
1458 15467 319 147 out
1793 15464 256 141 of
2039 15464 319 141 the
2333 15455 706 147 material

258 15591 255 123 of
581 15580 300 141 the
865 15580 622 141 Wilson
1560 15576 505 165 league,
2138 15602 251 105 or
2402 15571 664 147 whether

290 15696 681 141 creation
942 15691 242 147 of
1169 15721 274 111 an
1427 15689 650 159 entirely
2042 15706 420 129 new
2395 15692 612 141 associa-

271 15808 408 141 tion
593 15814 467 129 must
1016 15808 262 141 be
1238 15801 837 159 negotiated.

489 15952 969 141 Asseetatt?
1335 15952 436 141 Plan
1708 15948 463 165 Very
2113 15949 712 159 Cojaplex.

424 16082 373 153 The
775 16087 1067 147 embarrassment
1826 16088 241 141 of
2038 16089 821 159 proceeding
2794 16084 283 165 by

296 16198 321 153 the
567 16229 582 135 process
1109 16208 234 141 of
1323 16203 816 147 elimination
2106 16204 342 141 and
2451 16199 523 171 interpel-

331 16319 462 147 lation
775 16333 213 135 to
946 16323 429 147 build
1343 16353 249 111 on
1567 16319 287 147 the
1826 16315 782 147 foundation
2572 16325 235 135 of
2791 16320 286 141 the

244 16430 625 153 Wilson
862 16449 667 135 covenant
1531 16440 480 141 arises
2011 16435 443 147 from
2433 16440 282 141 the
2726 16441 336 135 fact
3066 16481 33 87 i

322 16551 356 147 that
639 16555 711 147 President
1268 16554 608 153 Wilson,
1887 16549 659 159 carrying
2501 16561 289 135 out
2791 16551 287 147 the
3066 16515 33 123 '

329 16671 488 147 threat
828 16671 276 147 he
1077 16675 484 147 made
1574 16678 231 129 at
1837 16667 303 147 the
2121 16664 958 165 Metropolitan

286 16789 532 159 Opera
759 16791 530 147 House
1299 16793 193 135 in
1438 16788 446 141 New
1805 16780 446 165 York,
2260 16814 256 105 on
2510 16783 273 147 the
2770 16813 307 111 eve
3066 16784 33 69 '

307 16908 256 141 of
573 16908 734 165 departure
1310 16903 295 147 for
1599 16903 313 147 his
1922 16899 518 147 second
2436 16905 385 135 visit
2860 16909 220 135 to

290 17025 579 159 France,
889 17052 254 117 so
1127 17028 699 141 interwove
1819 17020 283 141 the
2108 17016 482 165 league
2560 17020 228 141 of
2761 17050 269 105 na-

328 17153 410 135 tions
673 17143 414 147 with
1063 17138 290 153 the
1323 17146 477 153 treaty
1764 17140 224 141 of
1953 17157 460 135 peace
2387 17136 335 141 that
2715 17133 361 159 they

310 17293 338 111 can
641 17260 530 165 hardly
1157 17264 248 141 be
1406 17251 713 171 separated.

441 17379 336 147 Yet
799 17380 287 141 the
1056 17376 673 165 objection
1716 17386 216 129 to
1885 17368 805 165 proceeding
2652 17397 455 111 anew

322 17499 234 147 to
526 17496 822 165 negotiation
1318 17496 241 141 of
1531 17522 283 105 an
1785 17492 818 141 association
2612 17489 189 135 is
2795 17488 276 141 the

319 17624 343 141 fact
674 17615 328 147 that
1011 17616 283 141 the
1300 17608 479 165 league
1768 17608 228 141 of
1980 17606 578 153 nations,
2573 17610 257 129 set
2824 17626 263 129 up

304 17732 287 165 by
559 17736 286 141 the
788 17732 750 141 Versailles
1512 17726 484 153 treaty,
2020 17724 196 141 is
2147 17750 203 105 a
2280 17715 489 171 going
2715 17745 313 111 con-

313 17880 380 117 cern,
738 17845 836 159 functioning
1568 17870 388 105 now
1963 17840 187 141 in
2154 17842 409 153 part
2587 17831 495 147 Those

306 18000 313 117 pre
617 17972 283 141 the
854 17959 1009 147 considerations
1801 17952 496 141 which
2237 17948 344 141 will
2578 17953 498 135 render

305 18084 632 165 complex
923 18079 292 147 the
1159 18076 448 141 work
1572 18077 221 135 of
1758 18072 712 141 President
2422 18066 669 153 Harding

306 18209 347 135 and
655 18205 276 135 his
920 18195 731 147 associates
1679 18197 197 135 in
1882 18184 482 165 trying
2366 18194 210 129 to
2584 18180 497 141 launch

299 18358 203 105 H
443 18324 474 141 world
893 18316 871 141 combination
1740 18313 201 135 in
1873 18304 513 141 which
2348 18305 327 135 this
2639 18325 390 111 coun-

314 18447 302 147 try
610 18465 311 111 can
905 18428 795 165 participate.

450 18551 639 147 Another
1023 18540 666 165 problem
1624 18542 187 153 is.
1798 18540 214 141 If
1992 18540 172 141 it
2116 18531 523 147 should
2575 18536 258 141 be
2778 18533 259 135 de-

316 18671 682 147 termined
984 18674 213 129 to
1182 18690 259 129 go
1425 18655 487 147 ahead
1908 18687 249 99 on
2160 18657 289 135 the
2434 18653 424 135 basis
2856 18649 221 135 of

314 18797 304 135 the
571 18789 608 135 Wilson
1180 18785 686 135 covenant,
1899 18773 520 135 should
2425 18769 300 135 the
2722 18790 387 105 new

305 18915 694 147 structure
1041 18896 255 141 be
1319 18888 269 165 by
1645 18888 877 141 reservations
2550 18909 241 111 or
2826 18873 259 159 by

310 19018 907 153 Amendment?
1287 19012 183 141 It
1504 19012 171 141 is
1670 19001 546 159 argued
2224 19000 338 141 that
2566 18991 448 171 adopt-

334 19150 302 153 ing
609 19175 183 99 a
785 19131 811 147 reservation
1599 19135 214 123 to
1783 19114 516 153 article
2265 19113 246 159 X,
2534 19108 462 165 repudi-

302 19263 461 147 ating
760 19253 733 159 obligation
1497 19244 463 141 under
2006 19238 161 153 it,
2227 19232 283 141 the
2513 19232 563 141 nations

352 19380 452 141 "which
772 19355 654 171 accepted
1416 19362 179 153 it,
1573 19351 514 147 would
2062 19352 319 141 still
2363 19353 265 135 be
2587 19348 504 141 bound

297 19493 284 159 by
574 19497 145 135 it
679 19488 459 141 while
1118 19485 273 135 the
1328 19476 555 141 United
1845 19473 500 135 States
2287 19464 494 141 would
2748 19470 302 129 not.

297 19604 793 165 Troponins
1090 19626 270 105 an
1382 19588 846 141 amendment
2259 19577 846 159 eliminating

322 19736 294 141 the
600 19721 497 159 article,
1139 19721 148 135 it
1314 19712 166 141 is
1462 19697 727 159 contended,
2184 19699 504 147 would
2657 19692 425 165 place

307 19850 252 153 nil
601 19843 566 147 nations
1200 19836 203 141 in
1416 19832 286 141 the
1701 19824 808 141 association
2524 19845 249 111 on
2806 19811 283 147 the

310 19994 251 129 pa
439 19997 312 111 mo
744 19952 532 165 footing.

641 20111 804 147 Harding's
1405 20106 491 129 Stand
1861 20132 277 93 on
2074 20094 634 153 League,

454 20274 213 129 in
662 20240 1071 165 substantiation
1721 20236 232 141 of
1973 20236 282 141 the
2253 20227 827 147 statements

314 20390 384 129 lliat
671 20401 412 111 even
1056 20373 302 135 the
1318 20365 529 135 ardent
1830 20344 966 165 pro-leaguers
2779 20370 304 105 are

310 20486 790 153 convinced
1064 20485 236 135 of
1291 20476 292 141 the
1594 20464 950 165 Impossibility
2515 20460 222 141 of
2724 20486 296 105 sus-

314 20615 613 147 Taining
910 20605 285 135 the
1165 20583 698 171 principle
1871 20580 646 141 involved
2522 20576 191 141 in
2676 20572 308 141 arti-

314 20742 301 129 cle
600 20725 239 159 X,
914 20721 684 135 incidents
1625 20709 211 135 in
1843 20691 836 147 connection
2657 20689 438 135 with

308 20857 598 135 Senator
899 20827 734 147 Harding's
1662 20821 538 135 famous
2191 20812 344 141 Des
2518 20804 555 141 Moines

306 20948 573 165 speech
817 20974 317 105 are
1091 20929 577 159 related.
1667 20923 519 147 What
2154 20925 256 135 he
2374 20916 373 141 said
2704 20921 385 135 then

291 21102 390 105 was
674 21054 751 153 construed
1416 21055 260 147 by
1663 21049 292 135 the
1937 21037 517 159 public
2457 21047 204 123 to
2606 21058 483 105 mean

336 21198 362 129 that
669 21190 257 129 he
897 21164 635 165 rejected
1509 21170 292 129 the
1784 21163 515 147 league
2257 21147 225 147 of
2453 21149 603 135 nations.

355 21306 440 129 "What
845 21302 243 129 he
1152 21275 660 147 intended
1837 21263 856 147 understood
2705 21291 378 99 was

326 21429 362 135 that
669 21417 239 135 he
890 21392 635 165 rejected
1484 21382 542 153 article
1957 21379 232 147 X.

429 21529 351 135 The
760 21526 360 129 Des
1087 21517 597 135 Moines
1688 21510 746 129 utterance
2394 21518 386 105 was
2780 21498 291 129 not

285 21678 261 105 mi
600 21642 797 153 impromptu
1364 21615 861 147 declaration.
2210 21608 369 141 The
2558 21605 547 159 speech,

315 21755 358 147 bad
641 21762 404 129 been
1007 21733 724 159 carefully
1646 21733 635 135 written,
2270 21725 350 135 and
2580 21717 511 159 copies

360 21897 392 111 ?were
808 21880 333 117 sent
1224 21877 205 111 to
1468 21840 801 165 republican
2300 21833 724 159 headquar-

343 22019 352 99 ters
709 21994 184 129 in
840 21980 440 141 New
1211 21967 457 147 York.
1723 21957 482 159 They
2134 21982 456 105 were
2569 21954 517 129 shown

347 22130 230 105 to
596 22105 294 135 Mr.
961 22085 408 159 Taft,
1474 22090 215 129 to
1701 22076 296 141 Dr.
2076 22062 488 153 Jacob
2575 22060 511 141 Gould

339 22224 734 141 t?ch"rman
1175 22205 329 135 and
1605 22203 432 123 o?her
2145 22180 908 165 pro-laaguers,

299 22336 418 141 who
696 22323 486 147 raised
1160 22345 264 111 no
1391 22299 714 171 objection
2102 22310 215 129 to
2303 22300 292 141 the
2585 22293 418 135 candi-

322 22453 491 135 date's
833 22421 1137 183 pronouncement.
2108 22416 187 141 It
2294 22443 383 99 was
2700 22401 407 159 only

315 22578 876 129 unlortunate
1217 22553 329 135 that
1572 22549 197 135 in
1789 22540 277 141 the
2062 22519 1038 171 speech?which

356 22714 309 105 ?was
649 22716 183 93 a
811 22673 376 135 brief
1179 22689 314 111 one,
1516 22649 758 159 occupying
2243 22638 366 153 only
2595 22640 498 141 fifteen

335 22825 201 111 >n
507 22788 1064 141 nut??Senator
1652 22758 663 153 Harding
2399 22758 290 129 did
2788 22759 280 123 not

353 22909 391 135 ?tie"
753 22900 288 141 his
1056 22903 743 123 utterance
1789 22896 454 117 more
2261 22855 843 171 specifically

343 23044 223 117 to
567 23015 528 147 article
1075 23001 232 159 X,
1368 23020 201 117 to
1572 22999 595 147 prevent
2211 22985 233 135 its
2451 22981 575 135 associa-

343 23156 352 117 tion
663 23133 426 135 with
1089 23126 282 129 the
1376 23115 513 147 theory
1860 23105 235 135 of
2057 23130 183 105 a
2185 23095 515 147 world
2671 23117 396 111 com-

353 23261 103 135 i
500 23258 498 129 nation
983 23237 229 135 of
1192 23237 588 135 nations
1779 23225 273 135 for
2029 23238 472 129 peace.

489 23353 819 159 It?-r>ubli<an
1371 23336 542 141 leaders-
1942 23353 331 111 are
2285 23317 829 159 discussing

341 23500 235 117 t)>>
596 23495 456 123 ways
1032 23461 341 135 and
1322 23478 546 105 means
1844 23446 215 129 of
2056 23437 847 159 proceeding
2904 23447 198 123 to

335 23597 591 135 tl^-lare
953 23597 459 135 peace
1442 23566 419 129 with
1871 23559 734 147 Germany.
2730 23553 362 135 The

291 23743 243 99 v
496 23777 53 39 ?
433 23711 436 147 mht
904 23701 212 135 of
1144 23680 598 165 opinion
1761 23672 633 141 sounded
2429 23678 363 129 thus
2826 23674 267 129 far

321 23870 143 105 ?
447 23886 118 57 ...
836 23832 205 117 to
1024 23809 232 135 be
1278 23815 188 123 in
1471 23807 434 123 favor
1895 23799 215 123 of
2103 23819 163 99 a
2263 23789 403 135 brief
2673 23810 361 105 reso-

338 23951 489 147 J'ltior
895 23924 740 141 declaring
1626 23913 433 135 what
2129 23914 163 129 is
2305 23902 612 153 already
2932 23940 173 93 a

309 24041 788 183 fa<t?that
1177 24053 463 135 peace
1706 24025 481 135 exists
2224 24021 421 135 with
2678 24016 354 141 Ger-

335 24197 470 135 (uuny.

777 24327 457 123 I'raee
1196 24303 565 147 Really
1711 24297 548 135 Kxlats
2218 24298 434 129 Now.

486 24483 129 123 It
669 24474 167 129 is
805 24444 579 165 argued
1378 24445 341 135 that
1717 24441 395 135 such
2096 24462 173 105 a
2233 24437 875 135 declaration

285 24616 563 141 Vould
845 24623 571 123 remove
1405 24602 242 129 all
1700 24592 655 141 technical
2383 24588 378 141 bars.
2882 24588 223 141 In

328 24770 439 177 J.oint
768 24764 225 141 of
999 24761 345 135 fact,
1385 24744 430 141 trade
1827 24750 173 129 is
1986 24736 500 165 going
2456 24770 267 105 on
2663 24735 441 147 with

321 24934 745 129 tiermany
1005 24904 348 141 and
1306 24922 470 129 peacc
1743 24892 488 141 exists
2189 24892 670 141 between
2814 24892 299 141 the

325 25091 368 123 two
668 25063 593 147 nutions.

490 25239 143 123 It
676 25225 183 135 is
819 25215 493 147 much
1327 25212 327 141 like
1666 25209 288 135 the
1950 25199 710 147 situation
2601 25204 507 141 when

313 25377 660 159 f:|.eaker
919 25367 453 147 Reed
1334 25360 612 141 counted
1909 25395 183 99 a
2036 25377 654 135 quorum
2649 25361 188 135 in
2820 25356 283 141 the

349 25537 509 135 jiouse.
955 25520 372 141 The
1371 25522 785 129 dt-mocrats
2205 25523 274 123 sat
2566 25513 191 135 In
2803 25508 296 141 the

343 25687 123 99 t
497 25660 274 117 ttf,
820 25643 659 147 refusing
1488 25648 198 117 to
1672 25659 584 99 answer
2241 25664 183 93 a
2417 25633 297 135 roll
2723 25629 340 135 call,

339 25760 356 141 ?i'lie
702 25749 646 159 Speaker
1358 25746 618 153 pointed
1980 25774 438 105 uiern
2425 25760 306 117 out
2754 25745 351 135 and

356 25907 229 99 ?i?<
612 25873 390 135 iared
1018 25868 426 141 them
1399 25871 562 147 present
1962 25867 400 123 with
2344 25891 173 99 a
2481 25883 654 123 quorum

343 25996 217 141 5n
630 25999 182 123 !,.?
819 25985 316 135 hall
1142 25985 530 135 When
1632 26016 264 93 an
1891 25978 726 153 indignant
2582 25971 466 147 defno-

349 26149 103 87 <
602 26130 73 105 t
684 26096 725 165 protested
1397 26107 282 123 the
1642 26093 650 159 Speaker
2284 26094 433 153 ciryly
2690 26087 369 147 said:

365 26236 103 69 ?
424 26226 347 129 The
774 26222 414 129 chair
1187 26223 301 123 has
1501 26219 341 123 said
1865 26214 274 129 the
2130 26212 765 141 gentleman
2930 26209 170 135 is

347 26352 138 141 |>
614 26344 310 117 --*-nt
950 26335 188 123 in
1136 26335 272 123 the
1391 26324 395 141 hall';
1799 26325 378 135 does
2156 26326 247 129 he
2373 26322 427 153 deny
2802 26320 298 141 it?"

503 26450 405 129 \fter
904 26446 275 129 the
1136 26441 862 135 declaration
1960 26442 222 129 of
2156 26458 469 129 peace,
2662 26434 374 153 legis-

340 26558 487 153 lation
812 26562 350 129 will
1181 26558 239 129 be
1432 26554 693 153 proposed
2144 26564 209 117 to
2361 26562 520 129 return
2895 26557 218 135 to

350 26687 620 123 ?;t-rnian
999 26673 609 135 citizens
1640 26674 685 153 property
2348 26669 225 135 of
2584 26668 521 141 which

348 26800 400 141 they
768 26811 407 147 v^ere
1201 26794 627 129 relieved
1860 26788 205 141 in
2105 26788 288 141 the
2366 26815 389 99 war
2755 26784 357 141 and

354 26939 137 99 ti
547 26917 528 135 strong
1085 26911 746 123 si-ntiment
1870 26906 478 129 exists
2383 26901 728 135 favorable

351 27036 220 117 to
620 27021 275 135 the
894 27037 429 111 most
1351 27040 716 117 generous
2123 27022 721 129 treatment
2911 27017 205 135 in

358 27147 325 123 this
692 27125 519 159 regard.
1286 27129 362 135 The
1634 27133 1099 135 commandeered
2683 27127 361 147 Ger-

358 27282 372 105 Juan
732 27245 417 159 ships
1131 27249 340 135 will
1506 27255 275 123 not
1808 27249 284 135 fall
2146 27249 181 135 in
2350 27249 326 135 this
2674 27264 369 117 cate-

321 27389 446 135 P"rv.
779 27365 334 135 and
1096 27365 328 135 due
1425 27377 423 135 steps
1817 27366 354 129 will
2185 27366 246 129 be
2441 27370 457 129 taken
2902 27380 211 117 to

354 27504 113 117 }
470 27545 33 39 ?
539 27481 585 135 iinburse
1116 27477 747 135 American
1880 27473 365 159 ship
2236 27496 583 117 owners
2824 27477 287 135 for

344 27600 502 141 Jo-see
847 27593 628 135 inflicted
1448 27590 260 153 by
1682 27593 873 135 submarines
2574 27603 191 123 in
2741 27598 315 129 vio-

344 27710 501 153 lation
824 27709 222 135 of
1063 27704 929 141 international
2046 27713 327 135 Jaw
2336 27708 344 141 and
2653 27729 390 135 prac-

348 27838 197 129 ti-
537 27866 143 81 e

309 28098 656 225 JiUNT
904 28098 645 201 SEALS
1416 28107 733 195 WITH
2046 28104 1010 213 BALLOONS.

509 28347 143 99 >
638 28327 73 123 i
762 28321 508 135 JOHN
1189 28319 169 147 S.
1349 28317 1031 159 Newfoundland,
2350 28323 750 147 November

367 28481 166 135 3'
668 28475 381 123 Two
1019 28467 620 147 dirigible
1609 28472 614 141 balloons
2201 28479 700 147 presented
2906 28486 203 129 to

304 28617 1080 159 >wfound!and
1441 28617 256 159 by
1774 28620 280 141 the
2103 28624 568 141 British
2718 28651 335 123 gov-

365 28811 103 75 ?
422 28785 563 111 niment
1013 28795 307 99 are
1360 28780 198 117 to
1560 28770 239 129 be
1811 28779 383 123 used
2239 28772 313 141 this
2533 28782 560 129 winter

355 28902 221 105 -o
606 28882 458 129 locate
1072 28887 308 123 seal
1407 28887 450 123 herds.
1873 28883 465 147 They
2285 28885 350 135 will
2625 28894 479 129 work

562 28984 894 165 conjunction
1411 28997 425 135 with
1813 28996 585 165 sealing
2366 29008 695 141 steamers.

3027 3055 669 315 EX-
3527 3051 859 339 CRO
4105 3039 1813 363 WNPRINCE

3037 3403 1295 339 ABOUT
4177 3421 673 327 TO
4707 3401 1211 351 LEAVE

2999 3757 811 327 HIS
3653 3763 1319 339 ISLAND
4755 3763 1163 339 EXILE

3101 4125 252 159 By
3304 4136 385 141 Cable
3684 4159 172 123 to
3796 4158 309 129 The
4079 4167 312 123 Star
4384 4171 268 123 and
4613 4163 516 147 Chicago
5079 4155 396 147 Dally
5434 4154 391 129 News.

4000 4266 625 153 Copyright.
4630 4276 310 117 IP'JO.

3306 4373 698 183 BERLIN,
4012 4399 804 147 November
4833 4400 907 141 15.?Former

3197 4520 562 165 Crown
3747 4547 556 147 Prince
4300 4547 805 147 Frederick
5043 4544 735 141 William

3227 4678 189 129 ?is
3409 4697 782 159 preparing
4179 4711 218 123 to
4407 4704 412 141 leave
4805 4706 294 129 his
5090 4696 412 141 exile
5484 4723 264 99 on

3152 4813 905 183 Wierengren
4080 4846 505 153 Island,
4636 4878 267 105 on
4927 4849 289 135 the
5205 4841 542 135 Dutch

3204 4982 456 153 coast,
3646 4993 358 135 and
3974 4994 491 153 rejoin
4430 4996 294 141 his
4712 4989 528 159 family,
5203 4988 541 141 which

3237 5121 175 135 is
3417 5157 407 111 now
3830 5140 191 141 in
4009 5149 547 135 Silesia.
4641 5145 406 135 This
5071 5140 609 141 informa-

3217 5271 363 147 tion
3569 5308 375 117 was
3974 5292 651 141 received
4659 5289 454 159 today
5141 5288 445 141 from
5558 5315 193 99 a

3221 5412 558 165 former
3766 5445 381 135 staff
4143 5443 505 147 officer,
4633 5446 401 129 who
5021 5441 326 135 has
5329 5437 412 135 been

3246 5536 202 141 in
3471 5542 424 153 close
3946 5566 451 129 touch
4389 5561 443 135 with
4859 5562 292 129 the
5192 5558 547 129 former

3211 5680 517 117 crown
3780 5668 519 165 prince,
4383 5696 402 117 even
4825 5665 569 159 during
5446 5670 282 129 the

3211 5771 418 147 exile.

3294 5886 376 153 One
3675 5901 219 135 of
3890 5904 785 141 Frederick
4621 5900 790 141 William's
5429 5897 233 135 ad-

3215 5998 577 153 jutants
3765 6021 360 135 will
4122 6025 513 135 arrive
4662 6021 187 135 in
4825 6015 517 147 Berlin
5337 6018 378 129 next

3182 6125 485 135 week
3705 6139 204 123 to
3919 6144 308 141 get
4298 6142 195 129 in
4535 6137 453 135 touch
4973 6133 435 135 with
5442 6130 285 129 the

3202 6254 905 129 government
4106 6253 351 135 and
4482 6253 411 135 learn
4864 6249 672 135 whether
5566 6241 152 135 it

3178 6353 364 135 will
3642 6351 689 171 interpose
4376 6395 341 123 any
4755 6362 710 153 objection
5522 6363 211 123 to

3226 6465 292 135 the
3522 6481 611 135 reunion
4131 6481 222 135 of
4378 6486 285 129 the
4673 6481 540 135 former
5226 6493 510 111 crown

3205 6579 518 147 prince
3713 6593 344 135 and
4045 6593 291 135 his
4305 6596 414 141 wife
4710 6598 347 129 and
5043 6589 649 135 children.

3157 6692 509 141 What
3675 6700 292 141 the
3964 6708 628 141 attitude
4588 6713 222 135 of
4829 6710 282 129 the
5094 6717 577 135 govern-

3167 6818 463 129 ment
3635 6842 251 105 on
3899 6821 292 135 the
4162 6829 585 135 matter
4774 6825 173 135 is
4949 6821 525 135 cannot
5484 6818 242 129 be

3221 6918 591 153 learned
3795 6943 231 123 at
4058 6936 285 141 the
4314 6945 677 135 moment,
5016 6938 299 129 but
5362 6933 149 135 it
5554 6929 166 135 is

3203 7048 693 141 expected
3891 7048 344 141 that
4226 7087 193 99 a
4423 7049 416 159 large
4798 7041 715 159 majority
5496 7041 225 135 of

3215 7153 296 135 the
3549 7166 446 129 social
4052 7164 839 141 democratic
4920 7152 798 165 delegation

3238 7270 188 129 in
3455 7273 299 135 the
3777 7272 723 165 reichstag,
4530 7306 248 105 as
4754 7281 384 135 well
5172 7302 232 105 as
5434 7273 282 135 the

3231 7381 887 159 independent
4162 7393 721 135 socialists
4909 7393 337 135 and
5272 7389 442 135 other

3231 7492 292 141 left
3518 7498 477 153 wing
3993 7507 572 147 parties,
4589 7509 354 135 will
4988 7502 391 153 fight
5427 7497 302 135 the'

3197 7605 565 159 project
3745 7612 619 165 bitterly,
4374 7612 766 165 especially
5131 7616 166 141 if
5298 7613 418 135 there

3209 7729 525 135 should
3737 7733 242 135 be
3984 7749 345 135 any
4362 7737 799 135 inclination
5167 7763 243 99 on
5438 7734 278 129 the
5718 7814 193 33 _

3194 7848 369 141 part
3576 7846 222 129 of
3826 7850 278 129 the
4110 7857 901 135 government
5049 7855 204 123 to
5283 7847 424 147 s;rant
5718 7819 193 147 N

3204 7955 829 147 permission
4089 7971 212 123 to
4350 7965 289 135 the
4679 7965 498 135 exiled
5209 7977 514 135 prince

3211 8078 218 129 to
3413 8072 451 141 settle
3848 8073 964 159 permanently
4811 8077 184 135 in
4956 8069 736 159 Germany.

3322 8184 358 141 The
3793 8185 850 159 right-wing
4744 8187 628 147 factions,
5499 8184 222 141 of

3203 8324 533 117 course,
3776 8306 529 129 would
4338 8316 431 141 greet
4843 8310 292 129 the
5180 8305 540 135 former

3228 8414 616 153 prince's
3897 8422 527 129 return
4440 8421 432 135 with
4918 8417 291 159 joy.
5335 8412 375 141 The

3163 8529 729 159 majority
3908 8532 229 141 of
4222 8537 282 135 the
4533 8532 530 165 people
5169 8537 184 135 in
5434 8532 289 141 the

3219 8648 495 165 jStreet
3764 8678 307 105 are
4102 8643 721 171 probably
4883 8647 785 147 indifferent.

3185 8766 601 153 Among
3774 8764 285 141 the
4014 8759 720 171 working
4710 8772 562 141 classes,
5282 8769 406 135 how-

3199 8904 389 117 ever.
3632 8880 424 141 there
4065 8906 310 105 are
4386 8910 428 105 some
4815 8885 545 135 radical
5378 8880 277 141 ele-

3163 9003 529 123 ments
3700 8997 361 135 that
4020 8993 533 159 might
4556 9025 318 111 use
4857 9000 646 141 violence
5511 9001 218 135 to

3197 9115 598 147 prevent
3799 9112 292 141 the
4078 9117 530 135 return.

3048 10874 980 321 Congress
4012 10877 993 327 Expected
5001 10908 305 261 to
5276 10903 494 267 Con-

3301 11204 573 285 sider
3839 11211 1344 291 Pawnbrokers
5142 11226 483 273 and

3903 11545 1096 279 "Sharks."

3222 11866 483 153 Strict
3744 11880 796 165 legislation
4565 11879 828 171 regulating
5398 11886 449 153 "loan

3101 12018 610 153 sharks"
3678 12037 351 135 and
4008 12032 982 165 pawnbrokers
4996 12040 211 141 In
5184 12040 298 141 the
5429 12039 339 147 Dis-

3104 12171 374 147 trict
3509 12181 238 135 of
3775 12181 750 159 Columbia
4571 12183 364 147 and
4981 12182 684 177 drawing
5657 12222 183 105 a

3087 12315 484 171 sharp
3541 12327 325 147 line
3822 12331 673 147 between
4467 12335 294 147 the
4729 12341 347 135 two
5036 12335 792 147 businesses

3065 12472 360 141 will
3418 12476 717 165 probably
4105 12484 246 141 be
4348 12484 298 141 the
4622 12489 371 135 first
5004 12489 354 135 law
5294 12488 464 141 affect-

3120 12616 312 165 ing
3459 12624 299 141 the
3759 12627 647 147 District
4460 12642 221 129 to
4713 12627 249 147 be
4997 12639 547 147 passed
5566 12638 267 153 by

3073 12768 733 165 Congress
3785 12805 274 111 on
4068 12780 239 141 its
4314 12785 526 135 return.
4914 12784 416 141 This
5344 12785 182 135 is
5532 12784 302 141 the

3088 12921 611 159 opinion
3700 12923 236 147 of
3921 12928 1153 165 Representative
5067 12929 766 159 Benjamin

3052 13072 259 141 K.
3343 13080 509 141 Focht
3865 13075 239 147 of
4096 13076 1047 165 Pennsylvania,
5195 13076 651 165 ranking

3091 13225 820 159 republican
3957 13253 274 111 on
4284 13227 305 147 the
4610 13228 548 141 House
5181 13227 644 147 District

3091 13340 801 165 committee,
3871 13344 414 141 who
4271 13348 696 141 returned
4959 13353 214 135 to
5161 13343 298 147 the
5444 13364 335 141 cap-

3116 13461 274 135 ital
3455 13457 461 159 today.

3208 13573 1154 159 Representative
4355 13575 502 147 Focht
4904 13576 176 141 is
5095 13576 741 141 chairman

3084 13688 229 141 of
3281 13723 183 99 a
3423 13688 539 165 special
3968 13692 1026 141 subcommittee
4964 13692 232 141 of
5173 13692 302 141 the
5421 13687 339 147 Dis-

3100 13814 363 129 trict
3467 13808 810 141 committee
4272 13813 354 135 that
4615 13813 332 135 has
4933 13808 390 141 held
5303 13811 476 147 exten-

3087 13929 356 135 sive
3452 13921 684 159 hearings
4137 13954 267 105 on
4408 13934 341 129 two
4748 13924 383 141 bills
5123 13921 723 159 affecting

3094 14040 705 141 so-called
3822 14045 450 135 "loan
4291 14035 613 147 sharks"
4941 14041 354 135 and
5302 14057 467 135 pawn-

3085 14151 619 171 brokers,
3733 14156 232 141 of
3949 14156 534 141 which
4446 14148 1153 165 Representative
5591 14157 216 135 L.

3067 14273 210 135 P.
3269 14266 454 177 Dyer
3687 14273 246 135 of
3880 14272 704 141 Missouri
4564 14273 371 135 and
4884 14265 906 159 Representa-

3096 14388 339 141 tive
3488 14385 609 159 George
4134 14384 610 141 Holden
4798 14380 760 141 Tinkham
5597 14375 239 147 of

3051 14504 1112 141 Massachusetts
4214 14525 324 111 are
4587 14496 633 141 authors.
5319 14496 512 141 These

3077 14611 704 171 hearings
3742 14625 431 135 have
4138 14612 643 165 brought
4780 14611 309 147 the
5031 14616 592 141 matter
5616 14617 221 135 to

3080 14735 418 147 such
3478 14764 233 117 a
3687 14738 463 153 stage
4183 14736 368 141 that
4560 14746 431 129 some
5022 14723 461 147 strict
5456 14722 404 153 >?nd

3067 14844 570 165 helpful
3713 14840 824 165 legislation
4540 14863 510 123 seems
5104 14831 479 171 likely
5591 14850 238 129 at

3074 15197 427 135 have
3455 15192 432 141 been
3831 15187 759 147 advanced
4552 15194 228 129 to
4731 15209 203 111 a
4887 15186 463 153 stage
5291 15180 547 141 where

3089 15300 405 165 they
3435 15302 383 153 will
3816 15296 601 165 require
4425 15295 333 147 less
4704 15296 512 141 work
5209 15292 214 141 In
5398 15307 415 123 com-

3034 15420 563 141 mittee
3610 15415 404 147 than
3999 15434 356 129 any
4356 15402 227 153 of
4612 15403 293 147 the
4909 15408 449 141 other
5355 15395 443 171 hang-

3081 15556 401 117 over
3456 15550 779 129 measures,
4267 15523 371 147 and
4635 15543 248 123 so
4851 15519 384 147 will
5251 15519 266 147 be
5533 15519 305 147 the

3086 15652 381 141 first
3455 15653 224 135 to
3641 15657 253 135 be
3884 15643 483 147 taken
4323 15661 277 135 up.

3521 15802 510 129 Street
3986 15789 736 159 Railway
4642 15786 736 153 Prahle^.

3171 15936 903 165 Legislation
4128 15942 224 129 to
4398 15928 562 141 relieve
5012 15927 309 147 the
5363 15928 482 141 street

3101 16054 621 153 railway
3692 16047 650 147 troubles
4336 16044 204 141 in
4516 16044 298 141 the
4757 16045 695 135 National
5418 16042 388 153 Cap-

3119 16172 281 141 ital
3367 16168 370 141 will
3758 16169 369 135 take
4098 16181 288 135 up
4315 16165 446 135 most
4745 16155 235 147 of
4968 16155 302 147 the
5257 16156 396 141 time
5613 16151 239 147 of

3117 16288 285 141 the
3405 16285 641 135 District
4091 16277 806 135 committee
4906 16364 33 21 .
4913 16269 573 159 during
5516 16267 339 147 thiB

3101 16394 574 153 session.
3742 16384 1181 165 Representative
4955 16379 503 147 Focht
5531 16385 266 135 be-

3112 16517 468 135 lieves.
3663 16513 191 135 It
3899 16509 180 135 is
4074 16534 193 105 a
4261 16501 685 159 problem
4935 16501 358 135 that
5298 16497 565 159 vitally

3098 16652 677 117 concerns
3803 16624 299 141 the
4101 16611 533 171 people
4640 16611 239 147 of
4889 16617 312 135 the
5196 16608 364 165 city,
5598 16611 267 147 he

3094 16742 366 153 said,
3454 16752 358 141 and
3773 16760 340 117 one
4054 16732 545 141 which
4599 16727 179 147 is
4747 16724 799 165 extremely
5495 16728 300 141 dif-

3092 16861 433 135 ficult
3553 16866 228 129 to
3798 16852 481 141 settle.
4374 16844 375 141 The
4798 16844 807 141 committee
5613 16864 248 117 as

3092 17002 393 105 now
3448 16962 868 153 constituted,
4330 16959 260 147 he
4582 16981 390 135 says,
4997 16961 330 135 has
5313 16985 257 111 no
5584 16960 212 141 in-

3100 17087 565 147 tention
3676 17080 228 141 of
3925 17072 704 165 reaching
4603 17093 371 135 any
4957 17072 664 141 decision
5606 17096 249 117 or

3089 17196 620 165 putting
3731 17188 633 165 through
4377 17213 361 135 any
4742 17193 310 135 bill
5090 17187 404 147 until
5559 17187 302 147 the

3055 17330 584 129 matter
3603 17347 333 99 can
3897 17312 246 141 be
4115 17307 554 147 settled
4642 17300 442 165 right.
5051 17294 319 153 He
5327 17300 451 165 point-

3098 17438 239 129 ed
3319 17442 302 129 out
3619 17433 344 135 that
3979 17424 295 141 the
4231 17425 555 135 Public
4740 17420 683 141 Utilities
5381 17420 441 141 Com-

3069 17549 621 135 mission
3698 17534 422 153 itself
4122 17546 169 129 is
4255 17541 312 135 not
4522 17530 405 153 well
4943 17527 682 147 informed
5600 17562 263 105 on

3108 17671 444 123 street
3558 17653 629 159 railway
4149 17644 727 165 problems,
4874 17649 354 135 and
5194 17649 340 135 has
5506 17646 347 153 had

3122 17783 204 123 to
3358 17772 311 141 call
3743 17768 205 141 in
3974 17763 713 147 so-called
4707 17757 772 159 "experts,"
5506 17760 347 141 and

3107 17890 413 129 after
3499 17889 288 135 the
3775 17883 764 147 testimony
4489 17872 242 141 of
4714 17877 432 135 these
5118 17874 729 153 "experts"

3110 18006 306 129 has
3405 18001 404 135 been
3791 17993 485 159 given
4295 17998 152 129 it
4479 17993 180 135 is
4655 17988 960 141 contradicted
5586 17990 277 153 by

3103 18117 441 135 other
3522 18105 717 159 "experts"
4225 18105 290 135 for
4499 18105 295 135 the
4766 18110 472 129 street
5231 18101 632 159 railway

3109 18226 780 153 companies.
3876 18225 452 135 Until
4350 18216 288 141 the
4623 18208 732 165 "experts"
5334 18237 493 135 agree,

3104 18346 243 129 he
3334 18344 355 141 said,
3738 18346 142 129 it
3864 18336 357 141 will
4221 18337 246 135 be
4487 18329 784 159 impossible
5262 18327 297 147 for
5559 18332 295 141 the

3084 18458 523 129 House
3567 18453 616 135 District
4174 18448 797 141 committee
4955 18454 225 129 to
5134 18465 394 135 pass
5502 18465 361 135 any

3120 18564 637 141 remedial
3768 18561 793 159 legislation.

3474 18745 664 159 People's
4074 18749 693 135 Demand
4700 18744 713 141 Awaited.

3237 18893 354 135 The
3594 18892 542 141 House
4126 18891 640 147 District
4804 18891 798 147 committee
5664 18893 187 135 is

3107 19013 576 135 anxious
3689 19028 193 117 to
3880 19013 432 135 reach
4286 19037 193 111 a
4455 19007 606 147 solution
5025 19013 514 135 which
5494 19013 333 135 will

3108 19130 253 129 do
3320 19150 440 129 away
3711 19128 416 141 with
4097 19127 308 147 the
4374 19125 665 159 repeated
5031 19128 622 141 increase
5613 19124 235 141 of

3128 19245 415 135 fares
3530 19249 323 135 and
3809 19244 352 141 will
4154 19273 540 111 assure
4674 19241 417 159 good
5064 19244 567 141 service
5610 19249 235 135 at

3105 19391 183 99 a
3262 19365 477 135 stable
3717 19370 349 129 rate
4044 19369 217 135 to
4243 19364 295 141 the
4505 19336 541 189 public.'
5052 19359 325 147 He
5338 19361 512 159 points

3115 19491 288 123 out
3426 19481 336 135 that
3774 19480 281 141 the
4038 19477 672 159 problem
4691 19481 187 135 is
4857 19475 238 147 of
5074 19476 777 165 particular

3146 19601 556 135 interest
3719 19606 214 129 to
3890 19593 727 159 Congress
4594 19594 627 153 because
5223 19599 291 147 the
5464 19626 339 105 ma-

3126 19713 458 159 jority
3540 19712 221 141 of
3751 19713 427 159 those
4109 19721 393 135 who
4469 19744 324 117 use
4764 19720 301 141 the
5027 19725 478 135 street
5468 19745 386 111 cars

3114 19866 293 105 are
3391 19836 287 141 the
3640 19838 506 153 people
4100 19866 260 105 on
4278 19840 566 141 whom
4741 19835 505 171 Upcle
5195 19840 430 141 Sam
5545 19835 253 147 de-

3109 19953 470 159 pends
3602 19962 207 129 to
3805 19964 293 141 get
4123 19955 284 147 the
4414 19957 993 159 government's
5379 19961 483 135 work

3108 20074 393 129 done.

3269 20189 525 135 "When
3825 20192 281 141 the
4109 20188 513 165 people
4621 20192 245 141 of
4883 20191 305 147 the
5146 20191 679 147 National

3085 20300 538 165 Capital
3675 20304 484 141 decide
4152 20313 430 135 what
4634 20314 376 153 they
4989 20322 433 129 want
5452 20312 388 141 done

3095 20451 292 99 we
3364 20421 339 135 will
3732 20421 250 135 do
3972 20450 312 105 our
4296 20429 361 135 best
4672 20434 221 129 to
4879 20435 323 147 put
5227 20426 634 153 through

3127 20541 287 135 the
3447 20534 852 153 legislation."
4310 20540 369 141 said
4644 20544 324 141 Mr.
4987 20541 515 159 Focht,
5533 20554 308 129 not

3108 20659 384 147 only
3443 20658 403 129 with
3833 20654 694 153 reference
4523 20671 210 123 to
4719 20665 291 135 the
5000 20667 809 147 transporta-

3137 20775 321 171 tion
3441 20769 624 159 problem,
4081 20772 305 141 but
4391 20787 214 123 to
4578 20781 259 135 all
4860 20742 787 201 legislation
5644 20781 211 135 in

3078 20888 518 141 which
3563 20894 280 129 the
3820 20892 678 141 residents
4444 20892 239 141 of
4658 20901 284 135 the
4869 20895 640 147 District
5432 20921 430 135 may
5841 20867 23 219 j

3106 21013 244 135 be
3339 21009 717 135 interested.

3273 21282 748 273 MOBS
3968 21280 681 285 STOP
4636 21293 946 279 JUBILEE.

3054 21651 1280 171 Anti-Cbristians
4411 21656 248 165 in
4685 21659 558 171 TokSo
5272 21667 562 171 Twice

3567 21863 691 171 Disturb
4209 21865 1077 183 Salvationists.

3174 22101 601 159 TOKIO.
3810 22107 782 147 November
4643 22106 1127 177 15.?Anti-Chris-

3110 22260 343 141 tian
3419 22265 473 135 mobs
3918 22266 426 129 twice
4345 22264 481 141 broke
4825 22288 274 141 up
5082 22275 751 147 Salvation

3074 22414 498 153 Army
3586 22405 529 159 jubilee
4134 22410 906 153 celebrations
5053 22423 390 147 here
5450 22454 321 129 yes-

3111 22566 521 153 terday.
3696 22561 540 159 Gangs
4221 22565 228 135 of
4454 22567 661 147 students
5097 22571 747 171 dispersed

3093 22746 260 105 an
3356 22714 664 153 open-air
4022 22712 763 165 gathering,
4793 22729 497 135 while
5289 22759 183 99 a
5427 22732 421 141 mob

3134 22858 585 177 inv%ded
3688 22891 253 99 an
3939 22855 493 147 indoor
4374 22868 677 165 meeting,
5062 22886 352 129 tore
5373 22876 471 141 down

3111 22984 295 141 the
3469 22976 878 141 decorations
4399 22985 356 135 and
4825 22992 638 141 silenced
5540 22996 308 141 the

3105 23091 684 171 speakers.

3179 23208 645 165 Officials
3820 23210 222 129 of
4069 23213 278 135 the
4344 23215 725 147 Salvation
5039 23225 505 159 Army
5521 23233 253 135 de-

3102 23329 425 135 clare
3570 23322 378 153 they
3961 23324 566 141 believe
4567 23339 281 123 the
4876 23345 962 135 disturbances
5834 23401 33 87 {

3079 23471 432 99 were
3511 23437 699 135 fomented
4192 23438 260 153 by
4402 23438 775 153 Buddhists.

3009 23668 1448 477 Today's
4297 23691 1064 411 News

3610 24036 465 357 in
3915 23990 1987 513 Paragraphs

3091 24329 43 183 !
3102 24382 847 129 Kx-Senator
3934 24374 390 129 Root
4353 24407 354 99 sure
4716 24390 814 153 republicans
5500 24400 333 141 will

3098 24501 33 159 j
3241 24485 584 159 develop
3780 24483 688 147 workable
4452 24488 362 165 plan
4814 24499 247 147 for
5045 24515 812 147 association

3091 24566 43 249 |
3240 24609 214 135 of
3447 24610 554 129 nations.
4435 24628 1279 165 Page
5718 24642 113 129 1

3116 24762 388 129 Late
3568 24760 556 141 reports
4214 24752 406 141 from
4641 24762 537 153 Greece
5275 24784 576 141 indicate

3230 24869 729 135 Venizelos'
3953 24858 503 153 defeat.
5293 24891 422 171 Page
5715 24905 123 135 1

3113 25022 559 153 League
3700 25012 207 141 of
3944 25016 565 141 nations
4523 25044 444 141 opens
5002 25047 601 147 sessions
5618 25063 228 123 at

3226 25141 589 135 Geneva.
4131 25160 859 165 Page
5712 25173 133 135 1

3101 25288 568 141 Citizen
3702 25279 723 147 federation
4462 25280 496 165 invited
4991 25313 203 135 to
5171 25326 438 129 meet
5615 25330 231 129 at

3248 25406 340 153 post
3577 25396 421 141 office.
4236 25428 728 165 Page
5705 25436 143 141 1

3107 25542 866 153 D'Annunzio
3985 25554 448 129 seizes
4444 25547 640 171 disputed
5079 25600 385 117 zone.

5276 25692 422 165 Page
5709 25700 143 141 2

3098 25813 33 63 '
3099 25816 402 141 Two
3496 25824 669 117 actresses
4195 25808 435 141 found
4636 25825 397 135 dead
5062 25832 187 141 in
5230 25835 638 171 Chicago

3262 25929 446 135 under
3717 25917 987 159 circumstances
4687 25935 490 147 which
5206 25951 651 147 indicated

3222 26035 584 147 murder.
3853 26068 371 165 Page
4190 26081 170 135 2

3121 26203 521 123 Storm
3591 26176 569 165 holding
4128 26206 253 129 up
4323 26177 749 183 Harding's
5049 26209 436 159 plans.

5305 26328 418 165 Page
5709 26336 143 141 2

3125 26440 1065 165 Superintendent
4224 26445 207 135 of
4472 26458 310 129 ash
4818 26455 695 171 collection
5537 26509 263 111 an-

3249 26584 606 117 nounces
3816 26557 532 135 winter
4330 26562 638 153 schedule.
5294 26587 428 171 Page
5706 26605 153 135 2

3099 26712 366 141 Gen.
3478 26704 214 141 E.
3691 26704 246 141 M.
3918 26704 645 141 Weaver
4548 26710 344 153 dies.
5285 26729 422 183 Page
5702 26753 153 135 3

3097 26866 562 129 Rumor
3612 26853 211 135 of
3814 26853 280 135 the
4029 26849 826 159 withdrawal
4817 26873 223 135 of
4969 26876 238 141 U.
5183 26885 189 135 8.
5393 26898 476 153 troops

3265 26974 403 129 from
3621 26969 612 135 Coblenz
4246 26968 348 141 fails
4610 26991 203 123 to
4798 26979 341 147 halt
5116 26993 748 159 American

3249 27080 696 141 activities
3936 27076 422 141 there.
4643 27107 1067 171 Page
5699 27125 163 135 6

3109 27224 722 165 Freighter
3813 27223 655 147 wrecked
4461 27261 256 111 on
4702 27236 653 165 Pancake
5374 27263 488 147 shoals

3248 27346 524 153 during
3704 27355 459 123 worst
4139 27359 492 123 storm
4587 27357 193 135 in
4718 27355 436 147 Lake
5114 27368 758 165 Superior's

3252 27458 551 153 history.
3858 27484 344 165 Page
4199 27501 140 135 4

3125 27603 527 147 Struck
3617 27601 249 159 by
3853 27614 449 129 street
4290 27631 294 123 car.
4585 27615 349 147 dies
4939 27625 190 135 in
5108 27628 600 165 hospital.

5236 27743 422 171 Page
5666 27760 186 141 13

3116 27872 748 141 Children's
3842 27867 647 147 Welfare
4536 27875 560 171 Society
5126 27915 431 123 cares
5595 27914 261 129 for

3248 27988 499 141 babies
3715 28004 205 117 at
3915 27993 349 135 nine
4246 28001 550 135 centers.
5241 28013 422 159 Page
5669 28029 193 135 1?

3099 28136 616 141 Marconi
3782 28158 652 129 company
4465 28147 431 147 plans
4944 28158 921 153 transatlantic

3231 28254 628 129 wireless
3857 28245 470 159 phone
4341 28265 531 135 service.
5220 28267 415 171 Page
5669 28289 180 135 18

3118 28395 488 147 School
3610 28401 794 135 authorities
4394 28413 633 135 estimate
5035 28419 374 147 1,000
5378 28429 491 159 pupils

3245 28513 302 135 will
3573 28514 238 129 be
3805 28515 711 147 promoted
4526 28530 203 129 to
4717 28519 380 171 high
5098 28536 548 141 schools
5674 28554 184 129 in

3248 28620 692 165 February.
5225 28643 418 171 Page
5649 28660 204 141 31

3105 28777 812 135 Committee
3895 28783 554 147 reports
4439 28794 221 129 to
4609 28788 436 141 New
4975 28788 440 141 York
5358 28807 505 123 meet-,

3282 28891 273 147 ing
3521 28885 417 135 Jews
3961 28890 174 129 In
4117 28891 555 147 Poland
4654 28904 637 141 continue
5310 28905 187 135 in
5481 28901 286 159 piti-

3233 29000 368 141 able
3598 28994 668 153 condition.
5206 29015 425 171 Page
5645 29029 207 159 Zi

5779 2995 1183 747 HEROIC
6827 2995 955 747 FIGHT
7647 2995 991 747 FAILS

5811 3655 607 723 AS
6183 3655 1583 723 WRANGEL
7591 3655 1063 723 ARMY

5915 4291 2763 747 LOSESSEBASIOPOL

5841 5206 1237 321 Unexampled
7020 5211 893 315 Courage
7882 5215 751 267 Shown

5884 5593 173 159 x
6067 5532 236 261 in
6227 5526 939 321 Covering
7097 5531 625 315 Flight
7685 5536 271 261 of
7893 5531 455 267 Ter-

6398 5854 584 273 rified
6918 5851 1107 315 Population.

5816 6331 1077 291 TROTSKY
6798 6354 999 273 LEADING
7725 6353 670 303 REDS,

6210 6661 663 279 WHO
6810 6669 966 279 NUMBER
7766 6667 871 315 150,000

5810 7159 887 219 Bolshevik
6650 7176 601 213 Forces
7250 7186 648 201 Control
7914 7182 655 249 Crimea,

6030 7413 681 207 Commit
6628 7423 607 243 Many
7177 7425 1230 255 Crimes?Early

6377 7664 514 213 Frost
6812 7669 570 255 Helps
7298 7681 682 207 Victors.

6112 7913 355 135 by
6448 7923 1181 147 (o\sta\tixe
7605 7941 667 135 iiroavx.

5880 8063 204 147 lij
6049 8065 388 135 Cable
6431 8089 166 111 to
6550 8082 299 129 The
6826 8096 302 117 Star
7127 8080 746 165 amFfhleago
7823 8099 396 147 Daily
8182 8105 384 135 News.
8594 8161 33 39 ?

6771 8196 601 141 I'opyrijfht,

5941 8304 1468 189 CONSTANTINOPLE,
7386 8331 615 171 Turkey.
7971 8343 611 147 Novem-

5860 8472 308 141 ber
6160 8468 1098 189 15.?Sebastopol
7283 8497 173 135 is
7462 8501 195 135 in
7654 8504 282 141 the
7916 8508 484 141 bands
8376 8508 215 141 of

5871 8646 292 129 the
6176 8638 796 177 bolsheviki,
7006 8655 780 171 according
7802 8684 207 117 to
8009 8677 591 135 advices

5862 8800 647 165 received
6480 8817 395 135 here.

5958 8967 449 147 Some
6398 8987 573 147 reports
6946 9014 314 105 are
7265 8992 345 141 that
7618 8996 425 141 there
7986 9033 386 111 was
8356 9030 250 105 no

5860 9134 467 153 panic,
6332 9136 306 141 bat
6624 9144 519 141 others
7136 9173 319 135 say
7452 9156 423 141 there
7819 9180 459 117 were
8253 9161 287 135 dis-

5868 9295 747 147 turbances
6580 9309 347 135 and
6885 9301 672 183 shooting.

5946 9460 368 141 The
6301 9465 679 159 question
6967 9502 248 105 as
7231 9486 218 129 to
7455 9484 288 141 the
7737 9484 631 165 disposal
8380 9493 228 135 of

5875 9625 292 135 the
6162 9615 676 171 refugees
6850 9636 170 141 is
7016 9643 799 171 occupying
7804 9652 298 141 the
8093 9657 455 135 atten-

5878 9783 339 147 tion
6204 9793 232 135 of
6432 9792 302 141 the
6710 9794 473 153 allies.
7218 9803 362 147 The
7541 9815 787 147 American
8318 9846 228 105 re-

5877 9948 296 141 lief
6180 9953 968 159 organization
7146 9968 391 141 held
7545 10006 183 105 a
7694 9976 692 165 meeting
8395 9991 211 123 to

5860 10112 504 141 decide
6410 10115 460 147 what
6915 10147 761 123 measures
7761 10144 536 141 should
8361 10140 246 141 be

5885 10281 455 135 taken.

5945 10405 362 135 The
6283 10401 597 159 British,
6915 10442 254 105 on
7161 10439 611 123 account
7787 10437 215 135 of
8034 10437 285 135 the
8350 10437 195 135 in-

5882 10529 454 135 terior
6374 10532 417 141 labor
6794 10530 706 177 situation,
7502 10556 364 141 will
7900 10576 292 117 not
8238 10561 366 135 take

5860 10678 351 129 any
6213 10661 459 135 other
6715 10664 386 141 than
7125 10698 183 105 a
7321 10685 569 135 neutral
7936 10689 641 135 attitude.

5845 10781 454 159 They
6257 10805 319 135 say
6554 10784 381 165 they
6884 10791 572 147 offered
7441 10810 208 129 to
7605 10810 738 153 negotiate
8332 10818 280 129 for

5853 10939 260 99 an
6170 10911 740 147 armistice
6935 10925 442 135 with
7462 10933 285 135 the
7812 10933 805 159 bolshevik*

5826 11035 621 147 months
6441 11066 347 129 ago,
6829 11042 306 153 but
7175 11052 344 141 that
7507 11061 378 135 Gen.
7869 11057 714 159 Wrangel

5873 11165 584 135 refused.

5910 11286 749 153 Whether
6623 11298 579 153 Greece
7173 11303 364 147 will
7538 11317 539 159 accept
8070 11350 193 105 a
8236 11316 370 165 part

5867 11421 207 135 of
6139 11420 284 141 the
6469 11424 667 165 refugees
7172 11432 632 165 depends
7845 11465 424 135 upon
8323 11450 285 129 the

5866 11548 615 141 election
6454 11562 225 129 at
6669 11560 459 141 home.

6362 11751 467 147 Reds
6781 11764 685 141 Overran
7409 11771 612 147 Crimea.

5950 11927 958 171 Simpheropol,
6954 11945 528 159 capital
7508 11957 222 135 of
7718 11952 669 165 Taurida,
8441 11961 171 159 ig

5883 12061 198 135 in
6062 12060 302 141 tha
6309 12065 494 135 hands
6761 12069 231 135 of
6974 12068 289 141 the
7238 12077 310 135 red
7508 12080 612 165 cavalry,
8086 12084 528 141 which

5853 12188 735 141 advanced
6634 12193 586 159 rapidly
7250 12205 351 135 and
7652 12208 606 141 ordered
8326 12218 292 129 the

5798 12309 726 159 Wrangel
6527 12315 491 147 forces
6999 12324 214 141 to
7178 12333 762 135 surrender.
7914 12336 365 141 The
8249 12336 277 141 bol-

5865 12441 538 135 shevik
6442 12445 494 135 forces
6962 12474 328 105 are
7324 12452 962 165 overrunning
8326 12461 289 135 the

5832 12565 515 135 whole
6324 12570 218 129 of
6550 12569 292 135 the
6798 12567 603 147 Crimea.

5938 12693 365 135 The
6332 12693 443 135 latest
6790 12708 581 141 reports
7377 12704 446 141 from
7782 12708 804 165 Sebastopol

5846 12841 317 111 are
6163 12821 337 135 that
6519 12821 295 135 the
6795 12816 364 165 city
7158 12830 170 129 is
7350 12829 184 135 in
7509 12849 462 135 great
7956 12836 649 141 disorder
8599 12791 43 243 j

5843 12944 357 141 and
6176 12944 350 141 that
6535 12945 567 159 looting
7050 12953 347 135 and
7360 12957 456 135 other
7795 12964 533 141 crimes
8297 12994 314 105 are
8602 12923 33 219 j

5862 13073 666 159 rampant.
6542 13072 365 141 The
6869 13098 491 129 quays
7329 13106 310 105 are
7630 13082 622 153 jammed
8182 13092 428 141 with
8602 13083 33 171 |

5871 13201 292 135 the
6172 13196 670 165 baggage
6840 13206 222 129 of
7082 13201 663 159 refugees
7772 13208 622 165 seeking
8402 13221 211 135 to
8602 13206 33 153 !

5862 13346 525 129 escape
6400 13320 439 141 from
6830 13324 289 141 the
7130 13324 347 165 city.
7534 13337 292 135 All
7881 13336 278 141 the
8177 13336 430 165 ships
8602 13302 33 105 '

5852 13454 232 129 of
6063 13453 295 135 the
6299 13452 492 141 allied
6738 13448 380 141 fleet
7077 13483 314 99 are
7386 13457 198 135 in
7559 13461 292 135 the
7816 13464 542 141 harbor.
8598 13432 33 213 |

5938 13576 369 141 The
6295 13576 766 141 American
7053 13579 384 147 Red
7429 13585 479 135 Cross
7920 13592 344 141 and
8243 13593 345 135 Ad-
8598 13593 33 135 i

5826 13704 464 141 miral
6258 13695 705 171 McCully
6934 13729 324 111 are
7257 13703 475 171 ready
7731 13723 214 123 to
7957 13705 422 159 leave
8370 13726 225 129 at
8598 13693 33 183 i

5872 13832 298 141 the
6163 13833 311 135 last
6422 13841 670 135 moment.

5918 13960 365 141 The
6257 13965 622 135 remains
6841 13960 239 141 of
7018 13965 382 135 Gen.
7335 13959 852 171 Wrangel's
8138 13998 462 129 army
8587 13920 43 189 I

5832 14073 743 159 displayed
6542 14076 926 165 unexampled
7442 14084 673 141 heroism
8072 14092 519 141 before
8587 14064 43 165 i

5826 14189 823 159 Sebastopol.
6638 14208 235 117 at
6859 14198 292 129 the
7107 14203 465 147 gates
7533 14206 232 129 of
7709 14209 528 135 which
8222 14210 381 153 they
8587 14165 43 183 !

5845 14305 526 159 fought
6344 14339 173 99 a
6469 14305 558 159 bloody
6983 14313 484 135 battle
7470 14317 194 135 in
7616 14321 453 135 order
8050 14335 211 123 to
8220 14351 304 123 per-

5806 14424 344 141 mit
6136 14424 291 141 the
6399 14445 535 135 escape
6892 14424 236 141 of
7110 14427 295 147 tfie
7382 14432 627 141 terrified
7984 14439 538 147 popula-

5858 14545 329 135 tion.

5910 14660 449 141 Here
6419 14661 194 135 in
6618 14654 1148 177 Constantinople
7800 14677 295 135 the
8118 14675 469 147 allies

5835 14768 993 165 requisitioned
6724 14775 340 171 All
7064 14780 236 141 of
7300 14783 297 147 the
7558 14779 715 171 Prinkipo
8242 14797 347 135 and

5815 14890 736 153 Bosporus
6529 14888 737 165 buiialngs
7263 14901 221 135 to
7461 14895 551 147 shelter
8015 14909 295 135 the
8278 14938 242 105 ar-

5839 15001 524 159 riving
6394 15000 746 165 refugees.,
7106 15012 424 141 who
7510 15042 351 105 uru
7894 15016 721 165 bringing

5844 15111 411 147 tales
6209 15116 235 141 of
6403 15109 549 159 feafful
6938 15110 749 177 slaughter
7641 15153 267 111 on
7873 15132 308 141 the
8141 15135 453 147 fields

5826 15232 248 141 of
6041 15231 509 147 battle.

5912 15342 474 153 Leon
6336 15339 675 171 Trotsky,
7048 15352 402 165 they
7427 15376 339 141 say.
7811 15369 180 135 is
7975 15384 554 141 person-

5837 15456 370 165 ally
6240 15454 590 177 leading
6836 15468 298 141 the
7151 15463 388 171 reds,
7541 15480 424 141 who
7988 15488 607 141 number

5863 15573 534 159 150,000.

5956 15693 201 135 It
6207 15697 187 135 is
6414 15697 673 159 reported
7104 15703 358 147 that
7503 15708 292 141 the
7802 15711 780 147 bolshevist
8584 15724 53 165 j

5850 15813 610 135 soldiers
6447 15837 455 111 were
6887 15821 483 135 made
7382 15825 390 135 bold
7771 15834 357 129 and
8153 15837 433 135 reck-
8588 15796 53 165 !

5872 15921 329 135 less
6177 15922 267 153 by
6419 15929 591 135 cocaine
6985 15933 351 135 and
7304 15932 550 165 opium
7824 15937 734 159 injections.
8588 15919 53 171 !

5816 16037 385 135 Gen.
6144 16033 862 159 Wrangel's
6965 16043 574 147 officers
7522 16048 539 165 fought
8033 16086 242 105 as
8242 16062 265 153 pri-

5842 16148 396 141 vate
6222 16147 618 147 soldiers.
6920 16235 126 75 x

5968 16265 190 135 It
6206 16269 177 135 is
6387 16263 369 147 said
6756 16272 390 141 here
7166 16280 351 141 that
7492 16288 388 141 Gen.
7855 16289 729 159 Wrangel

5852 16376 323 141 has
6135 16380 502 141 asked
6606 16390 849 153 permission
7439 16411 214 123 to
7631 16430 436 105 cross
8024 16408 531 141 Ruma-

5849 16497 315 135 nia
6086 16497 449 135 with
6500 16494 463 153 30.000
6950 16509 499 159 troops,
7418 16521 446 135 with
7846 16520 288 141 the
8134 16524 414 141 inten-

5867 16608 356 141 tion
6189 16608 235 141 of
6414 16611 696 171 reaching
7051 16623 589 147 Odessa.

6353 16798 570 153 braes
6855 16813 657 159 Moving
7432 16816 609 165 Appeal.

5914 16980 269 141 M.
6175 16976 757 165 Krashine,
6930 16992 378 141 Gen.
7279 16990 848 177 Wrangel's
8117 17008 486 165 prime

5819 17092 712 165 minister,
6529 17099 326 147 has
6866 17104 486 141 issued
7310 17138 193 105 a
7431 17117 657 159 moving
8032 17134 541 153 appeal.

6019 17209 416 159 "The
6516 17223 964 147 continuation
7546 17229 275 159 of,
7841 17242 765 153 American

5859 17323 507 171 help,"
6362 17332 256 141 he
6626 17353 390 135 says,
7051 17344 272 141 "is
7318 17383 193 99 a
7467 17351 588 147 matter
8056 17365 229 135 of
8326 17368 281 141 life

5873 17448 354 141 and
6194 17448 490 141 death
6683 17463 225 123 to
6909 17455 755 147 thousands
7656 17473 225 135 of
7857 17481 723 135 wounded
8603 17481 43 159 j

5888 17560 891 141 frost-bitten
6766 17564 622 165 soldiers,
7398 17581 347 135 and
7747 17581 441 159 these,
8178 17597 438 135 with
8610 17604 33 93 :

5839 17698 515 129 many
6320 17701 596 111 women
6909 17690 351 129 and
7262 17684 646 165 children,
7914 17719 445 123 must
8443 17708 166 141 if
8610 17685 33 183 |

5876 17797 298 135 not
6146 17784 542 165 helped,
6677 17791 307 147 die.
6975 17821 409 111 even
7382 17801 163 135 if
7527 17805 385 159 they
7868 17841 300 111 are
8149 17825 471 135 saved
8617 17839 23 75 :

5891 17910 439 129 from
6271 17909 767 135 bolshevist
7013 17916 737 141 atrocities.
7803 17920 457 165 Help
8225 17936 386 141 here
8617 17942 23 33 '

5910 18021 172 135 is
6064 18026 302 129 not
6345 18020 723 141 available.
7094 18023 361 147 We
7440 18057 310 111 are
7755 18035 583 171 leaving
8319 18052 295 141 the

5854 18131 613 147 Crimea
6464 18136 283 141 for
6734 18161 263 111 an
6997 18138 728 153 unknown
7717 18154 857 153 destination
8610 18147 33 171 I

5873 18248 577 165 hoping
6423 18252 348 141 that
6736 18252 381 141 God
7082 18256 350 141 and
7429 18264 278 141 the
7686 18270 419 153 good
8085 18282 526 153 people

5849 18369 357 135 will
6221 18374 302 129 not
6533 18369 509 135 allow
6997 18398 250 105 us
7255 18388 221 117 to
7465 18383 618 147 perish."

5998 18481 362 135 The
6368 18476 627 165 tragedy
7002 18485 180 135 is
7158 18510 193 105 a
7315 18505 445 135 great
7772 18523 328 123 one,
8130 18504 290 141 for
8443 18513 159 135 it

5907 18593 176 135 is
6118 18594 773 153 impossible
6910 18602 215 129 to
7109 18602 598 153 provide
7728 18608 276 141 for
8026 18617 285 135 the
8311 18620 229 141 de-

5870 18715 605 147 parture
6504 18709 239 135 of
6731 18732 464 117 mere
7236 18717 393 135 than
7650 18719 371 147 half
8044 18733 229 135 of
8319 18741 292 135 the

5865 18823 473 147 80,000
6305 18817 533 159 people
6774 18825 411 135 who
7149 18854 306 105 are
7447 18833 524 159 trying
7957 18851 208 123 to
8155 18849 419 135 leave

5846 18941 445 135 with
6268 18940 298 141 the
6550 18945 739 135 remnants
7245 18944 232 141 of
7453 18983 183 99 a
7588 18960 713 141 wounded
8270 18959 347 147 and

5869 19048 501 165 dying
6333 19073 458 135 army
6799 19050 868 177 attempting
7655 19073 218 135 to
7862 19101 457 111 cover
8329 19089 278 135 the

5886 19167 947 147 embarkation.
6919 19172 371 141 The
7286 19200 454 117 cause
7736 19185 232 135 of
7982 19191 288 147 the
8267 19200 284 141 dis-

5863 19294 456 129 aster
6261 19309 382 111 was
6632 19289 295 135 the
6914 19290 456 153 early
7333 19289 412 159 frost,
7730 19304 548 141 which
8233 19329 315 135 per-

5850 19396 577 141 mitted
6451 19400 289 141 the
6771 19400 383 141 reds
7187 19409 221 135 to
7424 19403 481 171 bring
7905 19442 268 129 up
8210 19423 409 147 their

5873 19513 510 159 heavy
6340 19538 436 129 guns.

5993 19632 597 141 France
6586 19628 330 141 has
6917 19637 312 135 not
7235 19648 769 141 consented
8026 19652 211 141 to
8237 19674 311 129 per-

5843 19749 347 135 mit
6216 19749 295 135 the
6512 19748 625 141 removal
7160 19748 232 141 of
7404 19751 295 147 the
7714 19755 669 171 refugees
8399 19782 218 129 to

5843 19869 693 135 Morocco.

6338 20013 633 135 Raman
6877 20012 296 141 Ian
7108 20018 980 153 Mobilization.

5988 20160 190 141 It
6219 20160 176 141 is
6423 20156 577 141 learned
6996 20159 383 147 here
7402 20172 348 141 that
7742 20179 589 147 Batum
8297 20188 343 141 has

5859 20281 424 135 been
6238 20281 771 135 evacuated
6960 20281 350 135 and
7306 20284 337 141 that
7604 20290 736 153 Rumania
8301 20314 315 129 has

5861 20396 623 141 ordered
6487 20390 295 153 the
6769 20393 698 159 complete
7430 20410 971 153 mobilization
8395 20429 222 135 of

5865 20512 322 141 her
6193 20513 502 135 forces.
6803 20508 187 141 It
7030 20513 170 135 is
7203 20523 669 147 reported
7886 20537 337 135 that
8214 20540 368 141 Gen

5850 20625 809 159 Budenny's
6667 20624 618 165 cavalry
7302 20638 166 129 is
7476 20652 885 141 commanded
8368 20662 257 153 by

5839 20749 650 135 German
6471 20743 569 147 officers,
7062 20754 337 129 that
7419 20748 152 141 it
7591 20757 173 135 is
7714 20769 377 135 well
8099 20773 476 159 equip-

5865 20860 328 165 ped
6150 20860 350 141 and
6467 20861 351 135 that
6805 20855 176 147 it
6955 20885 376 111 uses
7280 20891 332 123 gas
7614 20872 187 141 in
7798 20881 235 135 its
7981 20892 610 141 attacks.

5944 20980 378 141 The
6311 20976 782 141 immediate
7045 20985 467 135 needs
7473 20989 232 135 of
7698 20992 278 141 the
7961 21001 655 159 refugees
8621 20973 23 135 :

5832 21062 710 321 frriving
6494 21092 396 141 here
6865 21093 406 135 have
7246 21096 411 141 been
7626 21111 687 147 provided
8298 21125 287 135 for.

5972 21217 243 135 he
6203 21208 605 141 French
6775 21204 696 165 military
7462 21246 313 105 are
7784 21229 543 159 caring
8340 21236 283 141 for

5874 21333 297 135 900
6139 21324 350 141 and
6494 21319 288 147 the
6748 21329 653 135 Russian
7387 21332 677 165 embassy
8046 21344 293 141 for
8329 21352 287 141 300

5861 21442 482 153 badly
6302 21436 723 141 wounded
6990 21470 399 105 men.
7468 21453 371 135 The
7849 21468 764 141 remainder

5864 21565 232 135 of
6106 21561 285 135 the
6396 21549 463 159 14,000
6858 21553 665 159 refugees
7498 21594 321 105 are
7815 21602 243 105 on
8034 21580 493 141 Ameri-

5864 21706 329 105 can
6194 21672 347 141 and
6549 21673 462 135 other
7026 21669 434 159 ships
7510 21681 184 135 in
7727 21689 285 135 the
8036 21691 548 147 harbor

5841 21793 438 135 with
6278 21784 685 141 sufficient
7000 21789 362 135 food
7388 21793 277 135 for
7694 21801 289 135 the
7992 21761 593 207 present'

5843 21903 729 147 Admirals
6519 21896 685 165 McCully
7198 21909 304 135 :.nd
7459 21910 818 153 Brousseau
8255 21958 294 105 car-

5864 22025 368 135 ried
6228 22026 302 129 out
6555 22017 285 135 the
6847 22019 939 147 embarkment
7805 22034 773 177 splendidly.

5947 22145 381 135 Gen.
6365 22134 713 153 Wrangel
7133 22141 470 135 made
7669 22155 670 147 speeches
8430 22174 177 129 in

5858 22248 796 165 Sebastopol
6696 22249 563 159 urging
7267 22257 288 135 the
7538 22269 716 159 working
8211 22304 406 117 men
8610 22248 33 189 I

5861 22391 309 123 not
6164 22382 228 129 to
6380 22372 419 141 leave
6763 22368 315 141 but
7079 22383 214 123 to
7255 22373 317 135 aid
7574 22376 184 141 in
7777 22378 577 177 loading
8334 22400 281 141 the

5873 22493 435 159 ships.
6383 22489 407 135 Part
6795 22484 218 141 of
7027 22489 292 135 the
7289 22488 380 141 Red
7649 22495 478 147 Cross
8129 22525 483 135 stores

5830 22637 453 111 were
6261 22601 763 159 destroyed
6996 22595 569 171 during
7549 22607 392 147 their
7924 22621 622 159 distribu-

5876 22729 349 135 tion
6189 22723 533 147 owing
6691 22732 221 117 to
6862 22743 193 99 a
7029 22716 293 141 fire
7288 22733 549 135 caused
7804 22729 260 159 by
8049 22745 278 135 the
8305 22775 306 123 use

5857 22840 245 165 of
6060 22836 607 141 candles.

5977 22956 197 141 It
6191 22952 166 141 is
6341 22958 302 129 not
6634 22948 555 141 known
7141 22951 537 147 where
7678 22965 285 135 the
7954 22968 651 165 refugees

5834 23072 367 141 will
6194 23065 810 159 eventually
6960 23069 235 135 be
7187 23072 543 141 located.
7801 23084 439 141 Some
8216 23092 408 165 hope

5879 23192 351 141 that
6228 23185 632 135 colonies
6836 23183 343 147 will
7201 23184 242 141 be
7449 23191 631 147 founded
8067 23239 257 99 on
8330 23215 281 147 the

5870 23309 518 135 shores
6380 23296 225 141 of
6620 23297 279 135 the
6867 23298 621 153 Aegean
7474 23334 303 105 sea.

6392 23449 611 135 British
6974 23446 446 153 Navy
7371 23455 644 147 Neutral.

5985 23582 739 153 LONDON,
6700 23584 775 141 November
7462 23597 190 135 15
7663 23602 274 153 (by
7924 23614 260 129 the
8138 23624 457 141 Asso-
8596 23542 53 249 !

5878 23711 502 147 ciated
6361 23699 895 147 Press).?As
7235 23708 477 141 Great
7721 23717 584 159 Britain
8300 23741 309 135 has

5876 23860 471 117 never
6310 23820 812 165 recognized
7106 23828 285 141 the
7298 23826 713 177 Wrangel
7990 23880 560 117 govern-

5846 23969 460 135 ment
6299 23961 202 135 in
6461 23953 484 135 South
6888 23948 580 141 Russia
7417 23966 344 129 and
7731 23994 390 105 now
8105 23986 163 129 is
8244 24007 310 123 pro-

5875 24087 624 147 ceeding
6461 24073 435 135 with
6892 24073 929 159 negotiations
7832 24090 575 177 aiming
8395 24119 205 123 at

5898 24217 281 135 the
6192 24200 647 165 opening
6835 24197 208 135 of
7089 24201 415 135 trade
7529 24210 679 153 relations
8203 24234 418 129 with

5878 24336 488 141 soviet
6349 24323 587 147 Russia,
6993 24321 275 135 the
7259 24323 594 147 British
7848 24361 421 135 navy
8237 24353 367 135 will

5871 24459 640 147 continue
6518 24459 200 123 to
6685 24446 583 129 observe
7269 24454 418 129 strict
7687 24463 730 171 neutrality
8433 24481 177 135 in

5903 24585 280 135 ?the
6143 24562 519 153 Black
6626 24584 310 117 sea,
6979 24562 152 129 it
7097 24591 382 99 was
7465 24572 507 141 stated
7968 24585 441 159 today.

5950 24697 658 159 Reports
6667 24689 432 135 from
7088 24662 1123 201 Constantinople
8273 24717 334 135 that

5888 24832 295 141 the
6155 24815 593 147 British
6736 24834 421 129 navy
7113 24813 532 135 would
7628 24820 460 141 assist
8134 24832 198 141 in
8337 24837 278 135 the

5877 24941 694 159 blockade
6537 24931 225 147 of
6731 24932 512 141 Black
7221 24962 311 105 sea
7497 24948 439 141 ports
7896 24970 439 129 were
8309 24966 243 129 de-

5877 25080 380 141 nied
6217 25074 260 153 by
6462 25064 278 141 the
6708 25052 761 165 admiralty.

5968 25194 604 153 British
6602 25186 441 153 ships
7077 25184 414 141 have
7525 25198 305 129 not
7873 25212 291 141 yet
8217 25206 404 153 been

5875 25322 476 153 called
6324 25342 405 129 upon
6738 25323 207 123 to
6942 25315 660 147 transport
7609 25311 615 171 refugees
8231 25341 409 135 from

5898 25453 289 135 the
6178 25440 611 141 Crimea,
6810 25425 354 135 and
7193 25426 282 129 the
7477 25425 775 183 admiralty
8265 25457 360 135 said

5898 25574 455 153 today
6350 25564 149 141 it
6477 25556 344 141 had
6780 25557 295 135 not
7053 25549 404 135 been
7413 25545 600 159 decided
7952 25570 668 153 whether

5905 25698 375 153 they
6286 25678 539 153 would
6869 25672 467 141 assist
7431 25673 201 135 in
7674 25685 605 159 getting
8334 25702 282 129 the

5889 25818 666 153 refugees
6537 25826 456 129 away.

6185 25963 756 147 Refugee*
6894 25962 228 129 at
7089 25955 1142 171 Constantinople.

5969 26090 1483 177 CONSTANTINOPLE,
7531 26096 789 165 November
8411 26129 195 135 14

5906 26277 310 159 (by
6230 26273 285 135 the
6498 26251 838 147 Associated
7317 26245 1315 183 Press).?Thirteen

5899 26416 708 165 thousand
6597 26409 663 159 refugees
7250 26407 420 147 have
7643 26419 595 147 arrived
8230 26437 389 135 here

5886 26596 452 141 from
6293 26559 834 171 Sebastopol,
7153 26564 299 141 but
7470 26561 628 159 because
8095 26588 218 141 of
8335 26598 285 129 the

5904 26716 370 141 lack
6253 26708 225 141 of
6482 26686 1225 153 accommodations
7731 26691 198 147 in
7958 26703 281 147 the
8246 26713 350 159 city,

5899 26846 388 153 they
6254 26853 317 111 are
6569 26821 332 135 still
6909 26812 567 141 aboard
7465 26813 375 159 ship
7787 26841 633 135 moored
8435 26851 200 123 in

5894 26970 277 129 the
6138 26945 779 159 Bosphorus.
6997 26937 552 135 Several
7566 26938 652 153 thousand
8174 26991 441 99 more

5884 27102 307 105 are
6201 27068 334 141 due
6550 27059 398 147 here,
6986 27043 354 147 and
7375 27049 170 135 it
7594 27054 166 129 is
7791 27063 841 147 understood

5893 27190 463 153 30.000
6384 27190 403 129 have
6801 27177 404 135 been
7213 27169 771 159 permitted
8018 27189 211 135 to
8254 27197 369 135 take

5891 27332 613 141 passage
6550 27306 422 129 from
6986 27297 292 135 the
7271 27292 679 141 Crimean
7982 27300 343 165 city.
8431 27317 187 135 It

5860 27471 379 99 was
6226 27428 459 141 found
6675 27413 780 159 impossible
7442 27422 211 129 to
7613 27423 602 147 provide
8197 27428 427 165 ships

5892 27569 284 135 for
6177 27562 278 129 the
6431 27548 488 141 entire
6903 27532 807 165 population
7683 27541 222 135 of
7888 27547 465 147 SO,000.

5966 27684 408 141 Two
6429 27663 688 147 thousand
7113 27665 727 135 wounded
7833 27697 396 111 men
8257 27686 372 129 also

5893 27818 403 129 have
6319 27791 624 147 arrived,
6987 27784 354 141 and
7384 27785 407 135 have
7842 27791 384 147 been
8275 27801 266 135 dis-

5909 27918 624 153 tributed
6518 27939 549 123 among
7058 27914 285 129 the
7262 27912 636 141 French
7888 27925 341 135 and
8191 27925 362 135 Rus-

5893 28062 354 129 sian
6237 28037 705 159 hospitals.

5973 28177 369 135 The
6280 28160 580 141 United
6817 28162 507 129 States
7296 28158 736 153 destroyer
7994 28168 374 141 Fox
8334 28200 223 93 ar-

5904 28291 428 147 rived
6293 28294 383 129 here
6681 28277 451 159 today
7073 28281 432 135 with
7473 28311 183 99 a
7607 28289 488 159 party
8048 28293 215 135 of
8245 28289 387 159 fifty

5874 28415 759 147 American
6648 28405 384 135 Red
7045 28400 482 141 Cross
7533 28409 682 135 workers
8225 28422 404 129 who

5891 28545 400 135 have
6373 28538 398 129 been
6870 28526 655 153 engaged
7619 28529 541 135 behind
8208 28532 381 141 Gen.

5830 28653 838 159 Wrangel's
6713 28648 396 141 lines.
7162 28646 472 153 Hope
7682 28652 170 141 is
7885 28670 737 129 expressed

5906 28786 344 129 that
6241 28777 249 135 all
6514 28774 292 129 the
6756 28773 384 135 Red
7094 28769 488 135 Cross
7542 28780 732 141 personnel
8248 28778 354 129 will

5888 28902 410 129 have
6301 28898 408 129 been
6714 28897 666 135 removed
7392 28893 449 135 from
7797 28885 571 159 danger
8376 28894 253 153 by

5910 29010 574 177 tonight.

8544 10587 1633 747 VENIZELOS
10036 10578 1241 753 DEFEAT

8627 11234 1395 777 CLAIMED
9919 11259 439 723 IN
10215 11210 1207 801 GREECE

8602 12168 869 309 Premier,
9487 12169 955 303 However,
10440 12157 932 279 Declares

8843 12486 373 273 He
9228 12491 233 267 Is
9399 12487 673 267 Victor
10079 12488 240 261 in
10262 12470 856 273 Election

9195 12803 539 267 Held
9651 12787 1084 315 Yesterday.

8737 13100 735 189 LONDON',
9522 13123 785 147 November
10356 13120 561 141 15.?An
11007 13120 294 141 Ex-

8626 13259 537 171 change
9103 13271 762 171 Telegraph
9831 13272 626 165 dispatch
10435 13273 412 135 from
10762 13269 570 159 Athens,

8624 13421 463 135 under
9087 13425 536 159 today's
9611 13431 373 147 date,
10002 13451 373 123 says
10378 13430 270 129 the
10652 13426 508 129 results
11144 13425 207 135 of

8649 13568 270 141 the
8942 13571 642 147 elections
9627 13581 190 135 in
9813 13576 535 141 Greece
10361 13568 724 165 yesterday,
11148 13597 221 111 so

8635 13725 262 135 far
8909 13754 238 105 as
9164 13725 520 159 known,
9732 13729 400 159 point
10186 13743 207 123 to
10397 13759 183 99 a
10583 13724 476 141 defeat
11102 13724 258 141 for

8602 13876 629 141 Premier
9176 13885 721 135 Venizelos.

8719 14028 357 141 The
9062 14034 598 153 premier
9644 14037 329 135 and
9960 14037 226 135 all
10214 14036 277 141 the
10451 14036 701 141 members
11137 14037 207 135 of

8616 14180 276 141 his
8903 14184 548 141 cabinet
9474 14196 486 141 except
9991 14214 308 105 one
10321 14212 438 117 seem
10754 14209 207 111 to
10957 14189 405 135 have

8642 14333 438 135 failed
9112 14337 210 135 of
9374 14328 599 165 election,
10034 14341 308 135 the
10347 14362 650 129 message
11032 14342 262 129 de-

8615 14485 478 135 clared.

8722 14636 361 141 The
9079 14647 873 147 government,
9989 14648 387 141 adds
10400 14653 279 135 the
10688 14644 633 165 dispatch,

8605 14787 331 147 haa
8889 14787 586 147 decided
9462 14797 206 135 to
9615 14791 499 171 appeal
10127 14807 217 123 to
10287 14830 203 105 a
10431 14792 605 165 popular
10982 14810 383 129 vote

8647 14936 155 141 if
8855 14936 287 141 the
9164 14934 375 153 final
9593 14936 531 165 results
10145 14971 302 123 ar?
10481 14945 569 159 agaioat
11046 14948 270 141 M.

8585 15083 731 147 vsnizeios.

9085 15243 779 147 Veatoelon
9832 15253 400 135 Sees
10193 15220 622 189 victory.

8665 15380 747 165 ATHENS,
9408 15383 807 147 November
10215 15392 202 141 15
10442 15388 316 165 (by
10750 15396 295 141 the
10988 15395 295 147 As-

8602 15505 646 135 sociated
9190 15500 1253 165 Press).?Victory
10430 15518 191 129 in
10599 15508 295 141 the
10831 15516 535 141 Greek

8599 15619 689 147 elections,
9286 15616 387 141 held
9637 15621 767 159 yesterday,
10374 15650 386 105 was
10735 15628 614 141 claimed

8596 15729 455 159 early
9039 15738 333 129 this
9327 15734 716 153 morning
10020 15733 267 159 by
10249 15740 651 141 Premier
10853 15745 409 135 Veni-

8610 15850 423 129 zelos.
9017 15844 547 141 Actual
9554 15856 594 141 returns,
10156 15849 675 159 however,
10829 15887 321 99 are
11109 15881 242 111 as

8594 15963 297 147 yet
8840 15982 637 129 meager.

8703 16068 923 165 Throughout
9702 16076 295 141 the
10039 16080 742 165 campaign,
10831 16088 537 141 which

8581 16226 382 105 was
8947 16200 777 141 conducted
9673 16205 432 135 with
10088 16206 948 153 unparalleled
11005 16212 266 141 bit-

8625 16319 563 147 terness,
9250 16322 285 129 the
9541 16323 627 147 premier
10170 16355 365 99 was
10566 16330 289 129 the
10873 16339 513 123 storm

8613 16436 508 141 center,
9138 16438 338 129 and
9452 16433 287 135 his
9712 16436 720 141 assertion
10421 16441 324 135 that
10748 16445 277 135 his
11024 16450 231 129 fol-

8638 16540 502 141 lowers
9121 16574 449 105 were
9574 16549 797 159 successful,
10427 16556 166 141 if
10592 16555 767 147 confirmed

8609 16658 267 153 by
8908 16665 291 135 the
9233 16665 496 135 actual
9779 16679 449 123 count
10272 16673 236 135 of
10557 16677 285 135 the
10868 16690 446 129 votes,

8589 16802 535 105 means
9123 16776 273 141 for
9384 16776 375 141 him
9704 16811 173 99 a
9853 16791 642 147 persona)
10546 16818 233 105 as
10732 16792 378 141 well
11106 16822 242 105 as

8609 16889 655 159 political,
9319 16887 626 171 triumph.

9187 17048 558 141 Prince
9717 17062 522 129 Paul'*
10239 17065 490 135 Stand.

8701 17196 365 141 The
9082 17196 400 141 issue
9461 17192 235 141 of
9701 17197 282 135 the
9974 17204 740 165 campaign
10684 17181 667 207 was^jWfe

8618 17322 512 129 return
9104 17312 222 141 of
9323 17312 534 141 former
9806 17307 477 171 Kjng
10225 17322 985 153 Constantly
11142 17347 215 123 to

8609 17428 294 141 his
8920 17430 532 153 throne,
9504 17429 435 135 from
9899 17435 518 147 which
10428 17445 243 135 he
10657 17474 379 105 was
11037 17453 246 135 de-

8612 17542 466 153 posed
9048 17547 570 147 during
9590 17550 285 129 the
9820 17554 495 129 world
10262 17581 387 111 war.
10710 17560 603 141 Follow-

8646 17662 296 153 ing
8974 17667 292 123 the
9292 17656 473 165 death
9796 17666 222 129 of
10033 17661 453 159 Kini?
10510 17674 810 153 Alexander,

8620 17782 439 129 three
9025 17771 535 147 weeks
9549 17798 347 129 ago,
9923 17781 292 135 the
10225 17789 510 135 throne
10690 17817 386 111 was
11060 17801 229 135 of-

8628 17888 429 141 fered
9107 17889 281 135 his
9430 17910 651 129 younger
10133 17895 610 171 brother,
10806 17912 545 141 Prince
11351 17912 43 141 I

8612 18003 409 147 Paul,
9056 18010 394 129 who
9514 18005 188 135 in
9728 18033 580 111 answer
10332 18016 707 165 virtually
11038 18033 246 135 de-

8589 18115 633 147 manded
9264 18126 338 129 that
9645 18125 275 135 the
9911 18127 532 147 Greek
10437 18137 526 159 people
10965 18171 387 123 pass
11351 18184 43 69 1

8615 18262 243 105 on
8890 18241 278 135 the
9176 18237 669 159 question
9820 18244 676 141 whether
10477 18248 470 165 King
10925 18265 358 135 Con-

8621 18357 634 135 stantine
9237 18352 535 141 should
9738 18381 429 111 come
10140 18364 409 141 back
10539 18368 421 141 from
10910 18387 402 123 exile

8691 18461 445 159 Only
9119 18470 191 129 in
9308 18469 268 135 the
9562 18488 441 117 event
10006 18482 285 129 the
10268 18481 519 159 people
10760 18493 603 135 decided

8616 18583 583 147 against
9205 18581 924 159 Constantine,
10183 18593 240 135 he
10452 18597 356 159 said,
10829 18608 524 141 would

8620 18697 250 135 he
8839 18696 660 141 consider
9462 18701 772 159 accepting
10214 18713 292 135 the
10455 18716 532 141 Greek
10950 18747 350 123 gov-

8618 18813 746 135 ernment's
9348 18807 409 147 offer.

8706 18923 654 147 Premier
9297 18922 763 153 Venizelos
10059 18936 262 141 led
10314 18949 281 135 the
10581 18942 491 153 forces
11047 18978 250 129 op-

8620 19046 554 153 posing
9154 19045 281 135 the
9425 19044 515 141 return
9908 19053 232 135 of
10100 19055 924 171 Constantine.
11017 19078 340 129 and

8658 19161 159 135 if
8816 19161 243 135 he
9056 19161 316 135 has
9385 19168 745 141 succeeded
10177 19177 181 135 in
10388 19180 279 141 the
10674 19183 678 147 elections

8657 19278 149 129 it
8846 19277 166 135 is
9014 19276 695 141 conceded
9704 19285 243 135 he
9910 19288 367 141 will
10299 19297 393 135 have
10692 19331 173 99 a
10849 19305 441 135 decid-

8657 19390 282 153 ing
8901 19388 442 141 voice
9354 19393 191 135 in
9546 19392 285 141 the
9814 19398 691 153 selection
10483 19412 219 141 of
10702 19422 285 129 the
10965 19430 378 129 next

8628 19505 737 159 sovereign
9344 19504 233 141 of
9583 19513 329 135 this
9917 19525 615 159 country.

8698 19620 369 141 The
9155 19620 341 165 day
9555 19654 365 105 was
10003 19641 444 135 calm
10517 19639 812 171 throughout

8597 19737 571 159 Greece,
9199 19770 243 105 no
9434 19766 474 129 grave
9946 19750 663 153 incidents
10608 19775 763 147 occurring

8625 19867 509 147 except
9133 19891 183 99 a
9316 19861 356 135 few
9610 19869 519 135 minor
10138 19881 570 135 clashes
10708 19883 646 147 between

8625 19979 803 147 supporters
9424 19977 229 135 of
9634 19978 651 153 Premier
10267 19996 760 141 Venizelos
11014 20014 354 129 and
11358 19948 33 213 !

8649 20094 274 129 the
8916 20090 790 153 opposition.
9786 20096 465 165 They
10212 20133 439 111 were
10645 20122 720 153 promptly
11358 20066 33 225 j

8616 20206 736 153 dispersed
9368 20201 250 159 by
9645 20217 615 135 streams
10286 20224 438 141 from
10713 20233 311 135 fire
11052 20242 246 129 de-

8644 20332 699 141 partment
9337 20317 396 159 hose,
9725 20332 524 141 which
10237 20343 725 147 sprinkled
10941 20353 427 135 alike
11365 20284 23 237 |

8662 20450 285 129 the
8966 20444 758 141 adherents
9763 20458 215 129 of
9996 20419 760 195 Venizelos
10774 20483 351 123 and
11148 20478 215 129 of
11365 20469 23 183 j

8616 20573 739 135 Demetrio
9358 20567 758 171 Kounaris,
10184 20588 544 141 former
10756 20523 632 243 premier!

8633 20701 344 135 and
8943 20697 787 159 opposition
9724 20703 493 147 leader.

8718 20825 274 135 All
9034 20821 738 159 meetings
9812 20838 326 129 had
10177 20835 401 147 been
10635 20843 723 147 forbidden

8636 20941 412 135 since
9023 20937 573 159 Kriday,
9623 20944 296 141 but
9924 20972 880 141 newspapers
10798 20968 571 141 carried

8627 21087 250 99 on
8886 21057 285 135 the
9156 21054 391 153 fight
9573 21060 245 141 till
9825 21069 763 159 yesterday.

9046 21246 641 153 Aliened
9645 21258 591 129 BrltUh
10191 21262 714 153 MrauKr.

8726 21384 835 165 Opposition
9590 21386 638 153 journals
10252 21407 585 147 printed
10841 21442 183 105 a
11025 21416 287 141 dis-

8637 21514 475 153 patch
9118 21513 374 159 they
9469 21509 595 159 alleged
10048 21525 326 135 had
10376 21529 394 135 been
10769 21550 361 129 sent
11128 21536 264 165 by

8607 21638 476 153 King
9063 21638 596 153 George
9680 21647 215 123 of
9919 21641 683 159 England
10645 21667 201 123 to
10850 21663 531 147 Queen

8662 21766 512 153 ?Sophia,
9160 21760 411 141 wife
9547 21769 208 135 of
9759 21764 541 141 former
10250 21768 476 165 King
10661 21779 656 147 Constan-

8651 21893 342 135 tine.
9018 21893 410 135 This
9412 21890 765 153 purported
10170 21899 706 147 teleerram
10844 21917 396 135 read:

8750 22022 658 129 "Dearest
9370 22012 591 141 Cousin:
9987 22017 123 135 I
10086 22051 326 99 am
10354 22021 395 159 glad
10713 22054 347 129 you
10997 22035 356 147 will

8648 22170 375 105 soon
9029 22149 523 135 return
9554 22146 211 129 to
9726 22140 666 141 Greece."

8721 22274 455 153 They
9189 22274 369 129 also
9588 22266 585 153 printed
10199 22274 773 153 assertions
11029 22292 334 141 that

8633 22397 513 159 public
9152 22388 598 165 opinion
9798 22398 184 129 in
10014 22397 282 135 the
10295 22404 566 141 United
10869 22406 507 153 States

8651 22524 594 141 favored
9257 22526 279 129 the
9545 22521 516 135 return
10047 22521 222 135 of
10226 22519 477 171 King
10657 22530 660 153 Constan-

8657 22653 334 135 tine
8987 22663 211 123 to
9202 22649 285 135 the
9490 22645 519 135 throne.
10047 22639 921 171 Newspapers
10986 22661 365 159 loyal

8654 22787 204 123 to
8834 22777 658 135 Premier
9463 22769 757 135 Venizelos
10219 22784 755 141 countered
10949 22793 435 135 with

8622 22930 267 105 an
8966 22896 735 141 interview
9690 22893 435 135 with
10151 22896 639 141 Edward
10825 22904 512 165 Oapps.

8620 23029 750 135 American
9313 23010 693 153 minister
9971 23018 385 153 here,
10337 23016 653 189 denying
10954 23040 425 141 these

8637 23157 829 135 statements.
9528 23145 299 135 He
9812 23168 372 117 was
10192 23150 546 153 quoted
10741 23187 235 99 as
11001 23191 312 123 say-

8673 23283 289 147 ing
8981 23282 334 129 that
9314 23268 826 141 Americans
10196 23299 232 99 as
10413 23277 374 135 well
10824 23310 232 105 as
11087 23289 291 135 the

8632 23406 448 129 allies
9092 23397 308 135 did
9363 23402 289 129 not
9658 23394 434 129 favor
10034 23390 927 153 Constantine.

8956 23594 420 129 Late
9299 23575 579 147 KinK'n
9814 23577 751 159 Marriage
10513 23591 484 147 Valid.

8739 23721 721 159 ATHENS,
9499 23716 790 141 November
10353 23725 635 159 12.?The
11059 23748 316 141 late

8613 23867 467 147 King
9049 23842 899 153 Alexander's
9914 23845 745 159 marriage
10632 23859 432 147 with
11033 23865 355 183 As-j

8636 23990 456 153 pasia
9036 23981 560 135 Manos
9560 23995 369 99 was
9927 23967 665 147 declared
10576 23980 429 141 valid
10992 23993 376 135 here

8653 24110 452 153 today
9100 24102 260 153 by
9377 24092 278 141 the
9665 24100 446 141 court,
10120 24096 517 141 which
10628 24092 746 165 dismissed

8654 24247 282 123 the
8947 24205 791 183 opposition
9744 24214 222 129 of
9991 24212 534 141 former
10509 24210 466 177 King
10949 24228 364 141 Con-

8641 24355 637 147 stantine
9249 24340 344 141 and
9571 24340 599 141 ordered
10180 24341 275 135 the
10445 24350 411 129 seals
10839 24383 250 99 on
11086 24362 285 129 the

8632 24471 867 171 apartments
9572 24460 222 141 of
9898 24461 285 135 the
10295 24464 320 141 late
10662 24477 715 135 monarch

8633 24608 565 141 broken.
9212 24597 459 135 Mme.
9649 24589 550 135 Manos
10157 24583 354 147 will
10561 24586 509 153 inherit
11043 24595 239 147 Al-

8642 24721 726 159 exander's
9396 24707 642 171 personal
10085 24714 681 153 property.

8711 24866 442 129 Mme.
9172 24839 561 147 Manos'
9789 24843 687 147 attorney
10528 24841 474 135 asked
11090 24845 285 135 the

8635 24989 436 135 court
9087 25002 257 105 on
9315 24959 790 147 November
10120 24961 133 135 4
10286 24970 788 129 to-remove
11080 24969 295 135 the

8652 25113 411 135 seals
9048 25105 432 135 from
9450 25089 285 135 the
9691 25086 881 153 apartments
10547 25084 229 141 of
10762 25093 285 135 the
11059 25088 316 141 late

8610 25239 480 147 King
9075 25209 814 159 Alexander,
9959 25209 699 159 claiming
10686 25210 337 153 that
11059 25218 316 129 she

8673 25356 528 165 legally
9197 25369 382 111 was
9614 25332 615 141 entitled
10267 25343 214 123 to
10534 25334 520 153 inherjt
11085 25336 284 141 his

8636 25480 681 165 property.
9342 25469 233 135 A
9552 25457 526 159 lawyer
10060 25457 535 159 acting
10571 25461 274 135 for
10829 25460 544 141 former

8603 25615 480 147 King
9029 25580 926 165 Constantine
9981 25586 476 129 asked
10461 25586 282 129 the
10734 25603 432 123 court
11174 25603 207 123 to

8645 25719 631 171 suspend
9260 25707 506 147 action
9772 25705 380 135 until
10188 25706 243 129 he
10439 25704 337 141 hud
10779 25710 373 129 time
11167 25715 214 123 to

8674 25851 637 147 institute
9283 25823 779 171 opposition.
10069 25830 303 129 He
10340 25824 675 141 declared
10949 25832 365 141 Con-

8652 25975 632 147 stantine
9302 25946 643 153 intended
9952 25960 201 117 to
10127 25949 622 135 contend
10745 25953 341 135 that
11097 25958 278 129 the

8623 26098 732 153 marriage
9391 26077 215 135 of
9672 26078 272 129 the
10003 26074 316 129 late
10314 26073 714 135 monarch
11044 26077 337 135 and

8614 26238 435 129 Mme.
9028 26213 553 135 Manos
9545 26227 372 99 was
9942 26197 524 135 invalid.

8651 26504 283 261 2
8843 26466 651 297 NEW
9346 26461 1190 279 THEATERS
10524 26476 283 261 IN
10742 26475 286 267 N.
10985 26474 309 273 Y.

8616 26844 884 165 Structures
9502 26820 686 189 Costing
10188 26808 927 213 $2,250,000
11122 26859 249 147 to

9015 27045 520 159 Have
9491 27037 391 159 One
9816 27037 479 159 Boof
10242 27040 657 165 Garden.

8761 27260 532 141 NEW
9242 27243 547 147 YORK.
9823 27238 786 153 November
10663 27250 649 153 15.?Con-

8646 27398 710 153 struction
9328 27393 225 135 of
9565 27409 320 111 two
9871 27419 386 99 new
10227 27392 633 141 theaters
10858 27401 212 135 In
11075 27414 288 129 the

8650 27550 576 153 "bright
9259 27527 463 171 light"
9720 27532 575 141 district
10304 27536 508 141 before
10828 27539 290 147 fall
11136 27553 229 135 of

8651 27706 371 129 next
9052 27710 389 129 year,
9537 27682 163 129 is
9756 27690 810 129 announced
10632 27682 260 153 by
10910 27696 464 141 Marc

8614 27813 490 135 Klaw.
9170 27792 706 141 theatrical
9901 27809 704 135 magnate,
10640 27805 390 135 who
11045 27809 322 135 has

8644 27906 781 177 purchased
9453 27909 279 135 the
9753 27909 388 135 sites
10165 27904 435 141 from
10612 27912 275 141 the
10885 27916 479 141 Astor

8646 28037 489 135 estate
9107 28055 247 99 on
9335 28021 288 135 the
9601 28022 466 129 south
10029 28021 346 135 side
10340 28026 222 129 of
10555 28025 358 135 46th
10882 28038 469 129 street
11358 28044 33 141 j

8655 28151 639 123 between
9297 28126 796 153 Broadway
10096 28134 347 129 and
10453 28138 300 129 8th
10760 28166 573 105 avenue,
11365 28139 23 171 j

8629 28258 355 129 The
8990 28254 628 129 theaters,
9631 28246 384 129 each
9996 28241 222 135 of
10179 28245 518 135 which
10659 28250 337 129 will
11009 28263 346 123 seat

8671 28363 393 147 1.200,
9110 28356 337 141 will
9512 28353 232 135 be
9789 28353 346 135 side
10171 28354 250 153 by
10453 28357 350 135 side
10823 28361 353 135 and
11193 28395 183 99 a

8653 28469 486 159 single
9172 28468 343 141 roof
9534 28467 560 147 garden
10082 28470 346 129 will
10474 28494 450 105 cover
10940 28477 396 135 both.

8629 28583 693 147 Thirteen'
9336 28581 656 135 business
10004 28577 720 159 buildings
10736 28611 397 99 now
11112 28615 260 99 on

8660 28701 298 135 the
8929 28692 687 165 property
9560 28694 350 129 will
9908 28694 232 129 be
10133 28688 444 141 razed.

8763 28804 375 141 The
9138 28805 714 135 contracts
9864 28801 277 135 for
10164 28806 276 129 the
10448 28802 698 153 purchase
11143 28810 219 129 of

8667 28917 285 135 the
8942 28917 397 135 sites
9317 28913 318 135 and
9644 28914 279 129 the
9905 28913 618 135 erection
10526 28914 205 129 of
10747 28914 245 129 t'i?<
11014 28944 366 93 new

8624 29069 53 39 '
8660 29024 709 165 buildings
9353 29048 307 117 arc
9661 29028 363 141 said
10036 29043 197 123 10
10244 29043 358 123 lolai
10610 29022 733 153 S2.2a'J.Q'JU.

9600 29139 333 339 i

11526 10666 382 273 25
11840 10666 671 273 DAYS
12436 10671 408 267 OF
12787 10656 1144 285 HOLIDAYS.

11361 11014 570 177 School
11918 11032 685 189 Officials
12572 11037 399 159 Fix
12916 11019 1175 195 Thanksgiving,

11460 11232 849 189 Christinas
12263 11260 397 165 and
12583 11256 607 165 EaSter
13122 11242 874 177 Vacations.

11478 11471 516 171 School
12008 11499 604 147 officials
12631 11494 468 153 today
13077 11488 588 141 handed
13676 11489 463 159 62,000

11386 11629 654 159 children
12067 11656 409 141 their
12495 11647 741 147 combined
13230 11635 850 171 Thanksgiv-

11414 11780 282 165 ing-,
11682 11793 809 159 Christmas
12455 11804 364 141 and
12749 11805 575 135 Easter
13294 11807 600 147 present
13881 11796 263 165 by

11367 11948 726 165 granting
12051 11954 455 153 them
12426 11991 193 99 a
12590 11947 1174 171 twenty-flve-day
13710 11956 333 141 holi-

11380 12093 337 159 day
11708 12106 517 153 period.

11466 12239 1080 195 Thanksgiving
12626 12273 285 135 the
12994 12264 651 141 children
13689 12293 446 111 were

11363 12403 461 147 given
11773 12448 183 93 a
11913 12411 624 171 five-day
12497 12430 644 129 vacaiton
13131 12421 422 159 from
13428 12420 639 141 Wednes-

11376 12547 340 171 day,
11681 12558 803 153 November
12465 12571 227 147 24.
12704 12576 223 141 to
12841 12570 671 153 Monday,
13485 12572 614 141 Novem-

11377 12704 311 141 ber
11681 12707 220 147 29.
11974 12714 369 153 The
12326 12731 807 147 customary
13131 12721 606 159 ten-day
13710 12723 329 147 holi-

11383 12821 340 159 day
11708 12833 287 135 for
11991 12836 292 141 the
12250 12839 688 147 Yuletide
12917 12845 337 135 and
13216 12845 568 135 Easter
13755 12849 386 135 also

11335 12970 386 105 was
11710 12955 631 147 granted.
12413 12961 362 135 The
12745 12960 805 141 Christmas
13536 12961 604 159 holiday

11335 13065 371 135 will
11726 13072 308 141 last
12019 13071 439 147 from
12367 13064 581 213 Friday,
12913 13080 791 141 December
13681 13080 205 141 24
13923 13094 214 129 to

11343 13176 672 165 Monday,
12047 13188 654 165 January
12725 13199 148 147 3,
12923 13201 341 135 and
13286 13200 292 141 the
13563 13200 562 141 Easter

11366 13293 531 159 period
11868 13309 435 135 from
12222 13308 574 165 Friday,
12748 13311 563 147 March
13284 13318 213 153 25,
13515 13326 218 129 to
13655 13320 414 141 Mon-

11366 13408 386 165 day,'
11698 13422 466 153 April
12175 13423 154 147 2.

11296 13460 2597 981 newIyWcn

11720 14282 761 753 FOR
12324 14285 1317 759 CABINET
13516 14294 693 753 IQB

11343 15201 848 327 Reports
12116 15212 784 285 Predict
12847 15213 1266 327 Appointment

11554 15526 295 273 of
11756 15530 493 273 Will
12248 15526 599 321 Hays
12828 15543 299 267 to
13086 15524 374 285 Fill
13440 15534 407 273 Va-

11654 15888 664 261 cancy
12304 15856 246 261 in
12482 15856 293 261 U.
12735 15855 289 267 S.
12987 15855 800 267 Senate.

11496 16164 1177 165 INDIANAPOLIS.
12725 16173 355 159 Ind.,
13084 16178 793 153 November
13899 16192 209 141 15

11413 16321 585 159 (Special
12046 16343 211 123 to
12231 16328 375 141 The
12602 16328 1097 165 Star.)?Report
13715 16345 219 135 of
13944 16370 173 105 a

11384 16473 385 159 plan
11765 16481 290 135 for
12058 16480 285 141 the
12346 16481 873 159 resignation
13192 16484 223 165 of,
13375 16482 556 177 Harry
13905 16497 179 135 S.

11360 16629 444 135 New
11797 16658 242 105 as
12029 16632 576 141 United
12625 16636 514 141 States
13177 16649 594 135 senator
13785 16648 333 141 has

11388 16780 590 141 become
11985 16776 524 165 public
12506 16789 235 135 at
12740 16792 604 141 French
13336 16801 431 135 Dick
13773 16804 354 141 and

11389 16933 325 135 has
11732 16932 408 141 been
12179 16931 201 147 In
12392 16939 843 147 circulation
13239 16968 578 141 among
13821 16952 242 141 In-

11381 17080 794 165 dianapolis
12253 17084 814 165 politicians
13165 17094 319 153 for"
13538 17107 555 147 several

11377 17232 420 165 dayst

11473 17393 362 135 The
11832 17408 642 141 proposal
12486 17430 245 105 as
12751 17409 149 135 It
12901 17437 520 111 comes
13415 17412 425 141 from
13820 17415 295 147 the

11408 17510 786 153 republican
12261 17517 810 159 politicians
13109 17534 720 153 gathered
13891 17551 216 123 at

11360 17624 608 141 French
11942 17633 422 135 Lick
12399 17642 169 129 is
12639 17636 344 141 that
13013 17649 484 135 when
13497 17647 615 147 Senator

11363 17741 430 135 New
11766 17741 584 159 resigns
12300 17746 678 153 National
12967 17758 788 153 Chairman
13667 17773 427 135 Will

11361 17853 459 159 Hays
11814 17862 389 129 shall
12212 17870 239 129 be
12437 17875 768 147 appointed
13210 17890 207 129 to
13397 17885 287 135 his
13673 17891 442 147 place

11419 17964 201 141 in
11650 17974 292 129 the
11946 17975 544 147 Senate.
12588 17984 451 141 New
12986 17996 535 141 would
13558 18005 366 135 take
13942 18040 193 93 a

11387 18084 582 141 cabinet
11978 18091 294 147 job.
12332 18092 480 165 Hays,
12829 18104 239 141 of
13056 18129 536 135 course,
13582 18120 535 141 would

11361 18201 482 135 make
11834 18204 281 141 the
12095 18232 375 117 race
12445 18217 290 135 for
12705 18234 587 129 senator
13290 18238 198 129 in
13464 18237 298 135 the
13721 18260 382 117 next
14112 18254 53 129 1

11386 18317 761 159 campaign
12142 18334 211 129 to
12325 18332 388 141 hold
12721 18346 271 129 the
12974 18341 456 159 place
13431 18363 207 123 to
13593 18356 531 141 which

11389 18438 242 129 he
11615 18432 330 141 had
11916 18436 401 141 been
12282 18450 770 153 appointed.

11543 18550 184 129 It
11738 18554 170 129 is
11877 18549 607 159 pointed
12444 18570 331 129 out"
12750 18567 341 147 that
13041 18575 454 147 New
13433 18589 322 135 has
13728 18587 411 147 been

11381 18686 396 129 very
11811 18669 421 135 close
12304 18687 201 123 to
12506 18675 704 171 Harding
13237 18696 290 141 for
13585 18706 554 153 twenty

11378 18799 470 123 years.
11959 18781 201 135 If
12162 18788 322 141 this
12469 18793 395 159 plan
12817 18830 446 105 were
13258 18816 575 141 carried
13816 18835 299 123 out

11418 18898 191 129 in
11578 18897 252 135 all
11837 18890 866 177 probability
12642 18907 469 171 Hays
13092 18934 341 129 and
13388 18931 536 147 Albert
13921 18940 186 141 J.

11373 19003 790 171 Beveridge
12101 19024 539 141 would
12595 19046 568 129 contest
13153 19040 283 141 for
13429 19053 281 135 the
13681 19082 399 105 sena-

11403 19120 572 165 torship
11992 19138 211 129 in
12208 19140 298 141 the
12509 19158 392 129 next
12915 19162 750 153 campaign.
13759 19172 378 141 The

11381 19242 376 153 plan
11736 19267 860 147 presupposes,
12615 19260 211 141 of
12823 19293 501 135 course,
13369 19281 318 135 that
13671 19284 362 141 Gov.-

11391 19355 371 147 olect
11815 19354 633 177 McCray
12485 19385 507 135 would
13056 19394 566 153 appoint
13670 19396 454 165 Hays

11406 19492 207 117 to
11774 19480 269 141 the
12209 19492 823 165 senatorship
13148 19513 449 135 when
13731 19520 426 141 New

11401 19594 574 153 resigns
11976 19600 280 141 for
12266 19608 288 141 the
12546 19610 576 153 cabinet
13130 19622 291 153 job.
13510 19626 625 153 Senator

11328 19711 673 147 Watson
12006 19721 166 135 is
12151 19740 393 141 very
12502 19727 424 147 close
12907 19741 214 135 to
13050 19735 642 171 McCray.

11481 19832 546 141 While
12042 19835 418 147 there
12495 19849 165 135 is
12664 19853 638 159 nothing
13298 19874 211 129 to
13530 19872 604 141 indicate

11417 19950 324 129 that
11769 19950 457 153 plans
12190 19961 367 135 will
12569 19959 253 147 be
12818 19976 575 141 carried
13384 19997 320 135 out,
13769 19988 146 141 it
13962 19998 166 129 is

11396 20062 475 153 being
11802 20060 484 141 muth
12260 20074 743 153 discussed.

11500 20176 312 141 All
11860 20183 826 147 indications
12671 20221 327 111 are
13023 20209 354 135 that
13356 20212 317 141 Mr.
13699 20216 384 141 Bev-

11398 20288 513 165 eridge
11901 20300 361 141 will
12271 20309 485 135 make
12803 20316 292 141 the
13121 20348 366 117 race
13527 20333 270 135 for
13846 20341 288 135 the

11401 20413 883 159 senatorship
12292 20427 861 147 nomination
13206 20441 195 135 in
13441 20444 278 141 the
13744 20467 375 123 next

11398 20529 750 159 campaign.

11358 20817 528 279 SAY
11820 20818 1425 297 DEMOCRATIC
13176 20840 928 285 DEFEAT

11412 21101 1204 279 HASTENED
12515 21111 1066 291 ADRIATIC
13488 21134 679 273 PACT

11658 21413 347 135 BY
11932 21417 545 135 PAUL
12452 21421 593 135 SCOTT
12967 21423 839 147 HOWRER.

11393 21555 242 147 By
11599 21558 378 129 Cable
11972 21568 175 117 to
12084 21562 302 129 The
12366 21567 312 123 Star
12671 21571 268 123 and
12900 21566 509 153 Chicago
13363 21570 392 153 Daily
13718 21585 380 135 News.

11511 21734 573 153 PARIS,
12052 21736 803 141 November
12831 21740 506 141 15.?It
13335 21749 176 135 is
13477 21750 666 153 believed

11442 21885 191 135 in
11668 21886 818 153 diplomatic
12527 21884 525 141 circles
13093 21887 383 147 here
13531 21899 341 147 that
13955 21913 159 135 it

11376 22062 372 105 was
11806 22037 289 135 the
12139 22031 839 147 democratic
13008 22035 506 147 defeat
13591 22044 194 141 in
13845 22061 278 135 the

11380 22169 901 183 ?presidential
12334 22183 623 147 election
13018 22189 191 135 In
13262 22192 285 141 the
13563 22194 566 153 United

11393 22335 507 147 States
11914 22341 351 135 that
12266 22331 607 147 enabled
12883 22337 292 135 the
13194 22334 594 153 Italians
13781 22356 344 141 and

11392 22489 764 159 Jugoslavs
12170 22498 218 129 to
12381 22488 445 141 reach
12817 22519 264 99 an
13068 22503 802 147 agreement
13868 22538 257 105 on

11418 22645 285 135 the
11664 22639 678 147 Adriatic
12322 22635 803 147 settlement.
13198 22634 416 153 This
13585 22678 474 129 agree-

11359 22807 462 123 ment
11809 22793 347 135 had
12126 22783 825 171 previously
12914 22784 418 141 been
13344 22789 782 159 impossible

11393 22941 634 159 because,
12044 22965 232 111 as
12298 22936 285 141 the
12580 22928 760 165 Jugoslavs
13342 22937 366 159 said,
13750 22943 385 171 they

11410 23096 447 141 could
11896 23102 305 129 not
12277 23093 246 135 be
12624 23085 320 135 less
12984 23080 722 165 Jugoslav
13735 23099 393 147 than

11378 23249 752 135 President
12074 23232 623 141 Wilson.

11521 23393 459 159 Upon
11990 23394 285 129 the
12262 23385 845 135 democratic
13100 23379 499 147 defeat
13616 23389 264 159 by
13855 23426 266 105 an

11399 23534 1078 153 overwhelming
12573 23534 378 129 vote
13094 23528 285 141 the
13512 23530 604 153 Italians

11411 23682 817 153 threatened
12228 23667 836 171 Jugoslavia
13037 23671 432 147 with
13474 23719 193 99 a
13673 23688 441 141 strict

11389 23788 1069 189 application^of
12482 23794 278 129 the
12786 23791 495 147 treaty
13272 23798 222 129 of
13503 23793 593 159 Liondon,

11375 23925 525 135 which
11881 23912 603 141 accords
12506 23920 211 117 to
12730 23902 410 153 Italy
13132 23936 173 93 a
13334 23906 405 153 large
13741 23928 362 141 part

11391 24041 219 135 of
11614 24046 285 129 the
11863 24023 822 147 Dalmatian
12655 24025 442 135 coast,
13101 24026 347 129 and
13435 24031 218 123 to
13600 24029 528 135 which

11399 24154 390 129 both
11785 24154 574 129 France
12368 24133 344 135 and
12694 24129 599 135 Britain
13300 24157 310 111 are
13620 24131 508 147 bound

11396 24266 257 153 by
11655 24260 503 141 formal
12181 24245 807 159 signatures.

11464 24381 538 135 Under
11960 24374 435 129 these
12352 24361 1062 135 circumstances
13390 24361 288 135 the
13629 24357 432 159 Jugo-

11415 24490 441 153 slavs,
11932 24474 734 153 believing
12713 24469 811 135 themselves
13572 24477 535 135 unable

11385 24636 348 117 any
11723 24612 504 141 longer
12199 24607 211 123 to
12378 24594 442 129 count
12811 24615 250 99 on
13003 24585 759 135 American
13738 24611 323 123 sup-

11396 24727 355 147 port
11788 24742 436 105 were
12233 24692 593 165 obliged
12854 24712 211 117 to
13068 24703 514 147 accept
13611 24697 413 159 Italy
13970 24726 153 105 s

11396 24854 706 129 program
12112 24825 225 135 of
12363 24812 824 141 maximum
13214 24810 871 153 concessions,

11382 24952 347 141 and
11714 24948 327 141 this,
12014 24951 755 123 moreover,
12787 24921 388 159 they
13130 24945 464 111 seem
13528 24935 228 123 to
13706 24919 413 147 have

11392 25073 403 135 done
11760 25056 431 141 with
12154 25039 426 171 good
12543 25062 474 129 grace.

12280 25190 621 153 Copyright.
12906 25190 303 129 1930.

11351 25479 539 267 ALL
11777 25451 938 291 GREEKS
12616 25445 1084 279 ORDERED
13589 25446 567 273 OUT

11329 25837 821 183 Holdings
12109 25814 584 177 Seized
12629 25803 329 195 by
12864 25807 1030 171 Nationalists
13879 25817 252 159 in

11840 26038 650 177 Asiatic
12462 25984 686 237 Turkey
13085 26024 498 165 Area.

11513 26234 1460 177 CONSTANTINOPLE,
12955 26232 789 141 November
13728 26241 455 135 13.?

11367 26407 375 147 The
11727 26399 495 147 entire
12175 26382 531 153 Greek
12680 26372 809 165 population
13465 26381 232 135 of
13670 26390 423 129 Sam-

11377 26584 320 117 sun,
11752 26536 606 165 Vilayet
12411 26514 222 153 of
12662 26517 798 159 Trebixond,
13512 26529 595 135 Asiatic

11356 26691 632 171 Turkey,
12037 26698 329 129 has
12381 26681 414 135 been
12803 26668 606 141 ordered
13439 26677 221 135 to
13693 26671 425 147 leave

11418 26831 410 123 town
11825 26799 567 147 within
12405 26823 183 99 a
12581 26784 468 141 week.
13162 26784 365 141 The
13531 26782 581 153 Greeks

11393 26928 610 141 number
12012 26917 289 135 300.

11514 27045 372 135 The
11855 27018 672 153 Turkish
12509 27007 901 147 nationalists
13398 27008 416 141 have
13798 27012 256 141 de-

11395 27155 510 147 clared
11910 27150 285 129 the
12181 27126 670 153 holdings
12829 27125 222 135 of
13060 27124 298 141 the
13315 27123 588 147 Greeks
13907 27138 214 129 to

11393 27277 242 135 be
11622 27264 424 141 state
12014 27242 690 177 property.
12759 27237 524 135 Greek
13265 27233 462 159 shops
13705 27245 406 135 have

11396 27389 408 135 been
11762 27366 514 153 sealed
12229 27362 267 153 by
12467 27362 292 129 the
12752 27348 362 141 local
13097 27348 844 141 authorities.

11458 27642 893 225 "EQUITY
12252 27628 639 213 SHOP"
12814 27635 520 195 FOE
13197 27628 790 213 ACT0ES.

11468 27877 538 135 NEW
11906 27854 564 153 YORK,
12448 27847 800 147 November
13240 27847 794 147 15.?Substi-

11411 27997 454 135 tution
11892 27984 207 141 of
12158 27976 276 141 the
12470 27959 551 171 "equity
13057 27960 431 165 shop"
13529 27968 278 141 for
13849 27972 263 141 the

11402 28104 535 141 "closed
11958 28089 441 159 shop"
12439 28094 190 129 in
12675 28085 267 135 the
12970 28080 664 141 theatrical
13672 28091 416 147 casts,

11351 28219 719 147 meaning
12078 28209 337 135 that
12433 28201 483 135 union
12916 28194 843 153 performers
13741 28199 357 147 will

11378 28351 312 123 not
11705 28329 391 159 play
12094 28308 745 165 alongside
12849 28312 805 141 non-union
13616 28341 491 111 mem-
14108 28327 53 123 i

11388 28453 372 135 bcrs
11748 28445 222 135 of
11986 28445 285 135 the
12253 28429 810 159 profession,
13042 28458 385 105 was
13409 28439 713 147 approved
14115 28415 43 195 j

11381 28566 260 153 by
11626 28558 378 153 1,800
11932 28551 738 147 members
12627 28549 216 135 of
12833 28549 282 135 the
13055 28549 556 135 Actors
13544 28542 591 177 Equity
14115 28504 43 237 j

11366 28671 895 147 Association.
12339 28670 243 129 A
12542 28665 912 135 referendum
13407 28684 376 117 vote
13745 28668 357 141 will
14105 28615 63 243 j

11385 28794 246 129 be
11618 28789 459 135 taken
12047 28810 250 105 on
12271 28786 285 129 the
12532 28777 641 135 decision
13140 28778 260 153 by
13371 28781 292 135 the
13638 28784 482 141 entire

11355 28898 954 153 membership
12262 28903 235 123 of
12487 28899 302 123 the
12745 28895 960 147 organization,
13698 28900 438 141 John

11371 29024 706 141 ?uk-i'<k>u,
12146 29022 229 129 its
12365 28999 734 171 president,
13129 29010 356 153 said.

14092 10575 377 747 P.
14324 10574 613 753 a
14648 10583 929 747 MAY
15408 10582 589 753 BE
15824 10571 925 771 HOST

14100 11230 629 753 AT
13956 11219 3721 795 MM

14118 12147 1116 291 Federation
15135 12171 479 267 Will
15615 12176 376 261 Be
15958 12166 947 273 Received

14323 12520 341 213 as
14667 12481 558 279 First
15265 12496 305 261 to
15560 12492 386 261 Be
15947 12487 747 267 Shown

14663 12798 671 273 Postal
15310 12801 997 279 Activities.

14230 13111 402 171 City
14596 13126 864 153 Postmaster
15390 13128 273 141 M.
15639 13128 217 141 O.
15850 13127 593 147 Chance
16432 13144 485 165 today

14178 13262 531 153 invited
14763 13279 281 147 the
15064 13284 868 141 Federation
15953 13284 239 141 of
16206 13281 661 159 Citizens'

14123 13417 963 159 Associations
15079 13442 218 129 to
15269 13436 391 141 hold
15663 13442 243 129 its
15877 13451 385 123 next
16219 13445 698 159 meeting

14137 13588 228 117 at
14410 13576 281 141 the
14648 13580 985 165 Washington
15652 13585 363 159 city
16018 13599 379 147 post
16420 13597 440 159 office,

14158 13734 289 129 the
14440 13733 590 159 regular
15009 13740 564 141 session
15571 13750 211 129 to
15757 13745 255 135 be
15993 13742 671 153 followed
16623 13748 277 165 by

14137 13916 183 93 a
14298 13894 358 129 tour
14625 13893 235 135 of
14866 13888 755 165 inspection
15588 13896 236 141 of
15807 13894 295 153 the
16067 13902 378 153 post
16417 13908 443 141 office.

14219 14035 419 147 This
14632 14043 758 147 invitation
15304 14053 573 135 marks
15845 14051 308 147 the
16140 14052 710 165 inaugura-

14168 14189 333 135 tion
14483 14192 229 141 of
14682 14222 193 105 a
14841 14198 388 153 plan
15220 14206 221 129 to
15409 14196 670 165 acquaint
16091 14204 295 141 the
16359 14214 535 153 people

14136 14341 225 135 of
14414 14345 292 135 the
14728 14344 363 165 city,
15146 14355 766 147 especially
15899 14351 750 147 members
16661 14364 245 141 of

14133 14487 428 147 civic
14521 14497 1042 159 organizations,
15535 14514 448 129 with
15960 14508 298 141 the
16200 14512 507 141 work
16654 14516 252 141 of

14158 14647 288 147 the
14397 14643 986 171 Washington
15366 14655 370 171 city
15726 14666 379 153 post
16106 14668 448 141 office
16540 14671 367 147 and

14164 14795 249 147 Its
14418 14796 411 165 1,700
14831 14794 725 177 employes,
15555 14807 421 147 who
15955 14805 569 159 handle
16487 14815 329 147 mil-

14158 14951 408 147 lions
14517 14951 245 147 of
14729 14952 524 165 letters
15192 14957 383 159 and
15489 14956 610 165 parcels
16000 14984 536 141 every
16452 14989 419 135 year.

14540 15145 563 159 Special
15055 15154 700 153 Meeting
15666 15150 772 177 Expected.

14254 15265 196 159 It
14538 15308 318 117 -was
14931 15287 693 147 indicated
15679 15287 464 171 today
16174 15300 370 141 that
16600 15303 333 147 the

14126 15393 858 159 Federation
15004 15402 225 153 of
15228 15407 668 147 Citizens'
15928 15395 967 171 Associations

14114 15515 373 147 will
14530 15525 311 135 call
14878 15555 193 99 a
15086 15526 538 153 special
15631 15523 708 171 meeting
16322 15532 242 141 of
16596 15536 298 141 the

14136 15639 957 147 organization
15087 15655 218 123 to
15267 15646 523 153 accept
15795 15644 288 141 the
16058 15643 852 171 hospitality

14143 15749 232 135 of
14383 15748 292 141 the
14670 15769 858 135 postmaster,
15550 15756 347 141 and
15869 15761 365 135 will
16243 15765 355 135 ask
16606 15769 281 135 the

14140 15859 728 147 chairmen
14821 15869 232 135 of
15042 15874 288 129 the
15286 15879 372 147 post
15635 15871 428 147 office
16038 15876 853 141 committees

14140 15977 235 135 of
14392 15976 305 141 the
14687 15980 619 141 various
15309 15984 619 141 citizens'
15955 15992 939 141 associations

14158 16103 211 123 to
14329 16097 532 135 attend.

14226 16207 372 147 The
14538 16207 975 171 Washington
15498 16219 717 147 Chamber
16208 16224 232 141 of
16419 16218 455 153 Com-
16884 16256 13 21 '

14143 16337 497 135 tnerce.
14698 16333 522 135 Board
15256 16333 225 135 of
15510 16337 508 135 Trade
16044 16342 356 129 and
16429 16340 475 141 other,

14141 16445 515 135 bodies
14621 16444 361 141 will
15030 16454 184 129 in
15223 16453 381 135 turn
15585 16453 249 135 be
15811 16457 497 135 asked
16303 16468 218 117 to
16505 16456 395 141 hold

14130 16592 193 93 a
14262 16562 695 153 meeting
14916 16575 212 123 at
15150 16563 281 147 the
15414 16575 372 147 post
15776 16565 440 159 office,
16194 16567 540 147 where
16710 16602 193 105 a

14143 16682 910 129 commodious
15065 16705 461 111 room
15457 16685 357 135 will
15833 16684 242 141 be
16065 16680 687 165 provided.

14264 16792 480 141 After
14742 16795 393 147 each
15075 16792 661 165 meeting,
15757 16801 758 159 beginning
16458 16804 437 141 with

14167 16917 340 135 that
14481 16912 235 141 of
14706 16917 281 135 the
14935 16910 844 153 Federation
15732 16921 232 135 of
15921 16920 643 141 Citizens'
16533 16929 305 135 As-

14158 17030 743 153 sociations,
14952 17037 287 135 the
15234 17052 490 141 group
15640 17036 405 165 jvill
16058 17039 238 147 be
16298 17039 597 147 divided

14179 17153 330 135 into
14501 17174 543 129 groups
15044 17153 222 135 of
15266 17188 193 93 a
15448 17156 471 141 dozen
15909 17181 607 135 persons,
16542 17165 350 135 and

14161 17268 387 141 each
14536 17273 350 135 unit
14868 17272 346 141 will
15225 17272 248 141 be
15470 17276 510 141 shown
15983 17276 602 165 through
16596 17284 290 141 the

14153 17395 361 147 post
14516 17386 423 153 office
14944 17393 467 135 under
15420 17390 290 153 the
15698 17393 688 159 guidance
16376 17395 228 147 of
16593 17404 235 141 of-

14135 17504 473 141 ficials.

14281 17621 446 135 Thus
14746 17625 593 135 citizens
15333 17634 356 129 will
15718 17630 409 153 have
16165 17631 730 147 first-hand

14155 17738 873 153 opportunity
15002 17755 207 123 to
15173 17769 286 111 see
15431 17743 284 147 the
15656 17748 456 141 work
16056 17753 232 135 of
16267 17756 291 141 the
16513 17763 368 147 post

14145 17857 437 135 office
14573 17867 225 123 at
14839 17862 236 129 its
15077 17860 554 141 busiest
15667 17861 373 159 time,
16081 17867 650 147 between
16730 17877 153 135 6

14145 17972 565 141 o'clock
14689 17999 328 123 p.m.
15042 17977 349 135 and
15339 17977 736 159 midnight.
16177 17989 211 135 It
16404 17988 190 141 Is
16582 17993 259 135 be-

14181 18103 466 123 tween
14610 18093 413 135 these
14977 18092 473 141 hours
15423 18102 343 129 that
15747 18100 280 141 the
15985 18104 395 141 flow
16305 18104 234 141 of
16467 18113 395 135 mail

14190 18213 191 135 in
14384 18214 333 129 and
14716 18218 316 129 out
15032 18208 232 141 of
15214 18202 961 177 Washington
16192 18224 183 141 is
16368 18237 248 135 at
16644 18228 249 141 its

14149 18328 651 141 heaviest.

14735 18484 493 141 Great
15169 18489 513 135 Flow
15595 18494 255 129 of
15783 18501 439 135 Mall.

14251 18624 360 141 The
14540 18620 933 165 Washington
15463 18634 345 153 city
15790 18654 353 129 post
16144 18639 419 147 office
16587 18649 288 135 last

14145 18763 378 123 year
14537 18741 596 135 handled
15151 18736 740 165 225,000,000
15897 18751 674 171 outgoing
16592 18765 216 135 let-

14181 18866 319 129 ters
14473 18857 336 135 and
14773 18859 466 147 postal
15232 18862 460 153 cards,
15685 18895 183 99 a
15826 18877 602 135 number
16373 18875 519 147 which

14136 19007 367 99 was
14466 18972 689 141 balanced
15106 18973 276 159 by
15325 19006 267 105 an
15546 18990 943 153 approximate
16443 19026 434 105 num-

14153 19103 303 123 ber
14443 19094 580 153 coming
15012 19097 336 135 into
15331 19100 288 141 the
15599 19101 353 159 city.
16048 19108 232 141 In
16242 19106 654 153 addition

14174 19223 204 123 to
14393 19212 315 141 this
14688 19219 455 147 great
15120 19212 428 141 flow
15500 19221 226 135 of
15744 19223 736 147 first-class
16442 19252 369 117 mat-

14174 19343 266 123 ter
14435 19333 424 135 there
14809 19358 442 105 were
15225 19336 722 141 hundreds
15919 19349 222 135 of
16134 19352 754 141 thousands

14145 19458 232 129 of
14378 19460 502 141 parcel
14833 19459 440 147 "post
15267 19456 740 165 packages
15989 19464 520 165 going
16486 19471 420 147 both

14129 19595 464 123 ways.

14258 19692 357 141 The
14660 19688 349 141 local
15048 19703 340 147 post
15424 19700 419 141 office
15861 19703 375 147 does
16254 19742 193 105 a
16447 19722 434 153 great

14156 19812 660 141 business
14857 19813 187 135 in
15058 19812 281 141 the
15330 19811 724 171 handling
16032 19828 232 141 of
16252 19854 580 129 govern-

14119 19937 459 135 ment
14550 19929 494 159 postal
14988 19938 596 153 matter,
15578 19970 270 105 an
15809 19963 607 123 amount
16358 19956 544 141 which

14152 20058 384 129 does
14541 20064 312 117 not
14866 20063 463 123 count
15329 20051 635 171 dtrectly
15967 20099 250 99 on
16239 20073 292 135 the
16532 20082 323 129 offi-

14155 20168 318 141 cial
14549 20164 484 165 postal
15119 20171 657 147 business
15836 20179 229 147 of
16110 20188 285 141 the
16420 20197 433 135 office.

14141 20288 524 141 Credit
14715 20294 166 129 is
14902 20284 478 165 given
15413 20295 282 147 the
15704 20300 444 165 office,
16185 20302 679 177 however,

14161 20413 290 135 for
14443 20413 346 135 this
14723 20414 406 129 mail
15129 20411 642 147 handled
15749 20416 362 165 free,
16110 20432 496 141 under
16585 20442 302 129 the

14158 20537 504 135 recent
14641 20535 488 147 postal
15133 20529 1107 159 reclassification
16201 20558 307 129 act.

14178 20842 682 273 LOOK
14777 20847 529 267 FOR
15226 20849 600 279 RAIN
15732 20863 419 267 OR
16063 20866 744 273 SNOW.

14065 21212 686 165 Which
14683 21212 255 165 It
14832 21211 500 171 Will
15267 21220 329 165 Be
15522 21217 721 207 Tonight
16196 21239 400 171 and
16510 21243 332 171 To-

14332 21463 762 123 morrow
15009 21431 630 171 Cannot
15578 21440 319 165 Be
15841 21440 757 189 Forecast.

14269 21673 440 135 Rain
14715 21697 236 111 or
14958 21702 465 105 snow
15418 21681 564 159 tonight
15986 21692 340 141 and
16347 21708 480 141 tomor-

14158 21849 378 111 row
14519 21824 176 141 is
14694 21829 211 135 to
14867 21824 262 141 be
15123 21828 284 141 the
15361 21826 747 153 District's
16086 21852 598 141 portion
16660 21865 232 135 of

14164 21977 312 135 the
14483 21973 593 159 general
15084 21971 614 171 wintry
15679 21996 694 141 weather
16355 22006 544 153 which

14145 22128 323 141 has
14453 22123 846 171 practically
15290 22135 292 147 the
15574 22143 485 147 entire
16055 22141 625 183 Country
16691 22168 201 141 in

14179 22290 233 129 its
14432 22280 392 165 grip,
14864 22288 782 165 according
15674 22302 215 129 to
15927 22300 284 141 the
16210 22314 677 153 weather

14135 22440 584 141 bureau.

14302 22596 380 141 "We
14674 22621 317 111 are
15003 22597 339 159 just
15346 22629 266 111 on
15620 22603 295 147 the
15929 22627 559 147 ragged
16486 22628 393 165 edge

14135 22712 672 141 between
14779 22713 380 135 rain
15122 22721 357 135 and
15445 22726 553 153 snow,"
15969 22735 671 147 declared
16595 22748 294 141 the

14172 22829 366 135 local
14580 22825 768 159 forecaster,
15361 22837 401 135 who
15777 22844 356 141 said
16129 22852 250 141 he
16350 22859 542 147 would

14139 22955 318 123 not
14448 22939 262 147 be
14711 22946 736 153 surprised
15460 22953 173 135 if
15650 22951 292 147 the
15909 22961 647 159 District
16554 22985 350 135 has

14154 23083 431 123 snow,
14601 23060 313 141 but
14930 23060 344 141 that
15272 23069 243 135 he
15511 23073 500 159 really
15963 23079 325 147 did
16269 23101 305 135 not
16571 23125 256 111 ex-

14136 23192 381 141 pect
14536 23186 183 129 it.

14269 23293 543 135 Colder
14830 23303 901 147 temperature
15690 23312 356 141 will
16073 23321 440 159 reign
16493 23327 386 147 here

14159 23416 752 141 tomorrow,
14924 23408 753 165 following
15641 23414 656 177 freezing
16267 23441 574 159 tonight.

14112 23524 379 141 The
14517 23526 512 129 record
15052 23517 280 183 tpr
15370 23527 285 147 the
15674 23560 538 117 season
16190 23582 389 105 was
16584 23575 286 123 set

14141 23633 757 159 yesterday
14863 23641 698 159 morning,
15565 23652 483 141 when
16059 23658 291 153 the
16337 23670 527 153 official

14167 23757 949 135 thermometer
15120 23774 428 129 went
15588 23768 453 141 down
16083 23785 214 135 to
16339 23788 205 141 19
16565 23797 243 135 de-

14140 23889 463 135 grees
14589 23867 486 147 above
15081 23902 367 105 zero.

14264 23985 514 135 There
14796 23985 183 135 is
14991 23999 228 123 to
15200 23988 239 141 be
15444 24022 257 105 no
15705 24007 536 147 settled
16209 24028 674 141 weather

14145 24100 386 141 here
14525 24091 522 147 before
15059 24105 288 135 the
15321 24112 566 141 middle
15880 24130 232 129 of
16122 24127 281 147 the
16373 24141 478 159 week,

14141 24209 781 159 according
14904 24223 214 123 to
15124 24217 291 135 the
15417 24216 771 165 forecaster.

14227 24477 682 279 HANG
14818 24478 807 297 NEGRO
15521 24501 424 279 TO
15847 24510 884 297 BRIDGE.

14071 24869 619 183 White
14572 24882 846 177 Woman's
15332 24896 827 189 Assailant
16106 24919 255 171 Is
16281 24924 609 189 Taken

14288 25090 565 177 From
14750 25103 395 171 Jail
15109 25106 333 201 by
15315 25110 550 201 Wise,
15829 25120 394 213 Va.,
16175 25141 476 183 Mob.

14224 25293 772 183 BRISTOL,
15016 25313 788 183 Va.-Tenn.,
15809 25334 799 177 November
16631 25372 214 141 15.

14076 25464 646 141 ?Dave
14659 25460 487 165 Hunt,
15137 25497 490 135 negro,
15618 25489 426 159 aged
16027 25503 852 171 twenty-five

14141 25642 464 129 years,
14699 25636 693 141 captured
15437 25640 434 141 after
15929 25682 260 105 an
16243 25672 655 165 exciting

14143 25781 464 135 chase
14589 25815 274 99 on
14834 25807 193 99 a
14998 25799 785 147 passenger
15783 25808 417 141 train
16170 25833 354 135 and
16498 25827 397 147 held

14160 25936 283 141 for
14475 25936 288 141 the
14778 25949 576 135 assault
15359 25946 581 177 Friday
15941 25973 228 135 of
16189 26011 260 99 an
16465 25995 423 147 aged

14120 26096 498 141 white
14601 26118 604 129 woman,
15226 26133 389 111 was
15658 26119 462 147 taken
16144 26134 442 153 from
16591 26144 291 141 the

14151 26254 298 153 jail
14442 26262 225 129 at
14599 26253 514 159 Wise,
15081 26257 354 159 Va.,
15456 26270 263 153 by
15675 26302 203 105 a
15804 26290 420 129 mob
16189 26297 239 135 of
16384 26300 493 141 about

14146 26404 909 165 seventy-five
15054 26441 403 111 men
15478 26432 350 141 and
15845 26426 598 177 hanged
16471 26462 218 129 to
16702 26482 193 105 a

14134 26533 547 159 bridge
14638 26557 405 111 near
14972 26530 461 153 Kent
15394 26537 698 183 Junction,
16062 26572 547 141 where
16577 26576 305 141 the

14136 26660 479 141 crime
14681 26661 182 135 is
14913 26660 367 141 said
15331 26669 214 135 to
15580 26666 413 153 have
16013 26682 411 153 been
16455 26720 395 117 com-

14111 26779 566 147 mitted.
14723 26778 739 153 Entrance
15422 26822 389 105 was
15792 26806 571 153 gained
16360 26830 224 129 to
16587 26824 298 141 the

14155 26906 293 153 jail
14429 26905 260 159 by
14646 26900 732 165 breaking
15329 26917 456 135 down
15771 26925 288 135 the
16025 26932 464 141 doors.
16510 26944 372 141 The

14141 27054 484 129 negro
14581 27052 379 117 was
14970 27033 462 135 taken
15434 27047 211 123 to
15643 27040 288 141 the
15929 27071 442 123 scene
16360 27064 225 141 of
16587 27060 288 141 the

14164 27149 678 159 lynching
14827 27153 194 135 in
14982 27177 274 111 an
15208 27163 868 147 automobile.

14226 27275 365 147 The
14596 27273 572 159 negro's
15169 27277 527 159 victim,
15721 27319 183 99 a
15858 27319 608 123 woman,
16455 27304 436 165 sixty

14137 27427 455 123 years
14628 27399 301 147 old,
14965 27426 386 105 was
15377 27407 752 147 assaulted
16140 27453 388 111 near
16557 27432 319 141 her

14137 27529 447 135 home
14547 27516 581 165 Friday
15085 27518 760 153 afternoon.
15878 27529 610 183 Shortly
16445 27551 431 147 after

14152 27653 291 135 the
14444 27654 478 129 crime
14911 27645 316 135 she
15215 27639 612 171 flagged
15824 27660 288 141 the
16140 27666 738 153 interstate

14144 27793 768 135 passenger
14947 27773 421 135 train
15377 27803 228 99 as
15658 27777 170 135 it
15835 27802 432 129 came
16273 27792 267 165 by
16541 27796 350 141 and

14152 27900 359 141 told
14416 27895 739 147 members
15112 27892 228 141 of
15312 27896 294 141 the
15556 27920 455 117 crew
15955 27907 347 147 that
16274 27920 312 141 she
16538 27924 353 141 had

14144 28029 398 135 been
14517 28015 688 147 attacked
15176 28016 253 165 by
15390 28052 193 93 a
15529 28045 487 135 negro,
15986 28040 557 141 whom
16510 28039 378 171 they

14147 28148 464 141 could
14634 28169 310 111 see
14926 28136 703 165 walking
15637 28174 274 105 on
15933 28152 305 141 the
16274 28156 621 165 railway

14153 28269 428 159 right
14589 28264 232 141 of
14810 28285 410 135 way
15237 28289 422 111 some
15674 28266 661 153 distance
16353 28289 495 135 ahead.

14115 28397 379 135 The
14528 28388 427 141 train
14978 28388 585 141 started
15563 28392 451 141 after
16040 28391 302 147 the
16358 28425 497 135 negro,

14113 28531 397 123 who
14557 28512 571 141 headed
15166 28512 301 141 for
15534 28512 288 141 the
15839 28527 1039 147 mountainside

14110 28650 501 129 when
14570 28645 246 135 he
14809 28661 375 111 saw
15151 28636 351 141 that
15485 28641 246 135 he
15685 28661 385 111 was
16045 28639 495 171 being
16475 28670 344 129 pur-

14140 28768 394 141 sued.
14579 28760 372 141 The
14960 28760 708 141 trainmen
15667 28755 318 147 left
16004 28759 412 147 their
16431 28769 421 159 train,

14159 28888 402 141 took
14530 28895 235 123 to
14767 28889 295 135 the
15018 28880 551 141 woods
15553 28885 354 135 and
15898 28890 693 153 captured
16591 28888 288 141 the

14152 29002 625 177 fugitive.
14857 29124 120 45 _

14480 29082 533 441 k

16900 3015 931 339 OKU
17450 3016 737 333 MA
17986 2995 1567 363 ATTACKS

16990 3371 1393 339 TREATY
18114 3361 1113 351 PLAN
18990 3359 655 339 TO
19638 3371 73 387 j

17087 3725 871 327 BAR
17897 3701 1824 399 JAPANESE

17118 4095 582 171 TOKIO,
17696 4107 772 147 November
18463 4113 198 135 15
18679 4105 304 159 (by
18980 4105 264 135 the
19217 4101 271 135 As-

17024 4257 659 135 sociated
17663 4256 1284 165 Press).?Marquis
18928 4257 615 135 Okuma.
19662 4246 33 105 1

17037 4386 554 153 former
17574 4400 694 165 Japanese
18253 4410 624 153 premier,
18893 4399 600 147 address-

17052 4541 313 159 ing
17315 4579 203 99 a
17455 4557 691 159 meeting
18138 4561 454 159 today,
18618 4549 677 159 strongly
19266 4550 231 129 at-

17047 4697 540 135 tacked
17614 4704 281 141 the
17909 4705 388 159 plan
18323 4723 218 123 to
18558 4703 593 147 exclude
19175 4694 330 153 Jap-

17018 4865 476 111 anese
17553 4852 442 141 from
17995 4861 695 135 America
18717 4858 263 153 by
19035 4848 501 141 treaty.

16998 4990 316 129 He
17313 4994 600 153 pointed
17911 5015 292 123 out
18237 5004 345 141 that
18589 5009 645 135 hitherto
19274 4973 440 159 im-#

16985 5097 819 159 migration
17770 5147 393 99 was
18167 5125 757 135 restricted
18913 5107 486 147 under
19383 5135 203 99 a

17025 5211 779 171 voluntary
17841 5244 791 141 agreement
18708 5236 607 141 because
19402 5222 153 129 it

17040 5359 351 99 ivas
17402 5345 626 135 realized
18049 5349 323 135 that
18410 5349 807 135 restriction
19189 5357 389 111 was

17025 5450 798 153 prejudicial
17946 5476 211 117 to
18233 5461 590 159 Japan's
18892 5452 638 165 prestige.

17018 5560 361 141 The
17410 5582 592 129 present
18046 5582 441 129 effort
18554 5587 208 123 to
18759 5578 485 129 make
19296 5601 204 87 re-

17034 5676 667 141 striction
17674 5689 723 159 statutory,
18401 5693 249 135 he
18629 5687 353 147 said,
18968 5716 372 93 was
19309 5701 267 111 an

17018 5803 309 123 act
17300 5788 232 141 of
17527 5785 688 183 infidelity
18187 5810 211 129 to
18374 5801 1178 159 Japanese-Ainer-
19656 5826 53 81 ?

17059 5904 353 141 loan
17398 5902 783 177 friendship.

17121 6020 365 141 The
17468 6024 544 141 former
17984 6040 620 141 premier
18573 6032 652 141 believed
19224 6028 335 141 that

16974 6128 983 165 Washington
17905 6149 528 135 would
18424 6159 232 123 be
18641 6149 377 135 able
19010 6160 215 117 to
19202 6157 368 135 stop
19663 6161 43 111 I

17006 6247 895 147 Californian
17867 6286 764 105 measures
18625 6266 267 153 by
18882 6259 715 147 enlisting

17029 6362 520 153 public
17528 6370 597 153 opinion
18108 6377 229 135 of
18350 6381 285 135 the
18597 6381 515 135 whole
19106 6398 407 105 coun-

17040 6478 282 153 try.
17430 6481 197 135 If
17616 6481 621 159 Japan's
18217 6495 606 147 appeals
18831 6504 222 117 to
19034 6494 477 129 Amer-

17035 6589 371 135 ica's
17369 6618 449 105 sense
17775 6601 226 135 of
17988 6605 927 135 international
18866 6598 711 153 morality

17037 6701 479 159 failed,
17539 6713 292 135 the
17817 6715 615 147 speaker
18415 6715 761 147 continued,
19188 6709 389 159 only

17034 6816 436 141 force
17501 6823 709 147 remained.
18351 6829 495 159 Japan
18871 6820 713 165 sincerely

17024 6932 585 141 desired
17590 6971 193 99 a
17758 6945 642 135 solution
18376 6950 229 129 of
18622 6949 281 135 the
18896 6942 648 153 problem,

17018 7045 260 135 he
17272 7049 768 159 concluded,
18090 7054 608 153 fearing
18695 7062 355 129 that
19056 7062 455 129 other-

17001 7160 418 141 wise
17454 7160 288 141 the
17748 7169 669 159 question
18397 7168 536 141 would
18970 7168 339 141 lead
19309 7190 271 129 up

17043 7288 218 117 to
17268 7307 261 99 an
17543 7279 667 147 outburst
18224 7284 225 141 of
18470 7281 1120 159 self-sacrificing

17018 7391 848 147 patriotism
17821 7397 290 135 for
18069 7401 527 135 which
18594 7406 285 129 the
18867 7398 700 153 Japanese

17025 7502 529 153 people
17534 7535 321 99 are
17845 7513 468 135 noted.

16873 9289 386 279 Dr.
17476 9302 1119 273 Bowerman
18788 9291 877 291 Believes

17051 9621 692 279 House
17651 9620 1437 285 Subcommittee
19003 9625 417 279 Vis-

17335 9946 194 273 it
17533 9945 691 279 .Would
18162 9945 653 279 Mean
18786 9945 449 279 Aid.

17020 10280 281 141 Dr.
17338 10284 557 165 George
17898 10288 210 141 F.
18143 10285 813 159 Bowerman,
19032 10286 637 153 librarian

16912 10434 217 129 of
17167 10433 287 135 the
17451 10436 530 141 Public
17965 10434 623 153 Library,
18656 10428 455 165 today
19148 10439 531 147 invited

16893 10574 772 153 Chairman
17605 10588 633 141 Charles
18159 10588 241 141 R.
18364 10588 500 141 Davis
18828 10592 225 141 of
19034 10592 292 141 the
19282 10596 337 141 sub-

16914 10735 789 147 committee
17664 10769 260 111 on
17902 10743 289 147 the
18122 10744 648 141 District
18731 10744 229 141 of
18919 10749 295 135 the
19123 10752 540 141 House

16927 10889 1087 159 appropriations
18054 10900 805 141 committee
18951 10910 214 129 to
19201 10895 474 171 bring

16909 11041 291 135 his
17244 11042 1022 153 subcommittee
18285 11052 471 141 down
18791 11062 218 129 to
19034 11085 297 111 see
19379 11065 292 135 the

16878 11196 488 141 work
17313 11191 488 171 being
17728 11198 407 153 done
18081 11204 273 165 by
18303 11212 292 141 the
18542 11207 548 147 Public
19027 11207 648 171 Library

16905 11347 347 147 and
17246 11356 229 141 its
17449 11353 703 159 branches.
18215 11359 285 171 5>r.
18479 11361 846 159 Bowerman
19309 11376 360 141 said

16898 11509 264 135 he
17114 11506 665 153 believed
17747 11520 354 141 that
18096 11520 712 165 improved
18767 11527 579 147 service
19275 11532 370 141 will

16925 11670 469 129 result
17385 11673 473 135 when
17887 11676 295 141 the
18181 11676 1069 165 appropriating
19243 11713 399 111 com-

16872 11785 577 135 mittee
17439 11813 500 111 comes
17944 11812 224 117 to
18161 11795 312 147 full
18482 11802 966 153 appreciation
19433 11814 235 129 of

16937 11902 285 129 the
17209 11926 446 129 scope
17633 11909 340 135 and
17958 11917 414 135 class
18357 11911 239 147 of
18542 11915 492 147 work
19015 11920 348 141 that
19375 11924 292 141 the

16942 12012 542 165 library
17491 12024 176 141 is
17648 12019 473 171 doing.
18190 12031 369 147 The
18576 12031 552 171 library
19132 12040 176 141 is
19293 12070 400 105 now

16933 12128 537 165 taking
17442 12165 366 111 care
17799 12149 215 135 of
18023 12153 285 135 the
18264 12155 849 147 maximum
19053 12159 614 147 number

16908 12254 222 129 of
17133 12264 611 141 patrons
17773 12275 205 123 to
17942 12273 538 135 which
18518 12277 156 135 it
18694 12306 323 105 can
19017 12276 655 165 possibly

16896 12369 402 159 give
17279 12370 618 153 efficient
17890 12386 573 153 service,
18477 12392 264 141 he
18719 12396 369 141 said.

17037 12488 295 141 Dr.
17326 12490 811 153 Bowerman
18112 12508 333 141 and
18439 12515 287 147 the
18735 12511 539 171 library
19248 12530 352 129 trus-

16935 12619 340 123 tees
17255 12638 320 105 are
17561 12621 603 135 anxious
18183 12640 217 117 to
18374 12632 416 141 have
18800 12636 297 141 the
19088 12646 549 129 central

16948 12720 539 165 library
17469 12733 242 135 of
17731 12736 280 141 the
17990 12738 672 153 National
18669 12743 575 171 Capital
19253 12777 411 135 open

16906 12845 255 135 all
17169 12846 350 153 day
17495 12873 468 135 every
17937 12857 343 159 day
18298 12864 184 141 in
18499 12867 284 147 the
18753 12872 452 141 week.
19290 12876 368 141 The

16925 12967 578 147 regular
17439 12961 484 159 hours
17869 12976 239 141 of
18079 12985 284 135 the
18352 12979 532 171 library
18842 12987 279 147 for
19082 13022 193 105 a
19214 13021 424 111 num-

16917 13085 303 135 ber
17200 13079 235 147 of
17399 13104 472 141 years
17849 13090 405 153 have
18232 13099 400 147 been
18617 13109 143 135 9
18741 13137 339 111 a.m.
19093 13117 396 135 until
19509 13116 143 141 9

16910 13222 381 129 p.m.,
17263 13204 329 141 but
17527 13214 259 129 all
17796 13212 306 141 last
18063 13242 400 129 year
18406 13229 350 135 and
18713 13228 385 141 thus
19051 13232 303 141 far
19324 13232 345 141 this

16913 13342 390 129 year
17296 13323 298 147 the
17607 13322 529 177 library
18112 13341 315 135 has
18409 13344 343 141 had
18750 13358 207 129 to
18930 13353 248 135 be
19152 13357 509 135 closed

16913 13447 221 123 at
17133 13441 143 135 3
17258 13467 346 123 p.m.
17611 13465 478 135 every
17987 13452 923 165 Wednesday
18873 13468 613 141 because
19498 13477 152 135 it

16913 13557 328 135 has
17218 13566 304 129 not
17509 13564 340 141 had
17822 13598 193 105 a
17986 13570 683 153 sufficient
18665 13578 422 153 force
19094 13593 211 135 to
19282 13570 380 177 give

16935 13677 291 135 the
17246 13676 304 141 full
17581 13676 336 165 day.
18052 13692 197 141 It
18295 13691 183 147 is
18485 13724 399 117 now
18861 13699 810 171 deplorably

16922 13793 983 159 short-handed
17884 13813 217 135 to
18043 13821 446 135 meet
18492 13808 314 189 thf.
18762 13818 687 153 demands
19428 13827 239 147 of

16940 13912 246 141 its
17164 13922 595 153 patrons.
17748 13928 288 141 Dr.
18033 13936 818 141 Bowerman
18831 13944 358 141 said.

17011 14032 374 141 The
17311 14051 434 123 most
17714 14048 576 141 notable
18298 14049 893 159 improvement
19200 14064 207 141 in
19383 14073 290 135 the

16954 14144 529 165 library
17494 14164 556 141 service
18054 14167 506 147 aimed
18558 14188 228 117 at
18809 14170 554 177 during
19369 14179 301 147 the

16917 14279 373 123 next
17254 14290 397 129 year
17578 14281 356 135 will
17918 14274 252 153 be
18140 14290 224 129 to
18319 14287 708 147 establish
18974 14322 193 105 a
19117 14299 562 147 branch

16920 14390 204 129 in
17067 14382 754 153 Southeast
17730 14392 954 165 Washington.
18726 14407 369 147 The
19036 14414 630 153 District

16901 14499 1119 171 Commissioners,
18001 14546 263 105 on
18231 14518 288 153 the
18486 14538 1197 153 recommendation

16910 14619 234 147 of
17123 14627 294 147 the
17389 14623 549 171 library
17885 14645 640 135 trustees
18462 14652 353 141 and
18733 14656 437 141 with
19122 14660 307 141 the
19376 14684 255 117 co-

16913 14742 737 153 operation
17580 14746 262 153 ?f
17777 14747 740 171 Secretary.
18466 14755 633 171 Daniels,
19090 14795 323 123 are
19375 14800 252 117 en-

16913 14857 773 159 deavoring
17644 14874 224 129 to
17811 14875 303 147 get
18093 14871 301 147 the
18345 14882 307 129 old
18554 14887 502 147 naval
19034 14884 622 165 hospital

16910 14987 228 123 at
17134 14976 298 141 9th
17403 14994 471 129 street
17839 14994 349 129 and
18138 14992 1021 165 Pennsylvania
19102 15027 572 123 avenue

16927 15096 730 141 southeast
17706 15102 849 153 transferred
18589 15116 286 141 for
18891 15150 330 105 use
19223 15154 262 105 as
19484 15163 213 99 a

16938 15204 556 165 library
17460 15214 802 153 substation.
18329 15222 772 177 Secretary
19045 15239 622 147 Daniels

16914 15324 339 141 has
17221 15334 544 153 agreed
17749 15330 357 153 that
18090 15339 266 147 he
18298 15347 356 147 Will
18661 15357 301 135 not
18984 15356 689 165 interpose

16906 15466 363 129 any
17230 15435 724 171 objection
17947 15466 221 129 to
18164 15458 301 153 the
18457 15468 645 141 transfer
19071 15476 252 141 of
19324 15480 349 141 this

16913 15566 682 153 property
17553 15563 445 147 from
17936 15571 301 147 the
18155 15572 492 165 Navy
18569 15579 901 171 Department
19455 15605 214 135 to

16919 15676 284 141 the
17147 15679 622 147 District
17719 15706 879 129 government
18570 15700 289 141 for
18822 15708 401 141 such
19162 15737 323 111 use.

16999 15791 378 147 The
17403 15794 868 153 installation
18256 15813 239 135 of
18478 15842 193 105 a
18669 15820 684 141 technical
19380 15828 270 141 di-
19658 15812 33 93 1

16903 15912 510 141 vision
17403 15916 534 141 which
17934 15923 542 147 would
18494 15932 262 141 be
18768 15936 236 141 of
19025 15941 623 159 especial
19658 15925 33 183 j

16888 16029 458 135 value
17376 16037 220 135 to
17600 16033 693 159 employes
18293 16050 224 129 of
18544 16053 297 135 the
18845 16078 418 129 navy
19269 16067 402 147 yard
19651 16094 43 153 ;

16905 16145 354 135 and
17264 16142 630 153 increase
17906 16151 420 147 their
18300 16154 746 177 efficiency
19047 16171 194 147 in
19244 16175 423 147 their
19651 16134 43 225 j

16882 16265 491 135 work
17333 16264 297 141 for
17556 16268 509 141 Uncle
18003 16276 430 141 Sam
18388 16281 202 135 is
18551 16290 221 129 to
18714 16288 256 141 be
18919 16319 203 99 a
19074 16286 588 153 feature
19654 16330 33 105 :

16904 16376 214 141 of
17155 16380 313 141 this
17483 16383 761 147 substation.
18350 16396 729 165 Secretary
19064 16406 629 153 Daniels'

16946 16497 166 135 is
17082 16496 933 165 particularly
17962 16504 614 165 pleased
18510 16520 452 141 with
18931 16524 343 141 this
19219 16524 409 165 plan.
19654 16513 33 159 1

16877 16618 293 129 As
17199 16617 169 135 it
17388 16616 179 141 is
17535 16637 493 135 many
18031 16629 680 159 employes
18716 16636 210 141 of
18955 16644 287 141 the
19245 16669 412 135 navy
19640 16611 53 195 !

16902 16720 411 165 yard
17293 16757 410 111 now
17635 16761 320 111 are
17933 16735 496 171 using
18403 16753 299 135 the
18695 16755 678 147 technical
19372 16764 191 141 di-

16896 16843 520 147 vision
17421 16847 307 147 for
17712 16865 680 135 research
18351 16873 502 135 work
18831 16881 364 135 and
19181 16885 497 159 study

16901 16994 267 105 on
17169 16973 448 135 naval
17647 16975 930 171 engineering
18561 16988 723 165 problems,
19320 16999 365 147 and

16939 17089 173 135 if
17104 17088 302 141 the
17404 17082 574 177 library
17929 17095 574 147 branch
18469 17112 481 141 could
18910 17121 248 135 be-
19143 17129 464 135 estab-

16932 17208 473 141 lished
17417 17236 556 117 nearer
17976 17219 430 147 their
18405 17222 522 153 homes
18967 17236 162 141 it
19122 17243 545 147 would

16906 17329 256 135 be
17166 17358 193 105 a
17361 17329 336 159 big
17688 17339 919 147 convenience
18639 17362 218 129 t?
18887 17355 447 147 them
19310 17323 380 195 and!

16900 17451 394 147 give
17275 17453 444 135 them
17623 17481 481 111 more
18068 17460 375 141 time
18411 17464 307 141 for
18675 17467 480 171 study
19101 17481 576 159 during

16931 17569 295 135 the
17243 17568 553 141 limited
17796 17571 393 147 time
18188 17575 298 147 the
18508 17578 562 177 library
19082 17596 173 141 is
19244 17621 416 135 open

16915 17685 693 159 evenings.

17002 17799 508 147 There
17530 17809 184 135 is
17694 17839 193 99 a
17872 17813 538 159 special
18429 17819 297 147 bill
18745 17828 626 165 already
19342 17840 253 141 be-

16928 17920 354 141 fore
17288 17921 736 159 Congress
18025 17927 577 171 asking
18602 17949 767 159 authority
19363 17951 307 147 for

16930 18037 273 135 the
17241 18042 798 153 acceptance
18088 18054 207 129 of
18362 18049 508 159 $30,000
18927 18068 416 141 from
19385 18081 273 135 the

16894 18149 717 159 Carnegie
17623 18147 898 171 Foundation
18561 18176 294 141 for
18895 18180 292 141 the
19227 18212 382 117 erec-

16924 18272 336 141 tion
17240 18278 214 129 of
17445 18303 183 99 a
17601 18276 557 141 branch
18149 18279 512 171 library
18675 18302 183 129 in
18868 18306 283 129 the
19153 18313 447 135 south-

16926 18398 349 129 east
17275 18388 569 141 section
17824 18421 267 111 on
18065 18426 183 105 a
18230 18404 340 141 site
18567 18418 214 129 to
18768 18412 239 141 be
18993 18419 635 147 donated.

16894 18504 778 141 Chairman
17644 18505 558 159 Mapes
18190 18521 246 135 of
18459 18524 302 141 the
18719 18531 558 147 House
19249 18540 356 141 Dis-

16927 18625 367 135 trict
17292 18628 802 141 committee
18104 18638 187 129 is
18283 18630 735 177 fostering
19011 18657 333 135 this
19337 18655 300 147 bill

16906 18751 239 123 at
17135 18741 288 135 the
17399 18746 579 153 request
17960 18749 232 135 of
18179 18747 295 147 the
18464 18750 563 177 library
19002 18776 630 141 trustees.

16932 18861 193 135 It
17137 18856 364 141 will
17563 18859 564 147 receive
18167 18869 446 159 early
18647 18886 1017 153 consideration

16893 18977 480 135 when
17345 18971 725 171 Congress
18059 18999 919 147 reassembles.

16816 19266 729 273 WILL
17428 19271 489 267 AID
17844 19267 860 291 JEWISH
18593 19287 1092 291 ORPHANS

16883 19663 872 219 Campaign
17798 19674 543 177 Flans
18432 19687 321 171 for
18811 19695 846 219 European

16910 19895 624 171 Work
17439 19897 989 183 Announced
18404 19907 259 171 in
18572 19915 534 171 New
18984 19921 542 183 York.

17032 20103 553 147 NEW
17488 20104 560 165 YORK,
18053 20114 806 153 November
18869 20128 782 165 15.?Plans
19647 20148 43 117 I

16924 20221 228 135 to
17214 20236 603 141 support
17878 20233 357 135 and
18299 20233 613 159 educate,
19013 20246 650 177 through

16898 20340 763 141 American
17649 20342 307 153 aid,
17982 20358 537 129 several
18548 20354 659 153 hundred
19210 20372 379 141 thou-

16922 20457 409 135 sand
17309 20456 579 141 Jewish
17845 20481 383 111 war
18224 20466 638 153 orphans
18876 20482 204 129 in
19044 20475 613 171 Europe

16906 20568 354 141 and
17249 20573 734 135 Palestine
18013 20601 442 111 were
18472 20601 824 135 announced
19335 20595 300 147 last

16923 20680 447 165 night
17369 20680 267 165 by
17642 20694 288 129 the
17934 20689 392 159 joint
18325 20693 911 159 distribution
19227 20737 395 111 com-

16879 20794 556 153 mittee
17397 20801 239 135 of
17608 20805 309 135 the
17852 20808 776 141 American
18594 20811 413 147 fund
18973 20820 283 141 for
19221 20828 392 141 Jew-

16947 20917 265 135 ish
17149 20941 386 111 war
17506 20916 679 141 sufferers.
18249 20924 362 141 The
18583 20928 753 165 campaign
19273 20939 357 147 will

16910 21033 259 135 be
17126 21027 658 147 directed
17738 21034 284 153 by
17984 21037 302 135 the
18223 21066 385 105 war
18573 21046 647 153 orphans'
19227 21082 398 105 com-

16878 21149 553 135 mittee
17389 21149 483 135 under
17816 21144 330 165 tfie
18103 21143 1018 171 chairmanship
19076 21165 222 135 of
19235 21166 385 153 Maj.

16902 21260 682 141 Solomon
17638 21259 898 147 Lowenstein
18601 21269 232 135 of
18937 21277 275 135 the
19272 21275 381 147 Red

16897 21376 480 141 Cross.

17071 21493 194 135 It
17306 21498 166 129 is
17482 21493 754 135 estimated
18243 21496 432 141 there
18676 21525 314 111 are
18985 21514 305 129 not
19328 21513 316 135 less

16927 21604 386 141 than
17301 21602 542 153 300,000
17813 21604 585 141 Jewish
18353 21608 644 165 orphans,
19018 21616 654 165 ranging

16943 21722 194 129 in
17087 21743 348 123 age
17435 21721 439 135 from
17818 21717 294 135 six
18083 21743 449 123 years
18512 21725 598 159 upward.
19150 21733 505 135 There

16905 21874 307 105 are
17212 21845 359 135 few
17523 21841 636 159 orphans
18138 21839 756 171 surviving
18857 21847 483 147 under
19324 21860 323 141 five

16902 21982 462 129 years
17384 21956 232 141 of
17630 21983 346 123 age,
18029 21961 396 135 both
18441 21959 622 147 because
19081 21973 232 135 of
19351 21982 292 129 the

16943 22081 329 135 low
17245 22072 457 141 birth
17709 22077 357 135 rate
18069 22068 569 165 during
18646 22076 289 141 the
18914 22104 386 117 war
19299 22093 353 135 and

16895 22197 635 135 because
17464 22198 453 129 most
17897 22183 232 147 of
18120 22188 446 141 those
18534 22197 418 135 born
18930 22190 432 153 since
19348 22209 302 135 the

16908 22302 715 153 outbreak
17599 22304 215 141 of
17818 22300 289 141 the
18061 22330 383 105 war
18425 22307 417 147 have
18829 22315 823 147 succumbed

16912 22434 228 129 to
17086 22410 801 177 privations
17874 22421 204 135 to
18013 22420 538 141 which
18526 22419 385 171 they
18858 22427 423 147 have
19230 22431 425 147 been

16914 22525 622 183 exposed.

16979 22804 863 285 BRAZIL
17762 22805 664 279 ASKS
18354 22809 536 279 FOR
18847 22812 659 285 JEWS.

16874 23195 543 171 Offers
17381 23188 456 165 Free
17780 23184 642 165 Homes
18426 23194 242 153 to
18648 23183 535 195 2,500
19125 23194 507 177 Fam-

17448 23404 394 165 ilies
17816 23404 565 165 From
18290 23403 760 171 Ukraine.

17016 23619 722 147 VIENNA.
17722 23610 817 153 November
18556 23613 647 159 14.?The
19207 23652 402 117 com-

16863 23773 564 135 mittee
17439 23766 543 153 caring
17985 23765 290 135 for
18255 23754 813 153 Ukrainian
19065 23770 575 153 Jewish

16906 23917 666 159 refugees
17604 23917 208 135 in
17790 23907 862 147 Bessarabia
18635 23912 336 141 has
18982 23924 658 141 received

16900 24098 257 105 an
17168 24059 517 147 official
17728 24057 404 135 offer
18164 24052 442 141 from
18603 24056 295 141 the
18894 24063 742 147 Brazilian

16906 24182 907 153 government
17875 24183 210 123 to
18126 24168 464 141 settle
18627 24171 408 147 2,500
19059 24179 595 147 Jewish

16905 24291 627 147 families
17506 24293 217 135 at
17714 24280 896 165 government
18606 24300 622 141 expense,
19239 24313 388 135 says

16884 24438 213 105 a
17086 24411 503 147 report
17609 24400 445 141 from
17991 24392 757 141 Kishineff.
18831 24399 371 147 The
19204 24429 405 111 com-

16867 24524 559 141 mittee
17396 24503 684 171 accepted
18066 24509 285 135 the
18324 24503 404 147 offer
18696 24508 341 141 and
19041 24513 163 135 is
19178 24515 398 147 send-

16924 24641 309 159 ing
17201 24646 312 129 out
17510 24671 193 99 a
17690 24623 871 147 commission
18571 24641 214 111 to
18797 24624 830 165 investigate

16919 24756 295 141 the
17183 24742 722 153 condition
17880 24745 239 135 of
18093 24736 298 141 the
18403 24737 357 135 land.

17026 24869 372 135 The
17407 24850 725 153 condition
18136 24854 222 129 of
18388 24848 299 141 the
18689 24847 575 147 Jewish
19275 24860 289 141 ref-

16887 25009 502 111 ugees
17396 24981 211 135 in
17567 24962 886 153 Bessarabia
18444 24965 183 135 is
18614 24985 424 135 very
19019 24971 574 147 serious.

16878 25095 372 147 The
17288 25086 452 153 funds
17764 25085 229 135 of
18034 25081 289 135 the
18354 25076 451 141 relief
18835 25089 792 135 committee

16897 25237 310 111 are
17279 25193 785 159 exhausted,
18121 25192 347 141 and
18496 25192 249 141 M.
18791 25190 774 153 Bern'stein-

16859 25327 585 147 Kahan,
17457 25321 302 135 the
17764 25307 487 147 leader
18217 25304 253 141 of
18412 25303 823 147 Rumanian
19198 25307 391 147 Jew-

16906 25469 252 111 ry
17153 25446 326 129 has
17457 25438 411 129 been
17838 25424 491 141 asked
18326 25431 208 123 to
18518 25447 263 123 go
18775 25430 218 129 to
18951 25424 685 141 America

16908 25492 620 213 to'seek
17485 25539 311 147 aid
17788 25541 442 135 from
18195 25542 295 129 the
18451 25536 776 141 American
19186 25541 448 135 Jews

16919 25679 217 123 to
17174 25689 381 111 save
17643 25657 412 135 their
18067 25648 813 141 Ukrainian
18948 25653 684 135 brethren

16898 25785 462 135 from
17307 25767 385 147 total
17695 25758 1057 153 extermination.

16862 26041 727 279 FIXES
17554 26029 1208 279 INSURANCE
18672 26034 931 273 STATUS.

16843 26403 737 195 Highest
17510 26400 562 165 Court
17998 26397 567 159 Rules
18538 26428 304 117 on
18763 26385 634 207 Folicy
19342 26436 304 117 on

17563 26611 452 171 Life
17983 26603 262 171 of
18210 26602 667 177 Suicide.

17011 26828 313 141 An
17315 26829 727 135 insurance
18006 26807 517 171 policy
18479 26847 261 99 on
18715 26821 292 135 the
19000 26820 295 141 life
19260 26825 225 135 of
19464 26855 173 99 a

16882 26963 533 123 person
17397 26937 392 135 who
17803 26933 639 135 commits
18459 26928 539 141 suicide
19048 26938 174 129 is
19234 26958 335 129 pay-

16889 27057 374 135 able
17331 27053 173 135 if
17505 27049 252 135 all
17783 27040 792 141 conditions
18580 27040 232 141 of
18828 27044 295 141 the
19129 27050 511 153 policy

16892 27197 303 111 are
17178 27156 698 165 complied
17809 27155 431 147 with,
18258 27157 292 135 the
18506 27153 688 159 Supreme
19134 27165 488 135 Court

16894 27289 446 135 ruled
17326 27277 454 159 today
17775 27277 205 135 in
17961 27265 816 159 sustaining
18748 27272 455 141 lower
19179 27286 439 129 court

16892 27406 563 129 decrees
17476 27398 204 129 in
17669 27419 183 99 a
17842 27389 324 135 suit
18172 27381 590 159 brought
18758 27386 568 153 against
19350 27394 273 129 the

16868 27507 1067 147 Northwestern
17884 27501 600 135 Mutual
18468 27496 398 141 Life
18876 27504 761 141 Insurance

16876 27631 736 147 Company
17581 27618 260 153 by
17820 27616 463 141 Isabel
18251 27618 242 129 H.
18497 27609 663 159 Johnson,
19164 27621 399 135 bene-

16879 27746 537 153 ficiary
17374 27736 486 141 under
17829 27762 183 105 a
17966 27724 524 165 policy
18444 27728 684 141 obtained
19085 27729 270 159 by
19313 27742 312 129 her

16889 27855 663 147 husband.

17010 27976 369 141 The
17367 27985 701 135 company
18010 27960 733 141 withheld
18709 27971 670 147 payment
19376 27999 250 99 on

16904 28096 298 141 the
17191 28080 597 165 ground
17798 28081 348 135 that
18184 28081 179 135 it
18326 28107 392 99 was
18719 28087 692 147 contrary
19409 28096 231 117 to

16886 28205 520 159 public
17369 28197 507 159 policy
17869 28203 201 123 to
18041 28214 347 129 pay
18379 28188 753 165 indemnity
19096 28223 264 99 on
19343 28197 292 135 the

16909 28324 297 141 life
17149 28316 232 141 of
17330 28351 193 99 a
17470 28312 562 141 suicide.
18092 28343 130 99 '
18229 28443 136 51 ,
18366 28446 139 33 .
18504 28442 139 33 .

17017 28431 627 147 Counsel
17655 28429 273 135 for
17926 28424 288 141 the
18194 28446 705 129 company
18862 28428 778 141 contended

16908 28557 347 135 that
17290 28554 285 129 the
17590 28550 523 129 courts
18097 28540 344 141 had
18427 28536 397 141 held
18833 28541 807 159 repeatedly

16908 28674 350 129 that
17228 28660 575 141 neither
17788 28656 291 141 the
18076 28660 586 141 insured
18605 28682 333 105 nor
18904 28657 305 135 the
19158 28652 416 141 bene-

16886 28783 541 147 ficiary
17393 28777 535 135 should
17884 28773 260 135 do
18084 28765 738 159 anything
18791 28778 221 129 to
18975 28770 611 153 "wrong-

16895 28894 432 153 fully
17299 28892 802 141 accelerate
18100 28883 298 147 the
18346 28881 764 159 maturity
19089 28880 242 141 of
19340 28884 298 141 the

16886 28993 616 183 eolicy."

19651 5180 863 285 Election
20563 5195 291 267 of
20919 5203 986 267 President
21973 5208 473 261 and

19820 5505 636 279 Other
20380 5513 840 279 Officers
21157 5527 545 267 First
21591 5528 669 261 Work

20335 5839 288 267 of
20571 5836 1157 285 Convention.

19636 6323 335 267 41
19955 6328 999 285 NATIONS
20882 6340 1575 285 REPRESENTED

19708 6628 564 285 BUT
20174 6646 289 273 U.
20423 6655 288 267 S.
20679 6658 682 273 ONLY
21272 6660 1176 285 OBSERVES

19636 7133 1126 231 Disarmament
20720 7169 397 207 and
21043 7167 845 219 Economic
21822 7186 569 201 Block-

19839 7390 421 201 ades
20193 7393 690 255 Among
20797 7404 673 261 Baffling'
21427 7425 809 207 Problems

20309 7635 655 267 Facing
20886 7653 838 255 Delegates.

19785 7990 1269 441 Belgium
20921 8043 1168 339 Presents

19914 8352 1081 453 League
20933 8400 679 333 Bill
21559 8398 624 417 for

19961 8717 948 447 Cigars
20831 8760 389 333 It
21136 8766 1171 345 Smoked

19979 9116 587 165 PARIS,
20636 9139 786 147 \ovrmbfr
21478 9156 241 141 IS.
21613 9165 611 135 ?The

19871 9259 641 171 Belgian
20532 9314 913 129 gsrmmnt
21475 9307 339 147 has
21857 9318 345 153 Jul

19890 9442 771 129 prnnlrd
20643 9455 228 123 to
20856 9453 308 135 the
21165 9457 527 159 leaga*
21669 9470 235 129 of
21816 9499 413 99 u-

19907 9567 412 147 tloaa
20304 9616 173 93 n
20461 9592 303 141 bill
20777 9601 293 135 for
21034 9595 583 171 rlcin
21534 9636 590 117 aaout-

19916 9721 309 159 lag
20214 9743 225 123 to
20419 9747 489 147 NA.OOO
20926 9755 533 147 franea.
21487 9768 385 141 The
21846 9772 353 141 Mil

19880 9898 425 129 aayai
20275 9891 565 147 "Theae
20781 9912 524 141 ctgara
21201 9938 472 105 were
21611 9930 669 129 anokH

19889 10023 235 99 or
20127 10009 574 135 carried
20690 10027 302 123 off
20997 10021 274 159 by
21226 10037 725 135 membera
21971 10045 245 135 of

19907 10113 305 135 the
20205 10129 601 135 voriona
20787 10132 881 165 delegation*!
21673 10168 225 117 at
21906 10156 318 141 the

19892 10225 340 159 Spa
20199 10243 934 147 conference."

19975 10349 427 135 That
20412 10364 850 141 conference
21211 10407 459 99 wu
21595 10389 407 135 held
22006 10392 227 141 la

19880 10454 407 153 July,
20280 10491 347 123 and
20557 10508 382 93 ?n?
20905 10488 704 141 attended
21530 10493 280 159 by
21700 10530 499 105 mea-

19825 10578 23 105 l
19886 10569 388 135 bera
20274 10586 242 129 of
20579 10589 305 135 the
20916 10621 676 135 aapreme
21632 10626 575 129 coanetl

19895 10694 337 129 and
20218 10717 1154 135 repreaentatlvea
21329 10730 242 129 of
21548 10733 308 135 the
21795 10742 363 129 Ger-

19855 10831 428 99 man
20241 10839 952 123 government.

19971 10926 385 129 The
20335 10950 823 129 aecretnrlat
21150 10954 245 129 of
21391 10961 305 135 the
21694 10961 531 159 leaicae

19871 11038 245 129 of
20062 11045 611 135 nation*
20615 11053 345 135 haa
20901 11078 847 129 announced
21682 11081 384 135 that
22034 11089 182 135 It

19898 11145 193 135 la
20058 11152 428 141 abort
20437 11166 235 129 of
20576 11189 594 135 money,
21129 11182 367 153 aad.
21422 11213 780 135 moreover,
22271 11197 43 135 i

19818 11292 33 69 >
19905 11265 169 135 It
20040 11277 593 135 refaaea
20599 11295 228 123 to
20788 11297 403 135 take
21123 11325 414 111 over
21500 11303 319 147 the
21741 11311 484 147 drbta

19818 11434 33 81 i
19885 11386 235 129 of
20110 11389 299 135 the
20378 11423 663 123 aapreme
21004 11426 602 129 coaacll.

19894 11589 73 39 .
19961 11505 391 135 The
20335 11509 652 159 Belgian
20966 11550 928 129 governmeat
21903 11578 266 105 ar-

19869 11636 429 117 gaea
20306 11624 344 141 thnt
20672 11636 333 141 'the
21028 11646 347 153 ttpa
21388 11659 844 147 coaference

19894 11722 576 153 formed
20419 11761 389 135 part
20756 11752 259 141 of
20978 11760 329 141 the
21254 11770 988 153 "operation*"

19814 11826 33 177 !
19878 11850 245 129 of
20106 11849 295 135 the
20391 11853 525 159 Icagae
20862 11874 248 129 of
21063 11880 627 141 aatloaa.

19975 11961 378 135 The
20314 11968 317 141 bill
20616 11988 652 141 reaaaiaa
21207 12022 310 105 an
21392 12022 289 129 pa
21583 12005 220 135 id.

19678 12279 252 147 By
19919 12296 208 117 thi>
20117 12295 659 147 AnwwiatPd
20746 12318 391 129 Press.

19768 12408 771 189 GENEVA,
20569 12435 813 171 November
21431 12468 930 165 15.?Determi-

19688 12572 532 141 nation
20223 12595 214 123 to
20387 12607 440 123 meet
20866 12596 649 165 intricate
21509 12621 728 159 problems
22250 12641 184 135 in

19651 12725 525 135 world
20170 12731 534 147 affairs
20699 12752 368 141 and
21083 12765 218 135 to
21331 12754 288 177 lay
21613 12761 514 183 firmly
22140 12788 298 141 the

19704 12854 824 177 foundation
20542 12899 520 147 stones
21069 12908 242 141 of
21329 12916 308 141 the
21662 12919 528 171 league
22201 12936 239 141 of

19685 13018 594 153 nations
20241 13060 382 117 was
20611 13044 590 165 evident
21201 13064 218 141 in
21400 13071 302 147 the
21681 13073 755 159 demeanor

19671 13167 255 147 c!
19927 13170 755 177 delegates
20693 13200 242 141 of
20958 13198 721 177 forty-one
21711 13240 724 141 countries

19654 13324 494 141 when
20170 13332 385 165 they
20544 13360 728 141 convened
21269 13366 396 153 here
21665 13379 485 171 today
22146 13387 293 147 for

19703 13473 299 135 the
19997 13480 361 141 first
20364 13500 584 141 session
20944 13508 232 141 of
21199 13510 291 153 the
21479 13526 740 177 assembly
22205 13539 232 147 of

19697 13630 304 129 the
20017 13627 523 171 league.
20617 13644 778 189 Although
21374 13665 833 183 differences
22205 13691 239 147 of

19688 13775 601 171 opinion
20285 13786 417 153 have
20690 13796 625 189 already
21294 13827 530 147 arisen
21826 13838 609 153 relative

19700 13913 213 111 to
19932 13901 276 135 the
20201 13897 589 183 Danzig
20769 13938 651 153 question,
21480 13941 283 159 the
21743 13951 712 171 make-up

19685 14007 235 147 of
19932 14020 291 141 the
20227 14034 892 153 commission
21105 14077 270 111 on
21331 14059 787 171 mandates,
22155 14080 301 141 the

19681 14135 749 147 protection
20441 14150 238 129 of
20689 14160 438 141 racial
21143 14168 356 141 and
21506 14171 647 171 reUgom
22087 14202 267 129 mi-

19687 14248 617 141 norities
20319 14256 205 141 in
20468 14263 616 147 Balkan
21055 14284 500 141 states
21523 14291 366 147 and
21860 14299 298 147 the
22116 14307 290 147 ad-

19653 14359 659 147 mission
20328 14376 239 141 of
20552 14372 755 189 Germany
21333 14410 227 129 to
21588 14412 291 141 the
21932 14406 515 177 league

19659 14479 449 147 with
20086 14507 435 123 some
20485 14496 235 141 of
20694 14504 322 141 her
21005 14500 551 165 former
21534 14519 480 171 allies,
22024 14535 431 147 there

19669 14626 375 105 was
20066 14598 469 177 today
20503 14641 273 111 an
20771 14621 587 159 evident
21347 14632 857 189 disposition
22190 14689 270 111 on

19714 14717 277 135 the
19993 14727 360 147 part
20353 14732 220 141 of
20566 14732 246 141 all
20839 14741 287 135 the
21114 14738 709 177 delegates
21839 14773 213 135 to
22015 14797 431 111 meet

19691 14849 491 135 every
20130 14839 706 147 situation
20755 14856 452 141 with
21168 14858 627 153 fairness
21746 14881 357 135 and
22052 14905 419 135 open

19678 14973 33 159 I
19660 14940 479 165 mind,
20158 14956 358 141 and
20527 14969 217 135 to
20736 14970 743 153 endeavor
21467 14999 224 123 to
21673 15000 483 141 reach
22142 15000 256 141 de-

19696 15058 561 153 cisions
20201 15071 542 147 which
20678 15086 546 153 would
21188 15092 262 141 be
21415 15110 826 153 acceptable.

19765 15175 426 147 Men
20130 15182 410 153 who
20506 15190 413 153 have
20898 15199 417 147 been
21311 15202 393 177 long
21640 15218 806 153 prominent

19714 15291 207 147 In
19932 15301 298 135 the
20215 15328 508 117 arena
20705 15302 256 153 of
20907 15313 542 159 world
21426 15320 608 165 politics
21995 15368 463 117 were

19686 15419 603 147 present
20266 15430 490 129 when
20736 15427 413 147 Paul
21140 15427 702 195 Hymins,
21899 15457 504 159 tempo-

19698 15550 397 129 rary
20096 15533 741 159 president
20873 15547 361 147 and
21240 15550 585 153 former'
21787 15552 658 189 Belgian

19703 15636 597 165 foreign
20303 15650 705 153 minister,
21069 15675 741 147 appeared
21829 15710 267 105 on
22140 15688 302 141 the

19675 15754 742 153 platform
20348 15763 239 147 of
20574 15773 288 135 the
20807 15776 406 141 Hall
21204 15784 239 141 of
21427 15787 295 147 the
21659 15790 729 153 Reforma-

19703 15873 346 135 tion
20021 15882 351 129 and
20344 15880 507 141 called
20850 15894 281 129 the
21086 15901 698 159 meeting
21748 15909 228 135 to
21948 15917 457 135 order.

19645 15985 235 135 A.
19858 15984 182 141 J.
20005 15984 651 165 Balfour,
20638 16000 436 141 head
21009 16008 246 141 of
21214 16012 308 141 the
21449 16014 621 153 British
21992 16023 383 147 dele-

19677 16099 553 147 gation..
20217 16134 369 105 was
20615 16123 280 123 not
20929 16116 362 141 able
21331 16139 214 123 to
21564 16132 241 141 be
21818 16142 579 153 present,

19681 16222 316 129 but
19996 16221 445 135 there
20376 16249 470 111 were
20852 16228 211 141 in
21059 16237 298 135 the
21326 16238 339 153 hall
21651 16275 203 99 a
21821 16256 614 141 number

19672 16334 214 129 of
19839 16353 398 111 men
20192 16335 510 147 whose
20676 16368 503 117 names
21149 16352 405 141 have
21529 16355 566 147 become
22053 16373 357 135 well

19671 16444 575 141 known
20236 16458 228 129 to
20460 16450 306 153 the
20759 16455 641 171 reading
21356 16474 548 153 public
21871 16475 589 171 during

19692 16565 291 135 the
19988 16564 317 141 last
20293 16564 366 141 few
20594 16593 471 135 years.

20001 16713 1081 159 Dlatlngalahed
21023 16731 419 147 Men
21391 16739 652 147 Preaeat.

19750 16864 631 165 Among
20353 16872 468 141 them
20735 16899 466 123 were
21156 16881 728 159 Tomasso
21832 16889 588 159 Tittoni

19672 16989 207 135 of
19957 16980 379 165 Italy,
20398 16987 431 147 Leon
20854 16992 742 165 Bourgeois
21630 17011 342 147 and
21985 17015 438 147 Rene

19648 17105 569 135 Viviani
20246 17105 220 135 of
20471 17100 579 165 France,
21076 17114 678 153 Viscount
21758 17127 681 171 Kikujiro

19694 17216 333 141 Ishii
20081 17216 343 141 and
20427 17220 502 141 Baron
20924 17221 685 159 Keishiro
21607 17243 543 147 Matsui
22204 17257 210 135 of

19662 17333 504 159 Japan,
20178 17332 350 141 and
20502 17336 394 141 Jose
20845 17346 728 153 Qulnones
21553 17361 252 135 de
21768 17363 445 147 Leon
22201 17377 217 135 of

19673 17451 455 147 Spain.
20231 17457 471 135 South
20696 17455 538 147 Africa
21201 17493 366 111 was
21586 17487 846 147 represented

19662 17562 266 153 by
19921 17565 415 135 Lord
20320 17564 542 141 Robert
20855 17573 444 159 Cecil,
21341 17583 537 147 former
21863 17595 565 147 British

19669 17680 669 141 assistant
20341 17690 691 153 secretary
21008 17692 214 141 of
21204 17706 422 129 state
21616 17703 275 147 for
21884 17700 534 189 foreign

19676 17792 505 141 affairs.

19804 17914 397 129 Liord
20175 17911 532 147 Robert
20700 17946 363 105 was
21045 17954 325 105 one
21356 17933 221 135 of
21601 17936 267 141 the
21902 17939 537 171 leading

19645 18030 866 153 proponents
20500 18024 233 141 of
20744 18032 295 141 the
21053 18031 528 171 league
21550 18041 583 183 during
22123 18065 305 135 the

19633 18134 783 153 Versailles
20417 18171 466 123 peace
20879 18146 836 177 conference,
21744 18166 299 153 but
22025 18205 375 111 was

19683 18272 276 117 not
19977 18261 606 135 selected
20565 18256 262 165 by
20805 18267 630 147 Premier
21404 18276 495 165 Lloyd
21856 18288 574 165 George

19669 18403 234 99 as
19911 18402 308 105 one
20229 18377 217 135 of
20442 18376 450 141 Great
20903 18383 680 147 Britain's
21594 18417 770 135 representa-

19698 18489 375 135 tives.
20162 18489 357 135 The
20550 18493 499 135 action
21088 18506 218 129 of
21363 18510 280 129 the
21678 18512 491 141 Union
22197 18525 228 135 of

19650 18600 487 141 South
20090 18600 550 141 Africa
20648 18610 185 129 in
20805 18612 625 165 naming
21388 18621 372 135 him
21730 18634 211 129 to
21904 18643 294 123 act
22222 18633 180 135 in

19650 18712 527 141 behalf
20172 18717 229 135 of
20418 18721 341 135 that
20761 18724 573 141 British
21336 18730 728 153 dominion
22025 18774 379 105 was

19668 18853 315 111 one
20004 18828 214 141 of
20258 18832 273 141 the
20525 18847 404 123 most
21002 18834 777 177 interesting
21780 18851 582 171 develop-

19634 18954 522 129 ments
20128 18949 229 135 of
20354 18949 278 135 the
20585 18953 482 135 work
21036 18949 911 183 preliminary
21927 18976 214 141 to
22120 18976 288 141 the

19622 19061 692 159 meeting
20271 19064 215 141 of
20471 19069 288 135 the
20729 19072 728 165 assembly.

19771 19176 420 141 Most
20164 19181 211 135 of
20381 19185 270 135 the
20617 19189 475 135 South
21041 19193 336 135 and
21325 19194 561 153 Central
21858 19207 480 147 Ameri-

19655 19298 370 129 cian
20041 19289 703 159 republics
20761 19300 410 141 have
21196 19303 294 147 full
21532 19312 872 165 delegations

19653 19408 390 141 here
20076 19408 280 141 for
20398 19417 278 135 the
20713 19412 579 165 session,
21333 19448 579 141 among
21885 19445 547 135 whom

19663 19500 306 165 ?ire"
19998 19524 640 141 Honorio
20682 19529 855 159 Pueyrredon
21597 19549 214 135 of
21852 19544 582 189 Argen-.

19677 19640 347 141 tina.
20025 19639 303 147 Dr.
20339 19644 499 141 Gasto
20840 19649 271 135 da
21085 19650 551 153 Cunha
21625 19659 243 147 of
21844 19665 543 159 Brazil.

19627 19760 655 141 Antonio
20219 19754 637 153 Huneus
20827 19764 222 141 of
20990 19758 477 177 Chile,
21423 19774 592 153 Manuel
21998 19789 346 135 Per-

19669 19877 344 135 alta
20008 19877 207 135 of
20202 19881 481 135 Costa
20681 19879 372 147 flica.
21072 19888 284 141 Dr.
21369 19890 507 153 Carlos
21860 19903 538 147 Urueui

19648 19994 222 129 of
19921 19992 744 141 Colombia.
20739 19994 722 153 Aristides
21507 20009 611 159 Aguere
22173 20030 225 129 of

19637 20102 458 153 Cuba,
20055 20103 802 147 Harmodio
20809 20117 471 135 Arias
21249 20126 232 129 of
21438 20115 672 171 Panama.
22081 20130 289 153 Dr.

19626 20225 679 135 Mariano
20239 20220 249 141 H.
20470 20220 647 165 Cornejo
21080 20233 229 135 of
21270 20232 442 165 Peru,
21685 20244 299 141 Dr.
21977 20252 428 141 Juan

19637 20341 542 135 Carlos
20182 20340 575 141 Blanco
20779 20350 226 129 of
21011 20338 717 177 Uruguay
21737 20364 351 141 and
22077 20367 291 147 Dr

19624 20457 585 135 Arturo
20139 20452 241 141 R.
20363 20461 492 135 Avila
20808 20466 236 129 of
21010 20457 695 159 Salvador.

19945 20609 239 135 I'.
20189 20614 189 129 S.
20363 20612 401 141 Has
20716 20608 458 165 Only
21149 20622 968 153 "Observers."

19742 20757 365 135 The
20099 20756 573 141 United
20670 20754 517 153 States
21174 20793 382 111 was
21573 20791 305 123 not
21906 20800 444 141 repre-

19661 20873 527 135 sented
20189 20869 669 159 officially
20884 20887 229 123 at
21151 20885 560 159 today's
21688 20892 674 165 meeting,

19653 20989 309 135 but
19970 20985 830 159 throughout
20803 20992 295 141 the
21078 21004 582 141 session
21643 21007 435 147 there
22022 21021 353 135 will

19653 21106 248 129 be
19866 21111 589 147 present
20423 21108 777 141 American
21182 21114 874 153 "observers"
21999 21133 417 135 who

19625 21217 357 135 will
19989 21213 428 159 keep
20330 21216 990 165 Washington
21301 21227 419 171 fully
21738 21239 667 147 informed

19642 21333 242 135 of
19851 21329 1027 159 developments.

19735 21449 257 135 At
20004 21479 173 99 a
20134 21450 688 153 meeting
20788 21452 236 141 of
21023 21461 292 135 the
21311 21472 550 141 council
21876 21475 232 147 of
22111 21480 285 141 the

19673 21560 513 165 league
20178 21565 777 159 yesterday
20923 21597 1063 135 arrangements
21947 21621 455 111 were

19645 21681 454 135 made
20111 21686 261 129 for
20389 21685 270 135 the
20631 21684 542 141 United
21158 21691 498 147 States
21688 21715 193 123 to
21861 21703 394 147 have
22247 21747 163 99 a

19670 21793 1016 159 representative
20705 21826 252 105 on
21009 21805 285 135 the
21315 21806 641 153 financial
21999 21849 377 111 com-

19638 21913 600 135 mission
20227 21939 228 99 as
20427 21913 347 135 well
20789 21937 228 111 as
21021 21922 278 129 the
21287 21926 893 153 commissions
22171 21965 246 111 on

19644 22025 787 135 economics
20421 22030 350 129 and
20720 22028 788 165 mandates,
21539 22043 545 147 should
22086 22052 316 141 she

19661 22171 228 99 so
19848 22135 501 147 desire.
20401 22139 782 147 Honduras
21156 22153 337 135 and
21443 22148 680 165 Ecuador
22082 22197 314 111 are

19663 22261 298 135 the
20072 22252 403 165 only
20505 22265 462 135 other
20990 22262 774 153 American
21801 22284 598 141 nations

19624 22372 528 141 which
20137 22376 301 141 did
20444 22387 298 123 not
20750 22380 394 141 send
21132 22379 732 171 delegates
21886 22405 211 135 to
22107 22404 295 141 the

19601 22494 712 153 meeting
20245 22497 239 135 of
20452 22493 299 135 the
20702 22496 727 165 assembly.

19791 22612 685 141 Election
20471 22608 222 141 of
20689 22639 183 99 a
20854 22634 809 129 permanent
21670 22634 717 153 president

19658 22729 361 135 and
20014 22724 555 141 several
20586 22729 372 135 vice
20950 22736 812 141 presidents
21740 22748 363 141 and
22101 22752 309 141 the

19658 22836 944 165 appointment
20579 22841 222 135 of
20772 22870 173 105 a
20917 22840 373 141 few
21226 22850 861 153 committees
22032 22890 365 105 war

19673 22955 305 147 the
19973 22957 361 135 first
20310 22956 488 141 work
20788 22957 228 135 to
20998 22951 259 147 be
21234 22951 699 171 disposed
21902 22971 256 147 of
22138 22969 267 159 by

19683 23076 291 141 the
19947 23069 710 159 assembly.
20741 23068 197 141 It
20944 23072 183 141 is
21090 23071 673 147 believed
21736 23089 302 135 the
22009 23102 378 129 next

19676 23198 307 129 ten
19969 23190 406 153 days
20335 23185 377 135 will
20715 23180 262 141 be
20966 23177 641 159 devoted
21605 23201 234 135 to
21818 23194 521 153 discuf-

19670 23305 433 135 sions
20088 23331 260 99 on
20347 23306 292 129 the
20635 23293 585 159 agenda
21196 23305 239 135 of
21432 23309 299 135 the
21684 23315 678 147 meeting,

19647 23416 357 141 and
19946 23415 572 147 during
20479 23408 336 141 this
20798 23413 376 135 time
21135 23420 948 141 commissions
22021 23429 347 135 will

19661 23538 246 129 be
19937 23534 218 129 at
20170 23530 481 129 work
20665 23550 267 105 on
20952 23518 670 153 different
21660 23534 718 153 question!"

19669 23654 231 129 to
19894 23649 252 135 be
20179 23641 322 135 laid
20505 23636 522 141 before
21059 23636 288 141 the
21357 23639 727 171 assembly.
22217 23653 176 135 It

19695 23761 176 135 is
19861 23752 675 165 probable
20546 23760 570 141 reports
21132 23748 428 141 from
21550 23761 425 135 these
21979 23789 378 111 com-

19620 23872 712 141 missions
20273 23859 353 147 will
20613 23875 298 123 not
20893 23862 242 129 be
21113 23866 468 153 ready
21549 23873 290 135 for
21804 23899 523 123 presen-

19675 23994 486 129 tation
20175 23986 273 129 for
20444 24007 173 99 a
20627 23974 710 153 fortnight.
21418 23980 365 141 The
21799 23999 380 123 task
22171 23994 212 153 pf

19666 24098 656 153 framing
20330 24092 1274 141 recommendations
21598 24101 367 135 will
22026 24105 368 135 then

19639 24214 255 129 be
19927 24214 438 129 taken
20387 24227 246 123 up.
20686 24206 327 129 and
21059 24205 145 135 it
21273 24210 159 129 is
21449 24208 617 141 believed
22098 24213 246 135 ad-

19663 24326 723 153 journment
20401 24316 343 141 will
20765 24317 290 135 not
21078 24318 245 129 be
21334 24316 342 141 had
21699 24320 261 141 for
21998 24329 391 135 three

19655 24466 221 105 or
19884 24437 348 135 four
20200 24432 498 141 weeks.

19923 24582 718 153 Principal
20631 24577 630 159 Objeeta
21241 24585 239 135 of
21468 24588 599 141 Session.

19783 24735 243 147 A
20001 24717 664 159 definite
20621 24696 589 189 sj'stem
21180 24724 229 141 of
21413 24720 942 165 disarmament

19650 24883 354 147 and
19998 24914 193 105 a
20188 24867 388 171 plin
20586 24872 303 141 for
20872 24867 505 171 using
21372 24876 305 141 the
21673 24893 729 135 economic

19657 25026 694 153 blockade
20341 25021 596 159 against
20937 25025 598 135 nations
21529 25028 364 141 that
21903 25036 435 141 trans-

19640 25205 471 135 gress
20124 25176 291 141 the
20420 25168 527 141 orders
20944 25168 236 141 of
21195 25172 295 141 the
21513 25173 518 159 league
22010 25179 363 147 will

19647 25337 255 135 be
19878 25346 579 129 among
20432 25321 298 135 the
20706 25302 695 177 principal
21407 25317 655 159 subjects
22034 25317 314 159 dis-

19662 25438 531 153 cussed
20306 25441 222 135 In
20508 25429 656 159 addition,
21188 25437 306 135 the
21466 25437 409 159 plan
21868 25440 287 141 for
22133 25459 266 123 an

19676 25545 944 159 international
20599 25552 452 141 court,
21007 25544 548 141 which
21474 25573 395 111 was
21829 25551 571 147 framed

19648 25692 208 117 at
19878 25668 646 141 Brussels
20539 25659 528 147 during
21094 25661 278 135 last
21417 25688 607 117 summer,
22055 25669 302 135 wil>

19659 25784 578 141 receive
20229 25766 727 153 attention.
21053 25765 514 159 Japan
21591 25773 176 135 is
21755 25787 322 123 not
22079 25801 260 111 cx-

19656 25896 525 141 Dected
20209 25898 205 129 to
20421 25887 481 147 br'.rg
20896 25877 739 159 proposals
21633 25910 264 105 on
21921 25893 431 135 racial

19652 26010 656 153 equality
20275 26000 542 141 before
20805 26002 305 129 the
21063 25994 684 153 meeting,
21769 26001 305 135 but
22075 25989 347 231 sl^

19687 26138 172 129 is
19839 26110 678 177 expected
20528 26127 201 123 to
20738 26108 361 141 take
21077 26139 183 99 a
21229 26110 789 153 prominent
22002 26118 366 153 part

19680 26250 204 129 in
19853 26246 305 129 the
20125 26218 988 153 deliberations.

19774 26350 365 129 The
20126 26340 472 141 result
20588 26328 222 141 of
20811 26308 292 165 the
21088 26325 881 159 presidential
21974 26332 352 141 elec-

19661 26466 362 129 tion
20017 26460 218 141 in
20212 26452 309 141 the
20475 26445 577 135 United
21018 26445 521 135 States
21525 26454 328 129 has
21829 26448 407 141 been
22219 26479 163 99 a

19674 26584 416 117 tonic
20112 26569 225 135 of
20382 26556 962 141 conversation
21373 26578 565 129 among
21953 26560 373 141 dele-

19644 26713 467 111 gates
20121 26690 399 129 here,
20565 26673 316 135 but
20926 26662 432 153 there
21369 26673 326 135 has
21705 26673 411 135 been
22129 26692 253 117 no

19676 26700 753 261 Indication
20458 26789 344 135 that
20814 26806 361 129 any
21178 26779 451 147 effort
21638 26785 350 135 has
21974 26785 404 135 been

19616 26915 503 147 made
20133 26919 224 123 to
20361 26907 331 147 get
20743 26898 198 129 in
20979 26892 461 141 touch
21433 26893 428 135 with
21891 26897 496 135 either

19598 27017 978 159 Washington
20529 27038 242 105 or
20702 27005 445 135 with
21047 27004 677 141 Warren
21654 27009 224 135 G.
21845 26999 483 147 Hard-

19680 27148 309 141 ing
19996 27141 302 135 the
20266 27120 762 141 American
20983 27111 1147 147 President-elect.

19777 27255 362 123 The
20112 27240 657 141 Russian
20769 27227 692 147 situation
21415 27250 421 129 may
21825 27234 241 129 be
22056 27258 309 105 ont

19648 27373 225 135 of
19851 27368 288 141 the
20119 27353 476 159 topics
20556 27333 619 159 brought
21153 27341 525 135 before
21658 27346 281 129 the
21871 27361 426 111 meet

19995 27482 292 129 the
20272 27464 509 141 defeat
20768 27453 242 135 of
20945 27453 381 135 Gen.
21335 27453 529 135 Baron
21808 27447 513 147 Wran-

19647 27541 412 207 ?eV's
20079 27589 488 135 forces
20602 27573 198 135 in
20802 27564 469 141 south
21247 27565 570 135 Russia
21821 27563 567 147 havir.p

19649 27700 636 141 broueht
20294 27688 478 141 about
20781 27711 183 99 a
20972 27696 403 117 new
21334 27674 482 153 phase
21867 27672 204 141 in
22087 27672 292 141 the

19669 27820 511 141 affairs
20183 27804 229 141 of
20377 27795 576 147 Russia,
20994 27788 338 141 and
21358 27794 142 129 it
21529 27814 482 105 s.-eins
22023 27789 232 135 th:

19665 27916 849 165 recognition
20497 27908 235 141 of
20727 27909 299 135 the
21006 27911 480 123 soviet
21464 27913 761 135 governttu
22148 27932 181 93 r.

19626 28049 363 135 will
20032 27932 211 261 "e
20219 28043 224 123 at
20483 28030 372 129 least
20886 28010 783 153 Informally
21682 28037 737 111 ...scus?^

19649 28161 515 135 before
20162 28150 292 129 the
20423 28126 731 153 assembly
21111 28124 668 141 ad1our:u
21744 28210 53 33 .

19931 28288 443 141 Will
20332 28286 634 129 niacuaa
20932 28275 575 147 Opium
21428 28278 564 129 Traffic.

19737 28426 659 153 Subjects
20395 28431 211 123 to
20598 28447 425 99 come
21016 28397 512 231 before
21559 28413 271 135 the
22270 28476 73 21 -

19636 28553 311 135 blv
19892 28565 215 111 at
20095 28546 292 129 the
20386 28542 614 129 instance
20975 28529 218 135 of
21191 28523 730 147 Individual
21878 28554 459 105 mem

19645 28666 296 129 her
20041 28653 556 135 nations
20687 28674 301 105 are
21091 28640 540 141 several
21725 28657 584 135 propose,

19640 28763 939 147 amendments
20564 28771 224 123 to
20774 28762 288 129 the
21035 28770 713 129 covenant,
21750 28773 432 111 some
22145 28780 178 93 o,

19609 28880 521 141 which
20113 28877 371 135 aim
20448 28883 211 123 at
20697 28855 774 171 improving
21463 28875 282 123 tin
21741 28873 418 135 P<>?1

19639 28985 244 183 pf
19955 28977 286 183 tfee
20239 29088 43 21 .
20294 28982 558 153 smaller
20909 28978 563 153 nations
21551 28968 502 165 vutlilfl
22115 28980 280 141 tut
