22204 28848
4624.0 808.0 2000.0 800.0 THE
7808.0 808.0 3456.0 800.0 OMAHA
12416.0 780.0 2816.0 816.0 DAILY

1000.0 2284.0 1676.0 200.0 SIXTEENTH
2816.0 2264.0 852.0 196.0 YEAH.
7520.0 2240.0 1116.0 204.0 OMAHA.
8868.0 2232.0 1580.0 200.0 THURSDAY
10480.0 2352.0 28.0 80.0 ,
10760.0 2216.0 1296.0 200.0 MORNING
12072.0 2356.0 52.0 80.0 ,
12372.0 2216.0 1028.0 200.0 MARCH
13616.0 2228.0 112.0 180.0 3
13756.0 2360.0 36.0 60.0 ,
14056.0 2228.0 532.0 188.0 1887.
19808.0 2256.0 1256.0 208.0 NUMBEK
21276.0 2276.0 380.0 188.0 258

1024.0 2804.0 412.0 236.0 HOW
1488.0 2792.0 712.0 244.0 CARVEY
2244.0 2784.0 636.0 248.0 JOINED
2932.0 2708.0 892.0 300.0 TIIElASG

1024.0 3364.0 240.0 128.0 The
1340.0 3356.0 528.0 136.0 Railroa-1
1940.0 3352.0 392.0 164.0 Lobby
2384.0 3340.0 388.0 156.0 Easily
2828.0 3320.0 620.0 140.0 Females
3524.0 3312.0 276.0 132.0 Him

1756.0 3560.0 120.0 108.0 to
1948.0 3544.0 408.0 152.0 Betray
2440.0 3524.0 212.0 128.0 Hie
2708.0 3520.0 340.0 128.0 Trust
3064.0 3592.0 24.0 48.0 ,

1036.0 3964.0 212.0 108.0 HE
1340.0 3952.0 736.0 116.0 DESERTS
2160.0 3932.0 756.0 124.0 OMAHA'S
2980.0 3920.0 836.0 120.0 CHARTER.

1032.0 4384.0 668.0 104.0 OII-Hooin
1800.0 4368.0 416.0 100.0 AVork
2328.0 4396.0 168.0 72.0 on
2616.0 4364.0 232.0 96.0 tlic
2924.0 4352.0 912.0 104.0 AVcakncsBCB

1184.0 4552.0 132.0 96.0 ol
1392.0 4548.0 428.0 96.0 Otticr
1896.0 4540.0 308.0 120.0 Ijrji
2288.0 4536.0 420.0 96.0 lator8
2840.0 4528.0 272.0 96.0 Tlic
3184.0 4524.0 496.0 96.0 Scnnto

1960.0 4712.0 188.0 96.0 ItH
2200.0 4704.0 856.0 120.0 Stupendous
3104.0 4691.0 352.0 100.0 Joke

1888.0 4908.0 168.0 68.0 011
2132.0 4880.0 232.0 96.0 the
2444.0 4868.0 488.0 124.0 I'coplo
2940.0 4932.0 32.0 44.0 ,

1560.0 5240.0 560.0 108.0 I'littlnc
2192.0 5264.0 156.0 72.0 on
2432.0 5236.0 224.0 96.0 tlio

1176.0 5388.0 560.0 104.0 LINCOLN
1748.0 5452.0 24.0 48.0 ,
1840.0 5376.0 272.0 108.0 Neb.
2136.0 5448.0 24.0 48.0 ,
2232.0 5372.0 376.0 108.0 March
2708.0 5360.0 440.0 124.0 2.-Sp
2948.0 5372.0 20.0 112.0 |
3156.0 5384.0 28.0 76.0 <
3220.0 5352.0 208.0 112.0 ctal
3516.0 5344.0 276.0 108.0 Tele-

1036.0 5556.0 308.0 100.0 gram
1436.0 5536.0 112.0 96.0 to
1596.0 5528.0 184.0 100.0 the
1864.0 5519.0 212.0 104.0 HII
2008.0 5544.0 28.0 76.0 :
2096.0 5540.0 24.0 80.0 :
2128.0 5592.0 24.0 28.0 .
2172.0 5516.0 32.0 124.0 ]
2344.0 5512.0 240.0 104.0 The
2632.0 5504.0 428.0 108.0 Omaha
3108.0 5496.0 444.0 108.0 charter
3608.0 5484.0 228.0 108.0 still

1040.0 5696.0 584.0 96.0 engrosses
1676.0 5660.0 324.0 108.0 much
2052.0 5652.0 560.0 112.0 attention
2684.0 5652.0 124.0 100.0 ot
2900.0 5644.0 188.0 104.0 the
3192.0 5632.0 652.0 124.0 Jcg-lslaturo

1040.0 5812.0 224.0 104.0 and
1320.0 5808.0 356.0 120.0 lobby.
1828.0 5804.0 40.0 100.0 1
1912.0 5804.0 136.0 100.0 1m
2092.0 5800.0 572.0 104.0 reference
2756.0 5792.0 128.0 96.0 of
2952.0 5784.0 188.0 104.0 the
3240.0 5776.0 192.0 104.0 bill
3448.0 5848.0 24.0 44.0 ,
3572.0 5768.0 268.0 112.0 with

1040.0 5968.0 188.0 92.0 the
1272.0 5952.0 320.0 104.0 batch
1640.0 5948.0 120.0 100.0 of
1796.0 5948.0 792.0 100.0 amendments
2676.0 5924.0 476.0 112.0 hatched
3200.0 5928.0 196.0 96.0 out
3444.0 5920.0 136.0 108.0 bv
3632.0 5912.0 204.0 104.0 Mr.

1048.0 6092.0 428.0 108.0 Itnssell
1524.0 6088.0 224.0 104.0 and
1792.0 6084.0 584.0 108.0 hlsbosom
2424.0 6071.0 364.0 108.0 friend
2804.0 6144.0 24.0 52.0 ,
2884.0 6060.0 768.0 116.0 Vandervoort
3664.0 6128.0 24.0 44.0 ,
3740.0 6064.0 108.0 92.0 to

1036.0 6240.0 188.0 104.0 the
1276.0 6232.0 492.0 104.0 Doiulas
1812.0 6224.0 632.0 120.0 dele-cation
2500.0 6216.0 256.0 108.0 took
2828.0 6216.0 188.0 104.0 the
3092.0 6200.0 756.0 132.0 conspirators

1036.0 6388.0 224.0 96.0 and
1316.0 6376.0 452.0 128.0 plottuis
1816.0 6368.0 144.0 124.0 by
2004.0 6364.0 496.0 128.0 surprise
2508.0 6432.0 24.0 56.0 ,
2592.0 6368.0 192.0 96.0 but
2832.0 6360.0 272.0 120.0 they
3152.0 6376.0 184.0 80.0 are
3388.0 6364.0 112.0 88.0 at
3540.0 6340.0 304.0 112.0 woik

1040.0 6548.0 120.0 72.0 as
1212.0 6520.0 272.0 100.0 hard
1532.0 6540.0 120.0 80.0 as
1696.0 6540.0 300.0 76.0 ever.
2136.0 6508.0 284.0 104.0 This
2516.0 6508.0 584.0 100.0 afternoon
3124.0 6564.0 28.0 52.0 ,
3240.0 6488.0 336.0 108.0 while
3664.0 6492.0 184.0 96.0 tlic

1052.0 6660.0 492.0 124.0 Dduglas
1580.0 6652.0 636.0 116.0 delegation
2316.0 6676.0 288.0 76.0 were
2676.0 6636.0 468.0 120.0 holding
3248.0 6664.0 64.0 72.0 a
3416.0 6632.0 432.0 100.0 eontei-

1040.0 6828.0 276.0 80.0 t-nco
1372.0 6796.0 260.0 104.0 with
1720.0 6792.0 380.0 108.0 closed
2212.0 6800.0 328.0 92.0 doors
2644.0 6812.0 264.0 76.0 over
3012.0 6780.0 188.0 104.0 the
3304.0 6768.0 540.0 132.0 proposed

1044.0 6940.0 788.0 112.0 amendments
1844.0 7012.0 24.0 44.0 ,
1976.0 6932.0 784.0 112.0 Vandervoort
2804.0 6952.0 228.0 80.0 was
3076.0 6912.0 608.0 112.0 overheard
3736.0 6920.0 112.0 92.0 to

1040.0 7112.0 200.0 96.0 way
1292.0 7088.0 240.0 100.0 that
1580.0 7083.0 136.0 100.0 ho
1764.0 7108.0 228.0 76.0 was
2040.0 7076.0 376.0 104.0 bound
2476.0 7083.0 112.0 92.0 to
2640.0 7068.0 336.0 104.0 break
3068.0 7088.0 148.0 100.0 up
3312.0 7056.0 188.0 108.0 the
3560.0 7052.0 248.0 104.0 dele

1040.0 7224.0 424.0 128.0 gation.
1604.0 7224.0 172.0 100.0 Ho
1824.0 7216.0 468.0 108.0 claimed
2344.0 7219.0 112.0 100.0 to
2496.0 7216.0 276.0 100.0 have
2812.0 7212.0 252.0 100.0 four
3108.0 7208.0 120.0 96.0 of
3276.0 7196.0 184.0 104.0 the
3512.0 7216.0 284.0 80.0 mem-

1040.0 7372.0 248.0 100.0 bers
1340.0 7368.0 224.0 100.0 foul
1612.0 7364.0 224.0 104.0 and
1884.0 7388.0 220.0 76.0 was
2168.0 7359.0 260.0 120.0 goln
2448.0 7428.0 60.0 48.0 ,
2480.0 7384.0 32.0 40.0 '
2560.0 7368.0 112.0 88.0 to
2756.0 7356.0 196.0 120.0 put
3040.0 7344.0 184.0 104.0 the
3268.0 7359.0 404.0 84.0 screws
3724.0 7344.0 112.0 88.0 to

1040.0 7512.0 300.0 104.0 them
1392.0 7532.0 256.0 80.0 now
1716.0 7516.0 112.0 92.0 ut
1904.0 7504.0 188.0 104.0 the
2144.0 7508.0 216.0 92.0 Him
2376.0 7500.0 28.0 100.0 !
2452.0 7500.0 352.0 96.0 onset.
2932.0 7488.0 240.0 104.0 Iho
3212.0 7484.0 252.0 100.0 four
3512.0 7500.0 288.0 80.0 mem-

1036.0 7656.0 248.0 104.0 bers
1348.0 7676.0 184.0 80.0 aie
1580.0 7644.0 700.0 132.0 piesumably
2388.0 7640.0 436.0 108.0 C.irvey
2828.0 7704.0 28.0 44.0 ,
2968.0 7624.0 336.0 108.0 Knox
3312.0 7696.0 24.0 48.0 ,
3432.0 7616.0 400.0 112.0 Young

1036.0 7792.0 224.0 108.0 and
1600.0 7784.0 676.0 108.0 Muttbleson
2292.0 7852.0 24.0 48.0 ,
2644.0 7776.0 248.0 100.0 who
3192.0 7788.0 192.0 80.0 arc
3684.0 7752.0 148.0 104.0 all

1036.0 7932.0 384.0 108.0 Union
1672.0 7924.0 400.0 104.0 Pacllic
2216.0 7920.0 596.0 124.0 employes.
2944.0 7911.0 244.0 100.0 The
3316.0 7920.0 520.0 108.0 pressure

1028.0 8072.0 472.0 116.0 brought
1544.0 8091.0 296.0 104.0 upon
1936.0 8064.0 312.0 104.0 these
2336.0 8084.0 252.0 80.0 men
2704.0 8056.0 308.0 104.0 since
3104.0 8052.0 188.0 100.0 the
3380.0 8064.0 436.0 88.0 session

1028.0 8216.0 720.0 104.0 commenced
1800.0 8212.0 112.0 100.0 lo
1964.0 8208.0 380.0 124.0 betiay
2396.0 8200.0 288.0 104.0 their
2732.0 8208.0 288.0 92.0 tiust
3068.0 8192.0 372.0 108.0 would
3532.0 8216.0 296.0 80.0 seem

1028.0 8356.0 404.0 104.0 almost
1552.0 8348.0 636.0 112.0 Inciedible.
2364.0 8344.0 364.0 108.0 These
2820.0 8364.0 256.0 80.0 men
3172.0 8340.0 284.0 100.0 have
3548.0 8332.0 280.0 104.0 been

1032.0 8496.0 524.0 104.0 hounded
1696.0 8504.0 136.0 112.0 by
2000.0 8496.0 192.0 96.0 the
2280.0 8480.0 656.0 128.0 company's
3040.0 8476.0 468.0 108.0 strlkeis
3596.0 8468.0 236.0 108.0 and

1032.0 8640.0 488.0 128.0 drag.ed
1560.0 8640.0 240.0 100.0 into
1848.0 8636.0 188.0 104.0 the
2080.0 8636.0 148.0 100.0 oil
2284.0 8656.0 360.0 80.0 rooms
2732.0 8628.0 144.0 116.0 by
2956.0 8620.0 292.0 104.0 their
3348.0 8640.0 484.0 100.0 cappers

1032.0 8808.0 332.0 80.0 eveiv
1416.0 8780.0 268.0 104.0 time
1732.0 8780.0 236.0 124.0 thej
2036.0 8804.0 308.0 76.0 came
2392.0 8783.0 112.0 96.0 to
2552.0 8772.0 184.0 104.0 the
2820.0 8764.0 800.0 124.0 headquarters
3704.0 8760.0 120.0 100.0 of

1040.0 8932.0 184.0 100.0 the
1268.0 8923.0 372.0 124.0 lobby.

1160.0 9068.0 440.0 120.0 During
1644.0 9068.0 188.0 100.0 the
1876.0 9059.0 436.0 116.0 closing
2360.0 9059.0 332.0 104.0 hours
2736.0 9055.0 124.0 104.0 of
2956.0 9059.0 184.0 96.0 the
3224.0 9040.0 612.0 116.0 senatorial

1040.0 9216.0 436.0 100.0 contest
1520.0 9236.0 220.0 76.0 ono
1784.0 9212.0 124.0 100.0 of
1952.0 9208.0 180.0 104.0 the
2200.0 9236.0 56.0 72.0 e
2312.0 9199.0 540.0 108.0 members
2900.0 9192.0 236.0 108.0 said
3188.0 9195.0 116.0 100.0 to
3356.0 9216.0 176.0 76.0 mo
3556.0 9212.0 32.0 80.0 :

1168.0 9356.0 64.0 52.0 "
1248.0 9356.0 36.0 100.0 1
1348.0 9356.0 272.0 100.0 wish
1672.0 9368.0 112.0 88.0 to
1832.0 9356.0 40.0 100.0 (
1892.0 9352.0 180.0 100.0 loci
2128.0 9348.0 48.0 104.0 I
2224.0 9348.0 216.0 104.0 had
2496.0 9372.0 340.0 76.0 never
2896.0 9364.0 308.0 80.0 come
3300.0 9335.0 296.0 104.0 here.
3784.0 9328.0 48.0 100.0 1

1044.0 9496.0 364.0 104.0 would
1464.0 9504.0 196.0 96.0 not
1704.0 9492.0 384.0 104.0 advise
2132.0 9515.0 224.0 96.0 any
2408.0 9512.0 256.0 80.0 man
2716.0 9475.0 588.0 132.0 emplojcd
3408.0 9475.0 140.0 120.0 by
3644.0 9471.0 192.0 104.0 the

1040.0 9668.0 32.0 72.0 i
1096.0 9640.0 144.0 100.0 all
1260.0 9640.0 260.0 100.0 road
1564.0 9659.0 552.0 100.0 company
2184.0 9640.0 112.0 96.0 to
2344.0 9648.0 260.0 84.0 taKe
2648.0 9628.0 268.0 104.0 such
2968.0 9655.0 64.0 72.0 a
3088.0 9620.0 516.0 116.0 position.
3732.0 9611.0 104.0 104.0 It

1044.0 9784.0 96.0 100.0 is
1188.0 9808.0 136.0 76.0 an
1380.0 9780.0 348.0 104.0 awful
1780.0 9776.0 328.0 112.0 thing
2156.0 9784.0 112.0 96.0 to
2320.0 9776.0 124.0 100.0 be
2528.0 9764.0 616.0 128.0 compelled
3236.0 9780.0 116.0 84.0 to
3432.0 9764.0 404.0 100.0 choose

1044.0 9928.0 492.0 100.0 between
1596.0 9924.0 324.0 100.0 bread
1972.0 9916.0 228.0 108.0 and
2252.0 9920.0 368.0 100.0 butter
2668.0 9916.0 168.0 96.0 for
2888.0 9935.0 180.0 92.0 my
3120.0 9904.0 392.0 124.0 family
3608.0 9900.0 228.0 104.0 and

1048.0 10092.0 184.0 96.0 my
1284.0 10064.0 276.0 124.0 duty
1608.0 10088.0 116.0 76.0 to
1792.0 10064.0 184.0 100.0 the
2024.0 10064.0 320.0 100.0 state.
2356.0 10056.0 64.0 56.0 "

1160.0 10207.0 280.0 100.0 'Ibis
1492.0 10232.0 252.0 76.0 man
1768.0 10276.0 24.0 44.0 ,
1856.0 10207.0 248.0 96.0 who
2180.0 10200.0 312.0 104.0 stood
2584.0 10200.0 188.0 100.0 out
2860.0 10188.0 452.0 116.0 bravely
3420.0 10184.0 412.0 120.0 during

1040.0 10351.0 188.0 100.0 the
1272.0 10343.0 600.0 108.0 senatorial
1932.0 10343.0 260.0 116.0 light
2204.0 10416.0 24.0 44.0 ,
2304.0 10343.0 200.0 100.0 has
2552.0 10356.0 312.0 84.0 since
2916.0 10332.0 608.0 104.0 weakened
3596.0 10343.0 228.0 88.0 ana

1040.0 10496.0 440.0 100.0 become
1524.0 10483.0 744.0 108.0 demorall/cd
2316.0 10479.0 140.0 128.0 by
2504.0 10483.0 176.0 100.0 his
2724.0 10476.0 680.0 108.0 suiroundin
3500.0 10496.0 80.0 80.0 s.

1148.0 10632.0 520.0 104.0 Another
1776.0 10652.0 248.0 76.0 man
2040.0 10700.0 28.0 48.0 ,
2136.0 10623.0 208.0 104.0 Mr.
2476.0 10619.0 676.0 104.0 Matthleson
3168.0 10692.0 24.0 44.0 ,
3292.0 10616.0 248.0 104.0 who
3628.0 10616.0 200.0 100.0 has

1036.0 10772.0 592.0 104.0 withstood
1732.0 10772.0 148.0 100.0 all
1992.0 10768.0 184.0 100.0 the
2284.0 10763.0 640.0 104.0 bulldozing
3028.0 10759.0 228.0 104.0 and
3320.0 10755.0 504.0 104.0 oll-ioom

1032.0 10916.0 272.0 116.0 tulfy
1360.0 10916.0 468.0 100.0 without
1872.0 10908.0 544.0 108.0 lllnching
2424.0 10980.0 28.0 44.0 ,
2508.0 10932.0 228.0 76.0 was
2780.0 10908.0 332.0 120.0 given
3204.0 10908.0 116.0 92.0 to
3408.0 10899.0 360.0 100.0 under-

1032.0 11056.0 332.0 104.0 stand
1420.0 11052.0 472.0 120.0 through
1960.0 11079.0 220.0 72.0 one
2264.0 11056.0 112.0 96.0 ot
2492.0 11048.0 184.0 104.0 the
2780.0 11068.0 456.0 100.0 cappers
3344.0 11039.0 240.0 104.0 that
3652.0 11039.0 172.0 100.0 his

1040.0 11200.0 308.0 124.0 plico
1396.0 11223.0 224.0 76.0 was
1660.0 11208.0 200.0 92.0 not
1904.0 11219.0 256.0 80.0 sure
2208.0 11192.0 88.0 104.0 If
2384.0 11192.0 132.0 100.0 ho
2568.0 11196.0 264.0 120.0 kept
2880.0 11215.0 144.0 96.0 up
3072.0 11188.0 172.0 100.0 his
3288.0 11184.0 532.0 100.0 stubborn

1036.0 11348.0 628.0 116.0 opposition
1720.0 11348.0 112.0 92.0 to
1880.0 11340.0 184.0 100.0 tliu
2100.0 11336.0 468.0 104.0 dictates
2612.0 11336.0 120.0 96.0 of
2780.0 11332.0 188.0 100.0 the
3016.0 11328.0 348.0 120.0 lobby.

1152.0 11484.0 244.0 100.0 The
1460.0 11484.0 264.0 116.0 only
1796.0 11504.0 256.0 80.0 man
2160.0 11484.0 248.0 96.0 who
2516.0 11476.0 196.0 100.0 has
2820.0 11476.0 280.0 100.0 from
3172.0 11472.0 184.0 104.0 the
3464.0 11468.0 364.0 104.0 outset

1040.0 11635.0 320.0 92.0 made
1468.0 11624.0 456.0 104.0 himself
1984.0 11652.0 68.0 72.0 a
2092.0 11620.0 704.0 104.0 subservient
2860.0 11616.0 220.0 104.0 tool
3144.0 11616.0 120.0 96.0 of
3372.0 11616.0 188.0 100.0 the
3608.0 11635.0 220.0 76.0 coi-

1036.0 11775.0 252.0 116.0 rupt
1340.0 11792.0 292.0 96.0 gang
1684.0 11767.0 240.0 100.0 that
1972.0 11764.0 404.0 100.0 Infests
2424.0 11760.0 184.0 104.0 the
2672.0 11756.0 404.0 128.0 eapltol
3172.0 11780.0 92.0 76.0 is
3312.0 11752.0 212.0 104.0 Pat
3568.0 11752.0 260.0 100.0 Gar-

1040.0 11936.0 240.0 92.0 vey.
1464.0 11907.0 280.0 104.0 This
1856.0 11903.0 356.0 104.0 man's
2312.0 11903.0 484.0 104.0 conduct
2860.0 11900.0 416.0 104.0 alfords
3340.0 11892.0 488.0 124.0 stiiKing

1036.0 12051.0 324.0 124.0 proof
1404.0 12047.0 236.0 104.0 that
1684.0 12076.0 216.0 96.0 jou
1972.0 12051.0 420.0 100.0 cannot
2480.0 12047.0 408.0 100.0 refoim
2940.0 12072.0 64.0 72.0 a
3056.0 12036.0 436.0 108.0 natural
3548.0 12040.0 272.0 96.0 born

1032.0 12220.0 360.0 96.0 rogue.
1536.0 12191.0 264.0 104.0 Last
1876.0 12191.0 352.0 112.0 snrliii
2228.0 12216.0 40.0 88.0 :
2276.0 12264.0 24.0 48.0 ,
2344.0 12187.0 292.0 104.0 after
2680.0 12187.0 436.0 120.0 CJarvey
3196.0 12208.0 232.0 80.0 vv.is
3476.0 12176.0 304.0 108.0 nomi-

1036.0 12336.0 332.0 104.0 nated
1424.0 12336.0 136.0 120.0 by
1612.0 12336.0 184.0 100.0 the
1840.0 12336.0 620.0 100.0 democrats
2512.0 12336.0 176.0 96.0 for
2736.0 12336.0 184.0 96.0 the
2964.0 12332.0 224.0 116.0 city
3228.0 12319.0 440.0 108.0 council
3684.0 12392.0 24.0 52.0 ,
3760.0 12348.0 64.0 76.0 a

1028.0 12480.0 328.0 100.0 letter
1460.0 12503.0 224.0 76.0 was
1792.0 12476.0 496.0 104.0 received
2396.0 12480.0 112.0 96.0 at
2596.0 12472.0 188.0 104.0 the
2848.0 12472.0 220.0 100.0 HKI
3080.0 12496.0 32.0 76.0 :
3160.0 12467.0 308.0 104.0 olllco
3536.0 12476.0 284.0 92.0 Irom

1024.0 12647.0 308.0 76.0 some
1384.0 12620.0 580.0 100.0 unknown
2016.0 12643.0 400.0 100.0 person
2476.0 12616.0 112.0 100.0 In
2648.0 12612.0 360.0 104.0 which
3060.0 12620.0 184.0 96.0 the
3308.0 12608.0 512.0 120.0 question

1028.0 12787.0 228.0 72.0 was
1356.0 12760.0 724.0 124.0 piopoundcd
2160.0 12756.0 296.0 104.0 what
2544.0 12764.0 228.0 92.0 sort
2868.0 12760.0 112.0 96.0 ot
3084.0 12752.0 388.0 104.0 tlmbei
3596.0 12779.0 228.0 76.0 was

1020.0 12904.0 336.0 116.0 being
1516.0 12912.0 196.0 112.0 put
1884.0 12927.0 148.0 96.0 up
2196.0 12900.0 140.0 120.0 by
2500.0 12900.0 188.0 100.0 the
2848.0 12900.0 624.0 100.0 democrats
3644.0 12896.0 176.0 96.0 for

1012.0 13040.0 704.0 104.0 coiincilnien
1848.0 13044.0 324.0 104.0 when
2304.0 13068.0 216.0 76.0 one
2688.0 13048.0 124.0 92.0 ol
3000.0 13040.0 288.0 100.0 their
3444.0 13032.0 332.0 108.0 candi-

1012.0 13184.0 316.0 104.0 dates
1512.0 13212.0 228.0 76.0 was
1900.0 13208.0 144.0 76.0 on
2216.0 13184.0 380.0 104.0 record
2720.0 13212.0 124.0 72.0 as
2968.0 13180.0 428.0 124.0 having
3524.0 13180.0 280.0 100.0 been

1012.0 13356.0 320.0 96.0 years
1512.0 13352.0 204.0 96.0 ago
1896.0 13324.0 588.0 108.0 convicted
2668.0 13324.0 128.0 104.0 of
2980.0 13324.0 172.0 104.0 till
3344.0 13320.0 472.0 128.0 tapping

1016.0 13471.0 112.0 100.0 In
1380.0 13500.0 68.0 76.0 a
1676.0 13488.0 348.0 88.0 court.
2312.0 13467.0 280.0 104.0 Tills
2860.0 13464.0 444.0 128.0 Inquiry
3584.0 13488.0 228.0 76.0 was

1016.0 13611.0 492.0 104.0 inserted
1556.0 13615.0 524.0 120.0 conti.uy
2128.0 13624.0 112.0 92.0 to
2316.0 13636.0 660.0 100.0 newspaper
3020.0 13636.0 336.0 92.0 imge
3364.0 13680.0 28.0 52.0 ,
3444.0 13603.0 360.0 104.0 which

1016.0 13764.0 376.0 96.0 exacts
1440.0 13784.0 76.0 76.0 w
1552.0 13755.0 152.0 100.0 ith
1756.0 13755.0 272.0 100.0 each
2088.0 13751.0 936.0 104.0 communication
3064.0 13751.0 188.0 100.0 the
3316.0 13776.0 328.0 72.0 name
3688.0 13751.0 124.0 96.0 of

1020.0 13896.0 188.0 100.0 tlio
1276.0 13896.0 400.0 104.0 writer.
1808.0 13896.0 280.0 100.0 Tills
2192.0 13904.0 592.0 108.0 departure
2880.0 13916.0 228.0 80.0 was
3116.0 13964.0 24.0 52.0 ,
3256.0 13891.0 496.0 100.0 howevei
3772.0 13956.0 28.0 48.0 ,

1020.0 14023.0 340.0 104.0 taken
1412.0 14023.0 464.0 104.0 because
1932.0 14048.0 144.0 76.0 no
2180.0 14048.0 332.0 76.0 name
2624.0 14048.0 224.0 76.0 was
2956.0 14019.0 328.0 120.0 given
3340.0 14019.0 232.0 96.0 and
3624.0 14040.0 144.0 76.0 no-

1020.0 14167.0 292.0 120.0 body
1356.0 14172.0 528.0 112.0 expected
1940.0 14167.0 184.0 100.0 the
2176.0 14167.0 316.0 120.0 pirty
2544.0 14159.0 496.0 104.0 referred
3092.0 14172.0 112.0 92.0 to
3260.0 14152.0 372.0 108.0 would
3680.0 14155.0 128.0 100.0 bo

1020.0 14307.0 404.0 104.0 foolish
1468.0 14307.0 444.0 124.0 enough
1964.0 14316.0 112.0 92.0 to
2120.0 14316.0 200.0 116.0 put
2372.0 14307.0 184.0 100.0 the
2660.0 14303.0 264.0 100.0 shoo
3032.0 14324.0 180.0 80.0 on.
3344.0 14299.0 168.0 100.0 To
3620.0 14324.0 188.0 92.0 my

1008.0 14472.0 256.0 76.0 own
1312.0 14448.0 484.0 120.0 surprise
1832.0 14452.0 36.0 92.0 (
1888.0 14448.0 392.0 116.0 Jarney
2284.0 14516.0 28.0 48.0 ,
2360.0 14468.0 248.0 80.0 wno
2640.0 14468.0 228.0 76.0 was
2900.0 14443.0 264.0 100.0 then
3212.0 14439.0 588.0 100.0 unknown

1008.0 14596.0 112.0 96.0 to
1172.0 14615.0 172.0 76.0 mo
1348.0 14663.0 24.0 48.0 ,
1428.0 14588.0 640.0 120.0 personally
2152.0 14579.0 548.0 128.0 appeared
2784.0 14583.0 116.0 100.0 at
3004.0 14579.0 188.0 104.0 the
3280.0 14575.0 516.0 104.0 editorial

1008.0 14755.0 368.0 76.0 rooms
1428.0 14736.0 272.0 96.0 ni'\t
1748.0 14755.0 216.0 76.0 moi
1996.0 14728.0 280.0 112.0 niiu'
2368.0 14736.0 112.0 92.0 to
2568.0 14728.0 736.0 96.0 remonstrate
3348.0 14719.0 452.0 120.0 against

1004.0 14899.0 220.0 96.0 any
1280.0 14876.0 412.0 100.0 lurthei
1752.0 14876.0 600.0 100.0 leteience.
2488.0 14864.0 360.0 108.0 When
2920.0 14864.0 340.0 104.0 asked
3312.0 14868.0 300.0 100.0 what
3656.0 14859.0 140.0 104.0 ho

1008.0 15020.0 376.0 100.0 meant
1396.0 15087.0 24.0 52.0 ,
1476.0 15016.0 136.0 100.0 he
1660.0 15012.0 420.0 116.0 replied
2128.0 15012.0 240.0 104.0 that
2412.0 15008.0 596.0 108.0 thcaiticle
3056.0 15008.0 112.0 100.0 in
3224.0 15004.0 188.0 104.0 the
3456.0 15031.0 136.0 96.0 pa
3608.0 15031.0 172.0 88.0 pel

1008.0 15164.0 332.0 104.0 about
1392.0 15160.0 184.0 100.0 the
1620.0 15156.0 172.0 104.0 till
1840.0 15164.0 388.0 112.0 tapper
2296.0 15152.0 488.0 104.0 referred
2832.0 15156.0 116.0 100.0 to
2996.0 15148.0 484.0 104.0 hlmselt.

1132.0 15303.0 48.0 100.0 1
1228.0 15300.0 612.0 108.0 exclaimed
1868.0 15324.0 24.0 80.0 :
1976.0 15296.0 324.0 104.0 "You
2348.0 15319.0 184.0 76.0 are
2612.0 15296.0 188.0 100.0 the
2904.0 15288.0 432.0 120.0 biggest
3444.0 15288.0 224.0 100.0 tool
3736.0 15288.0 60.0 100.0 I

1008.0 15472.0 240.0 80.0 evei
1304.0 15468.0 232.0 80.0 saw
1600.0 15451.0 112.0 92.0 to
1772.0 15468.0 312.0 76.0 come
2132.0 15440.0 256.0 100.0 hero
2472.0 15436.0 228.0 104.0 and
2804.0 15440.0 452.0 96.0 contess
3364.0 15436.0 276.0 96.0 such
3720.0 15460.0 68.0 72.0 a

1008.0 15591.0 280.0 100.0 thlni
1288.0 15616.0 40.0 76.0 :
1380.0 15583.0 320.0 108.0 when
1756.0 15608.0 152.0 76.0 no
1972.0 15608.0 332.0 76.0 name
2408.0 15576.0 220.0 104.0 had
2736.0 15579.0 276.0 100.0 been
3136.0 15572.0 648.0 104.0 mentioned

1004.0 15731.0 224.0 104.0 and
1292.0 15727.0 40.0 100.0 t
1380.0 15727.0 192.0 104.0 did
1624.0 15731.0 200.0 96.0 not
1868.0 15723.0 340.0 104.0 know
2260.0 15719.0 408.0 124.0 myself
2712.0 15716.0 364.0 108.0 whom
3128.0 15716.0 184.0 104.0 the
3400.0 15716.0 388.0 104.0 writer

1016.0 15871.0 448.0 104.0 alluded
1520.0 15871.0 160.0 100.0 to.
1700.0 15863.0 64.0 56.0 "

1124.0 16012.0 740.0 116.0 Ciiirveythnn
1920.0 16007.0 324.0 104.0 made
2288.0 16032.0 64.0 76.0 a
2400.0 16003.0 440.0 124.0 piteous
2928.0 16003.0 252.0 112.0 plea
3296.0 16003.0 120.0 104.0 to
3508.0 16003.0 284.0 100.0 have

1008.0 16160.0 188.0 100.0 the
1260.0 16156.0 400.0 100.0 matter
1740.0 16152.0 532.0 124.0 dropped.
2404.0 16147.0 176.0 104.0 Ho
2628.0 16147.0 240.0 104.0 said
2920.0 16147.0 136.0 104.0 ho
3108.0 16172.0 228.0 80.0 was
3380.0 16175.0 68.0 76.0 a
3496.0 16172.0 300.0 76.0 more

1008.0 16300.0 184.0 100.0 lad
1240.0 16304.0 112.0 92.0 ot
1400.0 16292.0 432.0 104.0 sixteen
1888.0 16292.0 324.0 104.0 when
2260.0 16292.0 584.0 104.0 convicted
2928.0 16296.0 116.0 96.0 ot
3152.0 16288.0 200.0 104.0 the
3448.0 16288.0 328.0 100.0 then.

1008.0 16440.0 416.0 104.0 Hehad
1472.0 16436.0 312.0 104.0 since
1832.0 16436.0 556.0 100.0 refotmcd
2436.0 16444.0 228.0 92.0 and
2752.0 16440.0 448.0 96.0 become
3312.0 16455.0 144.0 76.0 an
3584.0 16455.0 148.0 96.0 up-

1004.0 16584.0 300.0 120.0 right
1412.0 16603.0 288.0 84.0 man.
1840.0 16576.0 52.0 104.0 I
2016.0 16576.0 456.0 104.0 assured
2564.0 16576.0 232.0 104.0 him
2904.0 16576.0 244.0 104.0 that
3256.0 16572.0 332.0 104.0 while
3656.0 16572.0 140.0 104.0 he

1008.0 16724.0 380.0 128.0 placed
1464.0 16752.0 168.0 76.0 mo
1720.0 16720.0 112.0 104.0 In
1888.0 16748.0 140.0 76.0 an
2080.0 16720.0 248.0 108.0 ovvk
2348.0 16720.0 300.0 104.0 ward
2704.0 16716.0 488.0 124.0 position
3296.0 16716.0 140.0 124.0 by
3548.0 16716.0 204.0 112.0 beg-

1004.0 16871.0 276.0 120.0 ging
1404.0 16867.0 176.0 100.0 for
1680.0 16864.0 420.0 104.0 silence
2104.0 16940.0 28.0 48.0 ,
2248.0 16864.0 52.0 100.0 1
2408.0 16860.0 368.0 104.0 would
2892.0 16864.0 196.0 100.0 not
3196.0 16883.0 312.0 100.0 press
3600.0 16856.0 188.0 104.0 the

1000.0 17011.0 248.0 100.0 chai
1272.0 17036.0 160.0 96.0 go.
1488.0 17007.0 532.0 124.0 although
2068.0 17000.0 696.0 108.0 determined
2816.0 17007.0 112.0 100.0 to
2972.0 17000.0 252.0 104.0 beat
3312.0 17000.0 232.0 104.0 him
3644.0 17003.0 140.0 120.0 by

1008.0 17151.0 188.0 104.0 the
1348.0 17151.0 640.0 124.0 republican
2136.0 17143.0 632.0 108.0 candidate.
3000.0 17147.0 432.0 120.0 Carvey
3560.0 17172.0 228.0 76.0 was

1004.0 17295.0 388.0 100.0 beaten
1412.0 17368.0 20.0 44.0 ,
1452.0 17320.0 244.0 76.0 sine
1728.0 17295.0 440.0 112.0 enough
2180.0 17364.0 20.0 52.0 ,
2220.0 17291.0 224.0 100.0 and
2488.0 17287.0 172.0 104.0 his
2696.0 17287.0 644.0 108.0 confession
3380.0 17287.0 408.0 104.0 almost

1004.0 17435.0 496.0 124.0 dropped
1552.0 17440.0 192.0 96.0 out
1788.0 17440.0 116.0 92.0 ot
1960.0 17460.0 176.0 80.0 mv
2192.0 17431.0 360.0 104.0 mind.

1132.0 17576.0 352.0 108.0 When
1540.0 17576.0 56.0 104.0 1
1644.0 17580.0 452.0 100.0 learned
2148.0 17580.0 244.0 100.0 that
2472.0 17584.0 136.0 92.0 he
2656.0 17599.0 228.0 80.0 was
2936.0 17576.0 656.0 104.0 nominated
3644.0 17576.0 144.0 124.0 by

1004.0 17724.0 188.0 100.0 the
1236.0 17724.0 624.0 100.0 domociats
1932.0 17724.0 172.0 96.0 lor
2204.0 17720.0 188.0 100.0 the
2500.0 17720.0 644.0 120.0 legislature
3144.0 17791.0 28.0 44.0 ,
3228.0 17716.0 228.0 104.0 and
3504.0 17743.0 272.0 76.0 soon

996.0 17868.0 296.0 100.0 after
1412.0 17864.0 384.0 128.0 placed
1932.0 17887.0 140.0 80.0 on
2188.0 17864.0 188.0 100.0 the
2484.0 17860.0 308.0 104.0 labor
2892.0 17860.0 348.0 104.0 ticket
3340.0 17860.0 140.0 124.0 by
3596.0 17860.0 184.0 104.0 the

996.0 18008.0 468.0 120.0 knights
1472.0 18084.0 24.0 44.0 ,
1548.0 18008.0 332.0 104.0 while
1992.0 18004.0 420.0 116.0 feeling
2456.0 18004.0 400.0 104.0 almost
2908.0 18004.0 568.0 108.0 conhdcnt
3532.0 18004.0 240.0 104.0 that

988.0 18151.0 144.0 100.0 ho
1184.0 18148.0 364.0 108.0 nould
1592.0 18155.0 200.0 96.0 not
1840.0 18148.0 128.0 104.0 bo
2012.0 18148.0 416.0 108.0 elected
2444.0 18220.0 24.0 56.0 ,
2564.0 18148.0 48.0 104.0 1
2684.0 18148.0 552.0 104.0 hesitated
3284.0 18155.0 116.0 92.0 to
3448.0 18148.0 324.0 104.0 make

984.0 18320.0 148.0 76.0 nn
1240.0 18320.0 544.0 88.0 exposure
1872.0 18291.0 364.0 104.0 which
2384.0 18291.0 356.0 120.0 might
2848.0 18288.0 372.0 108.0 retlect
3324.0 18316.0 144.0 76.0 on
3584.0 18291.0 188.0 104.0 the

992.0 18431.0 500.0 124.0 Knights
1588.0 18435.0 124.0 100.0 of
1824.0 18431.0 356.0 108.0 Labor
2184.0 18504.0 28.0 36.0 ,
2340.0 18435.0 436.0 120.0 tiarvey
2892.0 18460.0 224.0 80.0 was
3124.0 18508.0 24.0 40.0 ,
3208.0 18435.0 524.0 104.0 however
3732.0 18508.0 28.0 48.0 ,

992.0 18600.0 412.0 84.0 among
1448.0 18575.0 184.0 104.0 the
1676.0 18575.0 280.0 104.0 elect
1960.0 18648.0 28.0 44.0 ,
2036.0 18575.0 200.0 100.0 but
2284.0 18575.0 328.0 120.0 being
2660.0 18575.0 468.0 120.0 pledged
3140.0 18648.0 24.0 40.0 ,
3212.0 18600.0 124.0 76.0 as
3384.0 18575.0 152.0 100.0 all
3584.0 18571.0 192.0 108.0 the

992.0 18719.0 312.0 100.0 labor
1344.0 18715.0 652.0 104.0 candidates
2044.0 18744.0 288.0 76.0 wuro
2428.0 18715.0 120.0 104.0 In
2596.0 18744.0 204.0 76.0 our
2840.0 18728.0 420.0 108.0 county
3268.0 18788.0 28.0 48.0 ,
3348.0 18719.0 116.0 96.0 to
3528.0 18740.0 212.0 100.0 sup-

996.0 18864.0 248.0 120.0 port
1348.0 18859.0 884.0 124.0 anti-monopoly
2340.0 18855.0 616.0 128.0 principles
3060.0 18859.0 228.0 100.0 and
3400.0 18855.0 336.0 104.0 candi-

992.0 19004.0 316.0 100.0 dates
1316.0 19071.0 24.0 44.0 ,
1392.0 19004.0 44.0 96.0 (
1452.0 18999.0 376.0 124.0 iarvey
1880.0 19023.0 228.0 80.0 was
2152.0 19004.0 428.0 96.0 trusted
2632.0 18999.0 272.0 100.0 with
2944.0 18995.0 184.0 104.0 the
3176.0 18999.0 252.0 100.0 rest.
3560.0 18995.0 216.0 108.0 His

1000.0 19144.0 476.0 104.0 conduct
1540.0 19144.0 412.0 112.0 during
2040.0 19140.0 188.0 104.0 the
2308.0 19140.0 608.0 104.0 senatorial
3008.0 19144.0 436.0 100.0 contest
3512.0 19163.0 224.0 84.0 was
3744.0 19215.0 24.0 48.0 ,

996.0 19299.0 116.0 88.0 to
1348.0 19311.0 196.0 76.0 use
1816.0 19311.0 68.0 76.0 a
2084.0 19311.0 264.0 96.0 very
2544.0 19284.0 144.0 100.0 nil
2708.0 19280.0 112.0 104.0 Id
3040.0 19288.0 400.0 120.0 phrase
3444.0 19355.0 28.0 44.0 ,
3716.0 19311.0 68.0 76.0 a

996.0 19432.0 492.0 124.0 betrayal
1528.0 19428.0 128.0 100.0 of
1712.0 19428.0 648.0 108.0 conlldenco
2444.0 19428.0 364.0 100.0 under
2852.0 19447.0 264.0 100.0 very
3160.0 19424.0 620.0 128.0 suspicious

992.0 19572.0 896.0 104.0 ciicumstances.
2024.0 19568.0 208.0 104.0 Ills
2316.0 19568.0 480.0 104.0 conduct
2876.0 19595.0 260.0 76.0 over
3176.0 19572.0 316.0 100.0 since
3576.0 19572.0 204.0 104.0 has

996.0 19715.0 276.0 100.0 been
1328.0 19712.0 240.0 108.0 that
1608.0 19715.0 120.0 100.0 of
1792.0 19744.0 64.0 72.0 a
1960.0 19712.0 484.0 104.0 reckless
2492.0 19712.0 220.0 104.0 and
2764.0 19708.0 360.0 120.0 pliant
3168.0 19712.0 224.0 104.0 tool
3404.0 19783.0 24.0 52.0 ,
3524.0 19715.0 256.0 104.0 who

996.0 19855.0 216.0 104.0 had
1260.0 19884.0 68.0 76.0 a
1372.0 19863.0 244.0 120.0 part
1700.0 19863.0 116.0 96.0 to
1860.0 19855.0 256.0 124.0 play
2124.0 19928.0 28.0 48.0 ,
2244.0 19851.0 224.0 108.0 and
2520.0 19884.0 224.0 76.0 was
2812.0 19851.0 464.0 128.0 plajlng
3364.0 19859.0 176.0 100.0 for
3624.0 19855.0 148.0 104.0 nil

996.0 19999.0 308.0 104.0 there
1412.0 20024.0 228.0 80.0 was
1748.0 19999.0 116.0 104.0 In
1976.0 19999.0 116.0 104.0 It.
2216.0 19995.0 584.0 124.0 Although
2912.0 19999.0 368.0 104.0 bound
3388.0 19995.0 148.0 128.0 by
3600.0 20003.0 176.0 100.0 his

992.0 20143.0 392.0 124.0 pledge
1424.0 20151.0 112.0 96.0 to
1580.0 20143.0 176.0 104.0 act
1804.0 20143.0 116.0 104.0 In
2016.0 20143.0 544.0 124.0 harmony
2636.0 20139.0 264.0 108.0 with
2956.0 20172.0 68.0 76.0 a
3072.0 20143.0 532.0 124.0 majoilty
3652.0 20147.0 124.0 100.0 of

988.0 20283.0 192.0 104.0 the
1212.0 20283.0 632.0 128.0 delegation
1860.0 20359.0 24.0 48.0 ,
1940.0 20287.0 436.0 120.0 Carvoy
2428.0 20311.0 340.0 76.0 never
2816.0 20287.0 264.0 120.0 kept
3132.0 20287.0 284.0 104.0 faith
3472.0 20292.0 176.0 100.0 for
3712.0 20315.0 64.0 76.0 a

984.0 20436.0 528.0 100.0 moment.
1652.0 20427.0 444.0 124.0 During
2136.0 20455.0 216.0 76.0 one
2388.0 20427.0 124.0 104.0 of
2600.0 20427.0 176.0 104.0 his
2860.0 20427.0 504.0 108.0 oil-room
3408.0 20432.0 368.0 120.0 orgies

988.0 20572.0 40.0 104.0 1
1084.0 20572.0 608.0 108.0 oveiheard
1744.0 20572.0 224.0 104.0 him
2016.0 20572.0 412.0 120.0 saying
2472.0 20572.0 240.0 104.0 that
2760.0 20576.0 136.0 100.0 ho
2944.0 20572.0 192.0 108.0 did
3208.0 20580.0 196.0 96.0 not
3448.0 20599.0 316.0 80.0 mean

984.0 20723.0 112.0 100.0 to
1220.0 20720.0 128.0 100.0 be
1472.0 20716.0 372.0 104.0 bound
2012.0 20720.0 144.0 120.0 by
2320.0 20716.0 192.0 104.0 the
2672.0 20716.0 396.0 128.0 pledge
3184.0 20716.0 228.0 108.0 and
3544.0 20743.0 228.0 80.0 was

984.0 20860.0 332.0 104.0 down
1368.0 20860.0 260.0 100.0 hero
1672.0 20856.0 268.0 128.0 only
1992.0 20860.0 112.0 100.0 to
2148.0 20856.0 144.0 108.0 do
2332.0 20860.0 292.0 104.0 what
2676.0 20867.0 188.0 96.0 the
2948.0 20860.0 484.0 108.0 railroad
3480.0 20887.0 244.0 80.0 com-

988.0 21023.0 296.0 100.0 pany
1348.0 20999.0 476.0 104.0 wanted.
1960.0 21003.0 48.0 100.0 1
2088.0 20999.0 344.0 104.0 asked
2540.0 21003.0 228.0 104.0 him
2880.0 21003.0 188.0 104.0 the
3180.0 21007.0 280.0 104.0 next
3548.0 21007.0 220.0 120.0 day

988.0 21168.0 80.0 76.0 vv
1104.0 21143.0 184.0 100.0 hat
1332.0 21139.0 140.0 104.0 he
1520.0 21147.0 372.0 96.0 meant
1944.0 21143.0 136.0 120.0 by
2124.0 21147.0 272.0 100.0 mich
2444.0 21172.0 64.0 72.0 a
2556.0 21143.0 392.0 108.0 breach
2996.0 21147.0 124.0 100.0 of
3188.0 21147.0 176.0 100.0 his
3420.0 21163.0 304.0 88.0 word
3736.0 21220.0 28.0 48.0 ,

988.0 21279.0 220.0 108.0 and
1260.0 21279.0 136.0 100.0 he
1436.0 21283.0 568.0 104.0 answered
2060.0 21287.0 232.0 100.0 that
2340.0 21283.0 136.0 104.0 he
2560.0 21287.0 192.0 104.0 did
2860.0 21291.0 200.0 100.0 not
3140.0 21287.0 624.0 104.0 remember

992.0 21427.0 296.0 100.0 what
1336.0 21423.0 136.0 100.0 he
1520.0 21423.0 212.0 100.0 had
1776.0 21423.0 244.0 104.0 said
2092.0 21423.0 328.0 104.0 while
2504.0 21427.0 352.0 104.0 under
2948.0 21431.0 184.0 100.0 the
3200.0 21427.0 568.0 112.0 intlueiico

984.0 21571.0 124.0 96.0 of
1156.0 21563.0 388.0 128.0 liquor.

1096.0 21707.0 340.0 104.0 talnco
1484.0 21707.0 236.0 100.0 that
1768.0 21707.0 268.0 100.0 time
2080.0 21707.0 136.0 100.0 ho
2264.0 21707.0 200.0 104.0 has
2564.0 21711.0 292.0 100.0 done
2964.0 21711.0 488.0 124.0 nothing
3560.0 21720.0 196.0 100.0 but

984.0 21847.0 808.0 108.0 underhanded
1836.0 21851.0 300.0 100.0 work
2168.0 21851.0 448.0 116.0 against
2660.0 21851.0 172.0 100.0 his
2880.0 21851.0 624.0 124.0 colleagues
3552.0 21856.0 224.0 104.0 and

984.0 21996.0 188.0 100.0 the
1216.0 21991.0 460.0 104.0 charter.
1824.0 21991.0 352.0 104.0 When
2260.0 21987.0 364.0 104.0 Fuller
2676.0 22019.0 36.0 64.0 \
2712.0 22019.0 40.0 72.0 \
2780.0 22019.0 120.0 76.0 as
3020.0 21996.0 464.0 120.0 making
3600.0 21996.0 172.0 100.0 his

980.0 22132.0 460.0 104.0 abusive
1532.0 22132.0 400.0 124.0 speccli
1976.0 22127.0 416.0 124.0 during
2444.0 22132.0 184.0 104.0 the
2676.0 22132.0 392.0 104.0 debate
3120.0 22136.0 220.0 100.0 this
3392.0 22163.0 312.0 76.0 morn-

984.0 22280.0 196.0 112.0 ing
1188.0 22347.0 24.0 52.0 ,
1264.0 22280.0 36.0 96.0 (
1316.0 22280.0 384.0 112.0 Jarvoy
1740.0 22276.0 468.0 128.0 clapped
2256.0 22272.0 172.0 108.0 his
2480.0 22276.0 396.0 104.0 hands.
3012.0 22280.0 172.0 96.0 On
3260.0 22276.0 188.0 104.0 the
3512.0 22291.0 252.0 92.0 vote

984.0 22427.0 112.0 96.0 to
1144.0 22416.0 572.0 108.0 recommit
1768.0 22423.0 184.0 96.0 thn
2000.0 22416.0 420.0 104.0 chaitei
2484.0 22423.0 108.0 96.0 to
2644.0 22420.0 188.0 100.0 the
2892.0 22420.0 488.0 116.0 Douglas
3468.0 22420.0 312.0 104.0 dele-

980.0 22563.0 380.0 112.0 cation
1440.0 22560.0 140.0 104.0 he
1628.0 22587.0 224.0 76.0 was
1892.0 22560.0 184.0 104.0 the
2124.0 22560.0 272.0 124.0 only
2448.0 22587.0 252.0 76.0 man
2756.0 22563.0 108.0 100.0 In
2956.0 22563.0 244.0 104.0 tint
3300.0 22560.0 400.0 124.0 delega-

976.0 22703.0 240.0 104.0 tion
1272.0 22711.0 108.0 96.0 to
1436.0 22707.0 244.0 104.0 vote
1736.0 22703.0 264.0 104.0 with
2100.0 22703.0 436.0 104.0 Kussell
2548.0 22780.0 28.0 40.0 ,
2668.0 22703.0 372.0 104.0 Slater
3144.0 22711.0 228.0 100.0 and
3488.0 22736.0 244.0 76.0 com

976.0 22876.0 336.0 100.0 pany.
1520.0 22847.0 180.0 108.0 No
1880.0 22876.0 412.0 76.0 sooner
2492.0 22847.0 216.0 104.0 had
2880.0 22847.0 88.0 108.0 It
3164.0 22851.0 276.0 104.0 boon
3612.0 22880.0 160.0 76.0 re-

976.0 22991.0 356.0 108.0 fened
1524.0 22991.0 268.0 108.0 than
2004.0 22995.0 140.0 100.0 he
2368.0 22991.0 244.0 104.0 said
2852.0 22991.0 488.0 124.0 publicly
3536.0 22991.0 248.0 108.0 that

972.0 23144.0 136.0 96.0 he
1240.0 23135.0 532.0 108.0 Intended
1864.0 23139.0 112.0 100.0 to
2100.0 23135.0 332.0 104.0 inako
2536.0 23163.0 68.0 76.0 a
2712.0 23131.0 536.0 128.0 minority
3360.0 23139.0 412.0 124.0 report.

980.0 23279.0 172.0 104.0 He
1196.0 23284.0 520.0 104.0 attended
1812.0 23279.0 184.0 108.0 the
2036.0 23279.0 684.0 108.0 conference
2724.0 23355.0 24.0 44.0 ,
2808.0 23275.0 268.0 104.0 took
3124.0 23288.0 240.0 116.0 part
3420.0 23279.0 112.0 104.0 in
3604.0 23279.0 144.0 104.0 Its

968.0 23424.0 444.0 100.0 debttes
1424.0 23499.0 24.0 44.0 ,
1572.0 23424.0 196.0 104.0 but
1916.0 23424.0 384.0 104.0 before
2420.0 23424.0 268.0 116.0 they
2816.0 23447.0 284.0 84.0 were
3276.0 23424.0 484.0 116.0 through

976.0 23560.0 432.0 100.0 walked
1488.0 23571.0 196.0 92.0 out
1768.0 23571.0 116.0 92.0 to
1968.0 23571.0 368.0 116.0 report
2420.0 23571.0 116.0 96.0 to
2624.0 23560.0 792.0 112.0 Vandorvoort
3544.0 23564.0 232.0 108.0 and

976.0 23700.0 480.0 104.0 Kussull.
1576.0 23704.0 560.0 104.0 To-nluht
2220.0 23719.0 136.0 92.0 lie
2400.0 23708.0 200.0 104.0 has
2688.0 23708.0 276.0 108.0 boon
3020.0 23704.0 516.0 124.0 ritnnlnic
3608.0 23731.0 148.0 100.0 up

972.0 23840.0 224.0 104.0 and
1300.0 23844.0 332.0 104.0 down
1720.0 23844.0 496.0 108.0 between
2328.0 23851.0 188.0 100.0 the
2608.0 23847.0 200.0 108.0 bar
2876.0 23880.0 300.0 76.0 room
3268.0 23851.0 236.0 108.0 und
3624.0 23851.0 152.0 104.0 oil

976.0 24011.0 364.0 76.0 looms
1344.0 24055.0 28.0 40.0 ,
1464.0 23984.0 752.0 124.0 holHiobblng
2304.0 23987.0 272.0 104.0 with
2676.0 23995.0 188.0 100.0 the
2972.0 23995.0 468.0 128.0 plotters
3532.0 23991.0 228.0 108.0 and

972.0 24123.0 1460.0 132.0 schomoiswhoarotrying
2480.0 24135.0 124.0 96.0 to
2640.0 24131.0 380.0 108.0 defeat
3068.0 24139.0 188.0 100.0 the
3300.0 24135.0 468.0 108.0 charter.

1096.0 24267.0 44.0 100.0 I
1196.0 24267.0 276.0 100.0 have
1508.0 24263.0 240.0 128.0 just
1832.0 24263.0 456.0 108.0 learned
2372.0 24271.0 240.0 104.0 that
2724.0 24275.0 188.0 100.0 the
2988.0 24279.0 544.0 128.0 minority
3624.0 24307.0 116.0 80.0 re-

972.0 24415.0 248.0 116.0 port
1260.0 24411.0 384.0 116.0 gotten
1696.0 24432.0 148.0 104.0 up
1888.0 24407.0 140.0 128.0 by
2080.0 24407.0 792.0 112.0 Yandervoort
2920.0 24419.0 224.0 100.0 and
3200.0 24419.0 432.0 108.0 Itnssell
3684.0 24447.0 96.0 80.0 is

968.0 24580.0 64.0 76.0 a
1080.0 24547.0 284.0 108.0 llxed
1420.0 24551.0 220.0 104.0 fact
1648.0 24624.0 28.0 48.0 ,
1728.0 24551.0 224.0 104.0 and
2004.0 24580.0 264.0 100.0 poor
2328.0 24551.0 184.0 108.0 ola
2604.0 24555.0 200.0 104.0 Mr.
2900.0 24555.0 328.0 104.0 Kuox
3240.0 24631.0 24.0 40.0 ,
3360.0 24563.0 256.0 104.0 who
3664.0 24567.0 96.0 100.0 Is

968.0 24720.0 144.0 76.0 an
1164.0 24691.0 404.0 104.0 honest
1612.0 24691.0 192.0 104.0 but
1848.0 24695.0 348.0 120.0 easily
2240.0 24695.0 368.0 128.0 duped
2668.0 24723.0 256.0 80.0 man
2940.0 24771.0 24.0 44.0 ,
3024.0 24699.0 204.0 104.0 has
3272.0 24703.0 280.0 104.0 been
3608.0 24703.0 164.0 104.0 In-

964.0 24835.0 352.0 136.0 dik'ud
1376.0 24852.0 120.0 92.0 to
1532.0 24831.0 240.0 128.0 join
1824.0 24843.0 36.0 88.0 (
1880.0 24835.0 376.0 128.0 iarvey
2304.0 24839.0 112.0 104.0 In
2456.0 24839.0 464.0 128.0 signing
2956.0 24839.0 216.0 108.0 this
3232.0 24843.0 508.0 128.0 proclous

964.0 24979.0 604.0 104.0 document
1608.0 24979.0 296.0 104.0 after
1948.0 24975.0 132.0 104.0 he
2128.0 24979.0 208.0 108.0 had
2428.0 24984.0 276.0 104.0 bntin
2792.0 24984.0 344.0 108.0 dosed
3228.0 24988.0 276.0 104.0 with
3556.0 24988.0 156.0 128.0 liq

968.0 25143.0 244.0 84.0 uor.
1360.0 25119.0 100.0 104.0 It
1568.0 25124.0 92.0 104.0 Is
1772.0 25124.0 196.0 100.0 not
2072.0 25128.0 180.0 116.0 yet
2376.0 25124.0 456.0 112.0 decided
2968.0 25128.0 504.0 108.0 whether
3576.0 25132.0 188.0 104.0 the

968.0 25260.0 632.0 116.0 delegation
1772.0 25260.0 232.0 108.0 will
2220.0 25279.0 368.0 112.0 report
2780.0 25275.0 656.0 100.0 to-morrow
3648.0 25299.0 124.0 80.0 or

972.0 25408.0 272.0 100.0 next
1284.0 25400.0 216.0 128.0 day
1508.0 25475.0 24.0 44.0 ,
1588.0 25400.0 196.0 108.0 but
1828.0 25404.0 184.0 104.0 the
2060.0 25404.0 432.0 108.0 discord
2544.0 25411.0 220.0 108.0 and
2816.0 25411.0 492.0 108.0 division
3360.0 25411.0 412.0 124.0 sought

968.0 25551.0 116.0 96.0 to
1124.0 25547.0 128.0 100.0 bo
1284.0 25544.0 440.0 108.0 created
1772.0 25547.0 140.0 124.0 by
1960.0 25559.0 188.0 92.0 the
2188.0 25551.0 572.0 104.0 tricksters
2804.0 25555.0 228.0 104.0 rnd
3080.0 25555.0 496.0 124.0 shysters
3632.0 25563.0 116.0 96.0 ot

964.0 25687.0 188.0 104.0 the
1196.0 25687.0 324.0 128.0 lobby
1572.0 25711.0 252.0 96.0 nny
1872.0 25687.0 296.0 104.0 after
2208.0 25687.0 148.0 108.0 all
2408.0 25691.0 192.0 104.0 full
2660.0 25695.0 188.0 104.0 Hit
2892.0 25695.0 324.0 104.0 vvlion
3312.0 25699.0 192.0 104.0 the
3600.0 25724.0 112.0 84.0 re-

960.0 25827.0 556.0 124.0 spectable
1524.0 25904.0 24.0 48.0 ,
1604.0 25831.0 316.0 104.0 sober
1968.0 25827.0 224.0 108.0 and
2240.0 25831.0 400.0 108.0 decent
2724.0 25839.0 540.0 104.0 members
3356.0 25839.0 404.0 108.0 reallzu

964.0 25967.0 300.0 104.0 what
1316.0 25996.0 388.0 80.0 means
1752.0 25975.0 284.0 108.0 have
2080.0 25975.0 276.0 104.0 been
2408.0 25983.0 484.0 100.0 resorted
2944.0 25996.0 116.0 84.0 to
3132.0 25991.0 112.0 92.0 to
3300.0 25983.0 328.0 108.0 brliu
3680.0 25983.0 88.0 104.0 It

988.0 26111.0 372.0 108.0 about.
2196.0 26239.0 384.0 28.0 _
2656.0 26115.0 132.0 112.0 K.

1604.0 26324.0 496.0 100.0 Senate
3084.0 26391.0 32.0 32.0 .

1088.0 26460.0 920.0 108.0 LiNrotNeb.
2008.0 26531.0 28.0 32.0 .
2056.0 26531.0 28.0 48.0 ,
2160.0 26460.0 380.0 104.0 Murch
2620.0 26464.0 92.0 104.0 'i
2856.0 26464.0 20.0 124.0 |
2904.0 26464.0 436.0 128.0 SpeeliU
3448.0 26467.0 312.0 112.0 Tele-

960.0 26631.0 316.0 84.0 cram
1372.0 26611.0 116.0 100.0 to
1620.0 26607.0 188.0 104.0 ttio
1948.0 26600.0 336.0 128.0 Unil
2400.0 26600.0 240.0 108.0 The
2732.0 26627.0 384.0 84.0 senate
3252.0 26607.0 332.0 108.0 heard
3696.0 26644.0 72.0 76.0 a

964.0 26751.0 220.0 104.0 few
1272.0 26759.0 432.0 116.0 reports
1784.0 26747.0 128.0 104.0 of
2012.0 26747.0 704.0 104.0 committees
2816.0 26743.0 232.0 108.0 and
3136.0 26775.0 64.0 76.0 a
3324.0 26747.0 432.0 112.0 limited

964.0 26891.0 472.0 108.0 number
1472.0 26895.0 128.0 104.0 of
1644.0 26891.0 252.0 108.0 bills
1944.0 26916.0 144.0 80.0 on
2148.0 26887.0 744.0 108.0 rlrstreadlnir
2896.0 26959.0 28.0 44.0 ,
3008.0 26895.0 292.0 100.0 alter
3396.0 26887.0 360.0 108.0 which

968.0 27023.0 260.0 124.0 they
1272.0 27035.0 396.0 108.0 Bottled
1716.0 27035.0 336.0 108.0 down
2092.0 27039.0 112.0 100.0 to
2240.0 27031.0 456.0 128.0 passing
2728.0 27027.0 252.0 108.0 bills
3024.0 27031.0 228.0 108.0 and
3304.0 27035.0 444.0 116.0 ground

968.0 27167.0 308.0 104.0 eUht
1316.0 27183.0 192.0 96.0 out
1552.0 27175.0 380.0 108.0 before
1980.0 27203.0 24.0 80.0 (
2008.0 27179.0 512.0 128.0 .topping
2524.0 27247.0 28.0 52.0 ,
2600.0 27203.0 68.0 76.0 n
2708.0 27171.0 292.0 108.0 brief
3044.0 27171.0 528.0 132.0 synopsis
3636.0 27179.0 120.0 100.0 of

968.0 27299.0 356.0 108.0 which
1380.0 27307.0 88.0 100.0 Is
1512.0 27343.0 124.0 72.0 us
1720.0 27319.0 440.0 108.0 follows
2284.0 27347.0 308.0 80.0 some
2668.0 27343.0 192.0 84.0 uru
2904.0 27315.0 124.0 104.0 of
3068.0 27315.0 476.0 128.0 c.speclal
3596.0 27315.0 116.0 112.0 In-

964.0 27439.0 336.0 108.0 terest
1352.0 27451.0 108.0 96.0 to
1512.0 27451.0 484.0 128.0 Douglas
2040.0 27472.0 420.0 120.0 county
2484.0 27487.0 28.0 84.0 :
2640.0 27463.0 104.0 104.0 A
2800.0 27459.0 188.0 108.0 bill
3040.0 27468.0 116.0 104.0 to
3244.0 27455.0 508.0 108.0 dedicate

964.0 27583.0 228.0 100.0 two
1232.0 27608.0 300.0 84.0 acres
1576.0 27595.0 124.0 100.0 of
1740.0 27595.0 264.0 112.0 land
2056.0 27608.0 180.0 104.0 for
2284.0 27608.0 188.0 104.0 the
2516.0 27631.0 204.0 80.0 use
2804.0 27608.0 128.0 100.0 of
3040.0 27603.0 380.0 108.0 school
3536.0 27599.0 176.0 108.0 dis-

968.0 27719.0 256.0 108.0 trict
1264.0 27727.0 504.0 128.0 hfty-ono
1816.0 27759.0 112.0 84.0 in
1980.0 27739.0 608.0 112.0 Lancaster
2704.0 27759.0 452.0 108.0 county.
3332.0 27751.0 104.0 104.0 A
3552.0 27744.0 188.0 108.0 bill

964.0 27863.0 184.0 104.0 for
1192.0 27867.0 400.0 128.0 taking
1632.0 27875.0 224.0 104.0 ard
1904.0 27891.0 704.0 100.0 prosecution
2660.0 27891.0 124.0 104.0 of
2828.0 27891.0 452.0 128.0 appeals
3356.0 27895.0 116.0 100.0 to
3564.0 27899.0 184.0 92.0 the

952.0 27999.0 444.0 124.0 district
1436.0 28020.0 316.0 108.0 court
1804.0 28015.0 112.0 112.0 lu
1968.0 28024.0 184.0 108.0 tuu
2200.0 28035.0 412.0 116.0 county
2668.0 28031.0 372.0 112.0 whcio
3132.0 28035.0 188.0 108.0 tlio
3424.0 28031.0 332.0 108.0 lauds

4000.0 2780.0 184.0 76.0 are
4232.0 2744.0 480.0 108.0 situated
4768.0 2744.0 280.0 108.0 fiom
5100.0 2756.0 680.0 96.0 assessment
5824.0 2744.0 120.0 104.0 of
6028.0 2744.0 468.0 116.0 damaee
6652.0 2760.0 104.0 84.0 al

4000.0 2868.0 392.0 104.0 lowed.
4524.0 2872.0 104.0 96.0 A
4720.0 2864.0 188.0 104.0 bill
5016.0 2864.0 592.0 124.0 providing
5712.0 2876.0 172.0 88.0 tor
5992.0 2868.0 208.0 100.0 live
6296.0 2864.0 508.0 100.0 fommis-

4000.0 2984.0 432.0 100.0 sloncrs
4484.0 2976.0 108.0 108.0 In
4648.0 2984.0 512.0 100.0 counties
5208.0 2988.0 120.0 92.0 of
5372.0 3008.0 264.0 76.0 over
5680.0 2988.0 468.0 112.0 seventy
6244.0 2976.0 552.0 108.0 thousand

4004.0 3096.0 392.0 124.0 people
4420.0 3116.0 28.0 100.0 ;
4520.0 3096.0 236.0 104.0 also
4808.0 3100.0 184.0 100.0 thn
5080.0 3096.0 192.0 104.0 bill
5372.0 3100.0 348.0 112.0 llxlng
5820.0 3096.0 372.0 124.0 salary
6300.0 3100.0 120.0 96.0 of
6528.0 3096.0 272.0 100.0 such

4000.0 3244.0 32.0 72.0 (
4064.0 3212.0 852.0 104.0 oiumlssloneis
4964.0 3216.0 112.0 96.0 ut
5124.0 3216.0 376.0 104.0 Sl.HW.
5636.0 3224.0 88.0 92.0 A
5788.0 3212.0 192.0 104.0 bill
6036.0 3232.0 112.0 80.0 to
6236.0 3208.0 568.0 108.0 aiithori/o

4020.0 3332.0 184.0 100.0 the
4372.0 3340.0 420.0 108.0 county
4984.0 3328.0 336.0 104.0 boaid
5492.0 3332.0 116.0 100.0 In
5816.0 3328.0 512.0 104.0 counties
6552.0 3332.0 256.0 96.0 luv-

4032.0 3448.0 196.0 112.0 Ing
4452.0 3444.0 324.0 104.0 cities
5056.0 3456.0 120.0 88.0 of
5460.0 3448.0 152.0 100.0 tin
5620.0 3476.0 24.0 72.0 :
5888.0 3444.0 568.0 104.0 hrst-cKiss
6696.0 3452.0 112.0 88.0 to

4024.0 3560.0 340.0 136.0 grade
4372.0 3632.0 24.0 48.0 ,
4492.0 3584.0 280.0 100.0 p.ivo
4856.0 3560.0 228.0 104.0 and
5172.0 3560.0 596.0 104.0 otherwise
5876.0 3564.0 492.0 116.0 Improve
6480.0 3556.0 324.0 104.0 roads

4020.0 3664.0 456.0 132.0 leading
4528.0 3680.0 460.0 100.0 thereto.
5116.0 3680.0 104.0 100.0 A
5316.0 3676.0 192.0 104.0 bill
5600.0 3676.0 532.0 112.0 enabling
6184.0 3676.0 184.0 100.0 the
6412.0 3696.0 396.0 80.0 owner

4008.0 3820.0 128.0 76.0 or
4168.0 3804.0 556.0 108.0 occupant
4768.0 3796.0 116.0 96.0 of
4956.0 3796.0 264.0 100.0 land
5272.0 3796.0 236.0 100.0 sold
5600.0 3800.0 160.0 96.0 foi
5824.0 3804.0 316.0 88.0 taxes
6192.0 3800.0 108.0 92.0 to
6352.0 3792.0 440.0 100.0 redeem

4012.0 3912.0 184.0 100.0 the
4240.0 3932.0 304.0 80.0 same
4592.0 3932.0 224.0 116.0 any
4868.0 3908.0 268.0 104.0 time
5224.0 3912.0 376.0 100.0 before
5692.0 3908.0 180.0 104.0 the
5920.0 3908.0 280.0 100.0 deed
6248.0 3904.0 200.0 100.0 has
6516.0 3904.0 276.0 100.0 been

4012.0 4024.0 400.0 104.0 Issued.
4552.0 4032.0 88.0 96.0 A
4744.0 4020.0 188.0 108.0 bill
5028.0 4028.0 176.0 100.0 fur
5288.0 4024.0 684.0 124.0 publication
6024.0 4024.0 116.0 100.0 of
6216.0 4044.0 392.0 80.0 names
6672.0 4024.0 120.0 96.0 of

4012.0 4140.0 144.0 104.0 all
4208.0 4140.0 656.0 104.0 ex-soldiers
4904.0 4140.0 224.0 104.0 and
5184.0 4144.0 488.0 100.0 m.ulnes
5720.0 4140.0 108.0 100.0 In
5888.0 4140.0 188.0 100.0 the
6124.0 4140.0 316.0 100.0 state.

4128.0 4260.0 108.0 100.0 A
4284.0 4284.0 360.0 80.0 iccess
4688.0 4284.0 232.0 76.0 was
4964.0 4260.0 336.0 100.0 taken
5356.0 4256.0 348.0 100.0 until'
5712.0 4260.0 32.0 92.0 !
5788.0 4248.0 460.0 112.0 o'clock.

4712.0 4420.0 768.0 84.0 AKTIIINOO.V
5024.0 4424.0 24.0 80.0 :
5572.0 4416.0 204.0 84.0 sis
5684.0 4416.0 24.0 84.0 ;
5856.0 4416.0 240.0 84.0 io.v.

4132.0 4540.0 204.0 104.0 Mr.
4392.0 4536.0 344.0 128.0 Colby
4792.0 4536.0 652.0 108.0 Introduced
5520.0 4548.0 220.0 92.0 two
5812.0 4536.0 252.0 100.0 bills
6192.0 4560.0 216.0 80.0 one
6456.0 4532.0 356.0 112.0 fixing

4012.0 4680.0 384.0 80.0 seveie
4444.0 4652.0 548.0 128.0 penalties
5040.0 4680.0 296.0 96.0 upon
5392.0 4660.0 528.0 96.0 attemnts
5968.0 4664.0 112.0 88.0 to
6124.0 4680.0 264.0 84.0 rape
6432.0 4680.0 128.0 72.0 or
6628.0 4656.0 136.0 96.0 ad-

4020.0 4772.0 516.0 104.0 minister
4580.0 4772.0 340.0 100.0 duns
4964.0 4800.0 124.0 72.0 or
5128.0 4772.0 444.0 100.0 murder
5596.0 4792.0 28.0 92.0 ;
5700.0 4772.0 188.0 100.0 the
5972.0 4772.0 320.0 96.0 other
6296.0 4840.0 24.0 44.0 ,
6380.0 4772.0 176.0 96.0 for
6656.0 4792.0 148.0 76.0 an

4016.0 4892.0 732.0 100.0 amendment
4796.0 4896.0 112.0 92.0 to
4956.0 4888.0 184.0 100.0 the
5188.0 4900.0 284.0 92.0 state
5536.0 4884.0 740.0 108.0 constitution
6372.0 4888.0 144.0 116.0 by
6564.0 4884.0 204.0 100.0 sub-

4020.0 5008.0 460.0 96.0 mission
4600.0 5004.0 600.0 124.0 providing
5308.0 5008.0 176.0 96.0 for
5588.0 5004.0 212.0 100.0 live
5900.0 5000.0 404.0 128.0 judges
6408.0 5004.0 124.0 96.0 of
6624.0 5000.0 184.0 104.0 the

4016.0 5144.0 512.0 100.0 supreme
4572.0 5124.0 344.0 96.0 court.

4140.0 5236.0 200.0 104.0 Mr.
4452.0 5232.0 716.0 104.0 Vanilemark
5260.0 5228.0 656.0 108.0 Introduced
6008.0 5260.0 64.0 72.0 a
6156.0 5228.0 188.0 104.0 hill
6440.0 5228.0 176.0 104.0 for
6656.0 5252.0 144.0 80.0 an

4016.0 5348.0 732.0 108.0 aimmdincnt
4796.0 5360.0 108.0 92.0 to
4968.0 5356.0 188.0 96.0 tlm
5200.0 5360.0 284.0 92.0 state
5548.0 5344.0 740.0 108.0 constitution
6348.0 5344.0 140.0 116.0 by
6552.0 5348.0 208.0 100.0 sub-

4020.0 5468.0 464.0 100.0 mission
4540.0 5464.0 596.0 120.0 providing
5184.0 5476.0 176.0 92.0 tor
5404.0 5468.0 376.0 100.0 future
5844.0 5464.0 792.0 104.0 amendments
6692.0 5468.0 116.0 92.0 to

4020.0 5584.0 188.0 100.0 the
4252.0 5592.0 288.0 92.0 state
4584.0 5584.0 736.0 104.0 constitution
5400.0 5592.0 140.0 128.0 by
5588.0 5588.0 256.0 96.0 vote
5924.0 5588.0 120.0 92.0 ot
6136.0 5588.0 188.0 92.0 the
6372.0 5572.0 428.0 144.0 legHla-

4020.0 5708.0 244.0 92.0 ture
4308.0 5728.0 124.0 72.0 as
4500.0 5728.0 64.0 68.0 H
4616.0 5724.0 384.0 76.0 means
5044.0 5703.0 120.0 92.0 of
5212.0 5680.0 544.0 140.0 ratifying
5844.0 5692.0 184.0 108.0 the
6120.0 5703.0 408.0 92.0 voteot
6620.0 5703.0 188.0 92.0 the

4020.0 5820.0 388.0 120.0 people
4452.0 5840.0 140.0 76.0 on
4668.0 5816.0 240.0 100.0 said
4956.0 5816.0 772.0 100.0 amendment.

4136.0 5928.0 240.0 104.0 The
4420.0 5940.0 384.0 92.0 senate
4912.0 5936.0 308.0 100.0 went
5328.0 5936.0 240.0 96.0 Into
5672.0 5924.0 640.0 112.0 committee
6416.0 5928.0 112.0 96.0 ot
6620.0 5920.0 188.0 104.0 the

4020.0 6044.0 360.0 104.0 whole
4388.0 6120.0 24.0 40.0 ,
4528.0 6048.0 212.0 100.0 Mi.
4868.0 6048.0 420.0 120.0 Majors
5400.0 6048.0 112.0 100.0 In
5628.0 6048.0 188.0 96.0 the
5916.0 6044.0 316.0 104.0 chair
6232.0 6108.0 28.0 40.0 ,
6400.0 6040.0 168.0 100.0 lie
6616.0 6064.0 144.0 76.0 an-

4020.0 6163.0 516.0 100.0 nounced
4588.0 6172.0 388.0 96.0 senate
5024.0 6160.0 176.0 104.0 hie
5248.0 6163.0 104.0 96.0 41
5424.0 6188.0 124.0 76.0 as
5632.0 6163.0 380.0 100.0 before
6080.0 6160.0 184.0 100.0 the
6308.0 6156.0 460.0 104.0 commit

4020.0 6296.0 204.0 84.0 tee.

4020.0 6296.0 272.0 200.0 tee.Mi.
4320.0 6468.0 24.0 32.0 .
4396.0 6391.0 500.0 120.0 Sterling
4948.0 6420.0 240.0 76.0 rose
5240.0 6396.0 112.0 100.0 to
5396.0 6424.0 64.0 72.0 a
5504.0 6391.0 328.0 116.0 point
5912.0 6391.0 120.0 100.0 of
6120.0 6388.0 308.0 104.0 ordci
6472.0 6412.0 28.0 88.0 ;
6556.0 6384.0 248.0 108.0 that

4020.0 6508.0 224.0 104.0 this
4356.0 6512.0 184.0 100.0 bill
4656.0 6536.0 228.0 76.0 was
4992.0 6512.0 764.0 100.0 recommitted
5868.0 6508.0 592.0 124.0 jestuulny
6572.0 6508.0 232.0 100.0 and

4016.0 6623.0 404.0 108.0 should
4472.0 6656.0 140.0 76.0 no
4660.0 6636.0 112.0 92.0 to
4820.0 6636.0 184.0 92.0 the
5072.0 6628.0 236.0 100.0 fool
5352.0 6628.0 120.0 96.0 of
5520.0 6632.0 184.0 96.0 the
5760.0 6620.0 216.0 108.0 tile.

4144.0 6744.0 200.0 100.0 Mr.
4404.0 6744.0 344.0 124.0 Colby
4820.0 6744.0 252.0 100.0 held
5160.0 6744.0 244.0 100.0 that
5492.0 6740.0 80.0 104.0 It
5640.0 6768.0 228.0 72.0 was
5920.0 6740.0 316.0 100.0 made
6280.0 6764.0 64.0 76.0 a
6388.0 6728.0 408.0 152.0 special

4020.0 6864.0 328.0 96.0 order
4348.0 6932.0 28.0 32.0 ,
4428.0 6860.0 188.0 100.0 but
4660.0 6856.0 796.0 124.0 adjournment
5500.0 6864.0 188.0 96.0 cut
5760.0 6856.0 156.0 96.0 elf
6000.0 6856.0 628.0 100.0 discussion
6684.0 6851.0 128.0 96.0 of

4024.0 6976.0 116.0 96.0 it.
4284.0 6980.0 100.0 96.0 It
4432.0 7000.0 224.0 76.0 was
4708.0 6976.0 552.0 96.0 therefoie
5308.0 6972.0 188.0 100.0 tlm
5564.0 6976.0 228.0 96.0 lirst
5880.0 6968.0 192.0 100.0 bill
6168.0 6980.0 112.0 88.0 to
6368.0 6968.0 132.0 96.0 be
6548.0 6988.0 212.0 80.0 con

4016.0 7088.0 472.0 100.0 sidered.
4620.0 7088.0 240.0 104.0 The
4904.0 7083.0 636.0 104.0 committee
5588.0 7083.0 212.0 104.0 had
5908.0 7080.0 736.0 104.0 commenced
6684.0 7088.0 116.0 96.0 to

4016.0 7204.0 520.0 100.0 consider
4612.0 7200.0 84.0 104.0 It
4740.0 7204.0 644.0 120.0 jesterday.

4132.0 7316.0 200.0 104.0 Mi.
4396.0 7320.0 360.0 96.0 Durns
4804.0 7316.0 212.0 100.0 had
5072.0 7324.0 188.0 92.0 not
5312.0 7311.0 332.0 104.0 hoard
5720.0 7336.0 224.0 96.0 any
5996.0 7308.0 268.0 104.0 such
6360.0 7308.0 396.0 104.0 consid

4012.0 7432.0 468.0 100.0 eration.
4608.0 7432.0 364.0 100.0 There
5024.0 7456.0 224.0 76.0 was
5300.0 7432.0 480.0 100.0 nothing
5828.0 7432.0 380.0 96.0 bclore
6260.0 7428.0 184.0 100.0 the
6508.0 7451.0 248.0 80.0 com-

4020.0 7548.0 380.0 96.0 mittee
4444.0 7552.0 400.0 116.0 except
4876.0 7548.0 184.0 96.0 the
5104.0 7543.0 440.0 100.0 reenlar
5604.0 7539.0 352.0 104.0 order.

4132.0 7660.0 204.0 100.0 Mr.
4396.0 7664.0 348.0 104.0 Colby
4788.0 7664.0 360.0 96.0 stated
5200.0 7660.0 136.0 104.0 he
5404.0 7660.0 596.0 124.0 yesterday
6048.0 7660.0 324.0 104.0 made
6416.0 7688.0 68.0 76.0 a
6580.0 7684.0 184.0 76.0 mo-

4016.0 7771.0 228.0 104.0 tion
4304.0 7784.0 116.0 92.0 to
4456.0 7771.0 352.0 104.0 strike
4856.0 7784.0 192.0 92.0 out
5092.0 7780.0 420.0 96.0 section
5576.0 7780.0 152.0 96.0 11.

4132.0 7892.0 200.0 104.0 Mr.
4388.0 7892.0 364.0 100.0 Uuras
4796.0 7892.0 180.0 104.0 diil
5036.0 7907.0 200.0 84.0 not
5300.0 7892.0 604.0 104.0 remember
5952.0 7892.0 128.0 104.0 it.
6220.0 7888.0 244.0 108.0 The
6504.0 7920.0 252.0 76.0 com-

4012.0 8008.0 384.0 104.0 mittee
4448.0 8036.0 228.0 76.0 was
4716.0 8016.0 196.0 96.0 out
4956.0 8016.0 120.0 92.0 of
5136.0 8008.0 368.0 104.0 order.

4132.0 8124.0 200.0 104.0 Mi.
4396.0 8124.0 300.0 104.0 Kent
4732.0 8124.0 240.0 104.0 said
5020.0 8124.0 184.0 100.0 the
5248.0 8124.0 640.0 104.0 committee
5932.0 8124.0 344.0 108.0 asked
6332.0 8124.0 312.0 108.0 leave
6692.0 8132.0 112.0 96.0 to

4008.0 8236.0 140.0 108.0 sit
4204.0 8244.0 324.0 108.0 again
4580.0 8268.0 140.0 72.0 on
4776.0 8244.0 240.0 100.0 that
5052.0 8244.0 224.0 100.0 bill.

4132.0 8356.0 204.0 104.0 Mr.
4388.0 8360.0 496.0 100.0 bttiliiiL'
4968.0 8356.0 480.0 124.0 thought
5512.0 8360.0 224.0 104.0 not.
5872.0 8356.0 240.0 108.0 The
6180.0 8364.0 420.0 100.0 motion
6680.0 8364.0 116.0 96.0 to

4012.0 8472.0 288.0 104.0 nihe
4384.0 8476.0 416.0 100.0 carried
4892.0 8476.0 372.0 100.0 betoie
5328.0 8480.0 364.0 96.0 action
5748.0 8500.0 228.0 80.0 was
6024.0 8480.0 340.0 100.0 taken
6416.0 8504.0 144.0 76.0 on
6616.0 8480.0 188.0 100.0 the

4012.0 8604.0 424.0 88.0 motion
4492.0 8604.0 116.0 88.0 to
4652.0 8588.0 352.0 104.0 stiikc
5044.0 8599.0 196.0 92.0 out
5284.0 8592.0 424.0 104.0 section
5768.0 8596.0 140.0 100.0 11.

4128.0 8704.0 240.0 104.0 The
4416.0 8708.0 308.0 100.0 chair
4780.0 8712.0 32.0 104.0 (
4836.0 8708.0 408.0 124.0 Majors
5256.0 8716.0 32.0 104.0 )
5352.0 8735.0 224.0 72.0 was
5624.0 8716.0 120.0 92.0 of
5816.0 8712.0 184.0 100.0 the
6044.0 8708.0 464.0 116.0 opinion
6564.0 8712.0 240.0 100.0 thit

4012.0 8827.0 388.0 96.0 senate
4452.0 8827.0 176.0 96.0 Hie
4668.0 8831.0 112.0 88.0 41
4820.0 8848.0 220.0 76.0 was
5092.0 8827.0 108.0 96.0 In
5252.0 8824.0 324.0 100.0 order
5624.0 8827.0 224.0 96.0 Hist
5864.0 8896.0 24.0 40.0 ,
5928.0 8852.0 144.0 72.0 on
6128.0 8827.0 188.0 100.0 the
6360.0 8827.0 440.0 120.0 giound

4016.0 8940.0 236.0 100.0 that
4300.0 8948.0 188.0 92.0 the
4528.0 8948.0 388.0 92.0 senate
4964.0 8940.0 500.0 104.0 resolved
5552.0 8940.0 284.0 100.0 It-ell
5968.0 8944.0 240.0 100.0 Into
6288.0 8952.0 456.0 92.0 commit-

4016.0 9064.0 172.0 92.0 tee
4232.0 9055.0 124.0 96.0 of
4400.0 9055.0 184.0 100.0 tlio
4636.0 9055.0 356.0 104.0 whole
5040.0 9059.0 176.0 96.0 for
5260.0 9055.0 188.0 100.0 the
5500.0 9080.0 180.0 100.0 put
5708.0 9080.0 260.0 100.0 pose
6040.0 9064.0 124.0 96.0 of
6248.0 9064.0 520.0 100.0 consider-

4016.0 9172.0 196.0 116.0 ing
4264.0 9172.0 76.0 100.0 it
4472.0 9180.0 152.0 92.0 toi
4692.0 9172.0 240.0 100.0 that
5012.0 9176.0 448.0 120.0 specllic
5508.0 9199.0 500.0 100.0 pmpuse.
6148.0 9172.0 104.0 104.0 It
6304.0 9199.0 224.0 80.0 was
6600.0 9176.0 164.0 100.0 vir-

4016.0 9284.0 352.0 124.0 tually
4416.0 9316.0 64.0 72.0 a
4528.0 9287.0 404.0 124.0 special
4984.0 9287.0 348.0 104.0 order.

4128.0 9404.0 220.0 100.0 Mr.
4472.0 9404.0 320.0 120.0 ColUj
4940.0 9404.0 296.0 100.0 That
5340.0 9400.0 332.0 120.0 being
5780.0 9404.0 184.0 104.0 the
6072.0 9432.0 252.0 76.0 ease
6332.0 9480.0 24.0 44.0 ,
6416.0 9404.0 48.0 104.0 I
6536.0 9427.0 264.0 80.0 now

4012.0 9540.0 352.0 80.0 lenew
4436.0 9544.0 180.0 96.0 my
4672.0 9519.0 412.0 100.0 motion
5144.0 9528.0 112.0 92.0 to
5304.0 9536.0 364.0 104.0 icpoit
5716.0 9524.0 184.0 96.0 the
5940.0 9524.0 188.0 100.0 bill
6184.0 9524.0 272.0 100.0 back
6532.0 9524.0 264.0 100.0 with

4012.0 9632.0 188.0 100.0 the
4288.0 9636.0 1016.0 100.0 recommendation
5400.0 9640.0 244.0 96.0 that
5732.0 9636.0 84.0 100.0 It
5860.0 9640.0 136.0 100.0 be
6040.0 9640.0 552.0 100.0 amended
6664.0 9644.0 140.0 116.0 by

4008.0 9747.0 492.0 108.0 strlkimr
4544.0 9760.0 192.0 92.0 out
4780.0 9756.0 420.0 100.0 section
5264.0 9756.0 100.0 92.0 11
5444.0 9768.0 28.0 88.0 (
5496.0 9751.0 360.0 104.0 which
5908.0 9780.0 228.0 76.0 was
6188.0 9760.0 112.0 96.0 in
6352.0 9756.0 452.0 100.0 conlllct

4016.0 9864.0 264.0 100.0 with
4332.0 9868.0 600.0 120.0 piccedliu
4980.0 9872.0 464.0 100.0 section.
5468.0 9883.0 32.0 104.0 )
5580.0 9868.0 240.0 100.0 Thu
5872.0 9872.0 412.0 100.0 motion
6332.0 9900.0 224.0 72.0 cart
6588.0 9872.0 204.0 104.0 led.

4124.0 9979.0 208.0 100.0 Mr.
4372.0 9983.0 348.0 116.0 Colby
4852.0 9983.0 44.0 100.0 1
4936.0 10008.0 252.0 76.0 now
5244.0 10012.0 308.0 72.0 move
5600.0 9983.0 240.0 100.0 that
5892.0 9988.0 316.0 100.0 when
6256.0 9983.0 224.0 104.0 this
6516.0 10016.0 240.0 76.0 com-

4012.0 10096.0 384.0 100.0 mittee
4436.0 10100.0 292.0 100.0 arise
4804.0 10096.0 84.0 104.0 it
4960.0 10108.0 364.0 96.0 iciiort
5412.0 10100.0 224.0 100.0 this
5684.0 10100.0 188.0 100.0 lull
5924.0 10104.0 272.0 100.0 back
6252.0 10104.0 264.0 100.0 with
6588.0 10132.0 216.0 76.0 tec-

4008.0 10216.0 836.0 100.0 omiuendatlon
4900.0 10216.0 232.0 100.0 that
5188.0 10216.0 88.0 100.0 It
5316.0 10228.0 144.0 84.0 do
5508.0 10244.0 256.0 84.0 pass
5804.0 10244.0 124.0 72.0 as
5972.0 10220.0 588.0 104.0 amended.

4128.0 10328.0 204.0 104.0 Mi.
4396.0 10328.0 488.0 124.0 Keckloy
5020.0 10332.0 224.0 100.0 Ido
5296.0 10328.0 280.0 124.0 hope
5624.0 10332.0 188.0 100.0 the
5892.0 10332.0 432.0 104.0 friends
6368.0 10340.0 116.0 92.0 ot
6576.0 10340.0 224.0 96.0 this

4008.0 10468.0 500.0 80.0 measure
4568.0 10472.0 72.0 76.0 w
4676.0 10448.0 112.0 100.0 111
4840.0 10443.0 256.0 104.0 take
5144.0 10448.0 268.0 100.0 time
5456.0 10464.0 116.0 84.0 to
5612.0 10452.0 524.0 96.0 consider
6184.0 10452.0 112.0 96.0 It.
6396.0 10448.0 100.0 100.0 It
6548.0 10476.0 252.0 96.0 may

4008.0 10560.0 128.0 100.0 be
4188.0 10584.0 588.0 100.0 necessary
4828.0 10571.0 108.0 92.0 to
5016.0 10560.0 408.0 104.0 amend
5504.0 10568.0 112.0 96.0 It.
5764.0 10560.0 36.0 100.0 1
5864.0 10560.0 676.0 104.0 understood
6612.0 10568.0 188.0 96.0 the

4000.0 10676.0 640.0 120.0 gentleman
4740.0 10680.0 276.0 96.0 fiom
5072.0 10684.0 32.0 88.0 (
5132.0 10680.0 244.0 116.0 ingu
5460.0 10684.0 116.0 92.0 to
5656.0 10704.0 200.0 96.0 say
5904.0 10676.0 216.0 104.0 last
6164.0 10680.0 324.0 104.0 night
6560.0 10688.0 240.0 96.0 that

4000.0 10776.0 140.0 112.0 he
4188.0 10792.0 212.0 100.0 had
4452.0 10796.0 196.0 96.0 not
4692.0 10792.0 260.0 104.0 read
5004.0 10792.0 112.0 100.0 it.

4120.0 10903.0 220.0 104.0 Mr.
4404.0 10903.0 344.0 128.0 Colby
4880.0 10908.0 48.0 100.0 1
4976.0 10912.0 280.0 96.0 have
5308.0 10903.0 256.0 104.0 read
5616.0 10903.0 80.0 104.0 it
5748.0 10903.0 336.0 108.0 since.

4120.0 11020.0 200.0 104.0 Mr.
4416.0 11000.0 496.0 148.0 Steifing
5048.0 11028.0 44.0 96.0 I
5204.0 11024.0 328.0 100.0 think
5644.0 11028.0 184.0 96.0 the
5932.0 11024.0 192.0 100.0 bill
6236.0 11024.0 360.0 108.0 mk'ht
6664.0 11028.0 132.0 100.0 be

4004.0 11136.0 428.0 104.0 further
4512.0 11144.0 548.0 96.0 amended
5144.0 11140.0 136.0 112.0 by
5328.0 11140.0 484.0 108.0 striMiiu'
5864.0 11148.0 192.0 92.0 out
6120.0 11144.0 140.0 96.0 all
6336.0 11144.0 188.0 100.0 the
6600.0 11144.0 192.0 100.0 bill

3996.0 11256.0 296.0 96.0 after
4392.0 11256.0 428.0 100.0 section
4916.0 11260.0 140.0 96.0 11.
5192.0 11252.0 108.0 104.0 It
5392.0 11260.0 196.0 96.0 has
5632.0 11284.0 64.0 72.0 a
5744.0 11256.0 528.0 120.0 leligions
6364.0 11267.0 432.0 92.0 leatuio

4004.0 11363.0 356.0 104.0 which
4408.0 11372.0 464.0 100.0 someof
4916.0 11372.0 188.0 100.0 the
5152.0 11376.0 544.0 96.0 membeis
5740.0 11372.0 504.0 120.0 objected
6284.0 11384.0 140.0 96.0 to.
6556.0 11376.0 240.0 100.0 The

4004.0 11484.0 392.0 100.0 Lord's
4448.0 11512.0 192.0 88.0 pia
4648.0 11512.0 44.0 88.0 >
4720.0 11516.0 116.0 72.0 er
4884.0 11484.0 360.0 120.0 might
5284.0 11516.0 124.0 72.0 as
5456.0 11488.0 248.0 104.0 well
5776.0 11488.0 128.0 104.0 be
5956.0 11491.0 672.0 100.0 substituted
6680.0 11499.0 112.0 96.0 to

3996.0 11604.0 252.0 116.0 give
4296.0 11604.0 184.0 100.0 the
4532.0 11604.0 188.0 100.0 bill
4760.0 11631.0 300.0 72.0 some
5100.0 11612.0 292.0 92.0 tone.

4116.0 11716.0 204.0 104.0 Mr.
4376.0 11716.0 444.0 124.0 Colbj's
4868.0 11720.0 420.0 100.0 motion
5372.0 11716.0 264.0 104.0 then
5732.0 11744.0 244.0 96.0 piov
6004.0 11720.0 284.0 104.0 ailed
6304.0 11796.0 24.0 44.0 ,
6384.0 11727.0 108.0 96.0 17
6540.0 11727.0 112.0 96.0 to
6700.0 11731.0 88.0 100.0 7.

4120.0 11832.0 220.0 104.0 Mr.
4404.0 11836.0 340.0 120.0 Colby
4876.0 11836.0 56.0 100.0 1
4980.0 11859.0 312.0 76.0 move
5332.0 11836.0 184.0 100.0 the
5560.0 11840.0 636.0 100.0 committee
6300.0 11836.0 144.0 104.0 do
6536.0 11863.0 256.0 80.0 now

4000.0 11951.0 316.0 100.0 arise.

4120.0 12064.0 220.0 104.0 Mr.
4392.0 12064.0 496.0 128.0 Steillng
5016.0 12064.0 52.0 104.0 I
5160.0 12080.0 280.0 128.0 hope
5528.0 12064.0 224.0 104.0 this
5824.0 12068.0 420.0 104.0 motion
6316.0 12068.0 228.0 104.0 will
6600.0 12076.0 188.0 100.0 not

4004.0 12179.0 448.0 120.0 prevail.
4588.0 12179.0 200.0 108.0 We
4904.0 12187.0 304.0 100.0 went
5308.0 12183.0 240.0 100.0 into
5644.0 12191.0 640.0 96.0 committed
6388.0 12196.0 116.0 92.0 ot
6600.0 12191.0 184.0 96.0 the

4004.0 12300.0 356.0 100.0 whole
4408.0 12323.0 144.0 76.0 on
4600.0 12300.0 220.0 100.0 this
4888.0 12296.0 412.0 120.0 special
5348.0 12296.0 320.0 104.0 older
5668.0 12371.0 24.0 48.0 ,
5744.0 12300.0 228.0 100.0 and
6028.0 12308.0 84.0 96.0 it
6160.0 12312.0 92.0 92.0 is
6304.0 12304.0 484.0 108.0 nothing

4004.0 12440.0 300.0 76.0 more
4348.0 12415.0 272.0 100.0 than
4716.0 12415.0 296.0 124.0 right
5064.0 12415.0 240.0 100.0 that
5356.0 12440.0 164.0 76.0 we
5568.0 12415.0 460.0 112.0 piocued
6076.0 12436.0 112.0 84.0 to
6232.0 12419.0 520.0 104.0 consider-

3996.0 12536.0 304.0 96.0 ation
4352.0 12536.0 124.0 92.0 of
4524.0 12532.0 252.0 100.0 bills
4820.0 12559.0 140.0 72.0 on
5016.0 12551.0 452.0 100.0 general
5512.0 12536.0 204.0 96.0 file.

4116.0 12643.0 200.0 100.0 Mr.
4376.0 12647.0 348.0 120.0 Colby
4768.0 12643.0 236.0 104.0 said
5056.0 12651.0 188.0 96.0 the
5284.0 12647.0 364.0 136.0 object
5692.0 12647.0 124.0 96.0 of
5860.0 12643.0 172.0 104.0 his
6084.0 12643.0 424.0 108.0 motion
6560.0 12676.0 228.0 76.0 was

4000.0 12764.0 344.0 112.0 toiet
4388.0 12764.0 184.0 100.0 the
4624.0 12764.0 188.0 100.0 bill
4868.0 12764.0 240.0 100.0 Into
5152.0 12760.0 184.0 104.0 the
5428.0 12760.0 360.0 104.0 hands
5832.0 12772.0 116.0 88.0 ot
6020.0 12768.0 760.0 124.0 theengioss-

4000.0 12875.0 192.0 116.0 Inu
4236.0 12875.0 628.0 100.0 committee
4872.0 12952.0 24.0 40.0 ,
4948.0 12904.0 124.0 72.0 as
5120.0 12875.0 84.0 100.0 It
5252.0 12904.0 224.0 76.0 was
5568.0 12904.0 260.0 92.0 veiy
5836.0 12948.0 24.0 44.0 ,
5948.0 12904.0 260.0 80.0 very
6256.0 12879.0 268.0 128.0 long
6560.0 12879.0 224.0 104.0 and

4000.0 12992.0 80.0 100.0 It
4132.0 12996.0 360.0 96.0 would
4540.0 12996.0 256.0 96.0 take
4848.0 13019.0 64.0 72.0 a
4960.0 12992.0 264.0 120.0 long
5272.0 12992.0 268.0 100.0 time
5592.0 13000.0 108.0 92.0 to
5744.0 13019.0 468.0 88.0 engioss
6264.0 13015.0 112.0 84.0 it.

4108.0 13107.0 204.0 104.0 Mi.
4380.0 13107.0 492.0 124.0 Keekley
4996.0 13107.0 364.0 100.0 There
5408.0 13111.0 88.0 92.0 is
5544.0 13136.0 64.0 72.0 a
5652.0 13107.0 280.0 108.0 good
5980.0 13111.0 248.0 100.0 deal
6276.0 13120.0 104.0 92.0 ol
6464.0 13111.0 312.0 100.0 liasto

3988.0 13216.0 116.0 108.0 in
4160.0 13224.0 220.0 100.0 this
4432.0 13232.0 424.0 96.0 matter.
4992.0 13224.0 284.0 100.0 Now
5284.0 13295.0 24.0 48.0 ,
5372.0 13224.0 44.0 96.0 1
5464.0 13224.0 324.0 100.0 don't
5868.0 13252.0 188.0 72.0 bee
6136.0 13228.0 184.0 100.0 the
6404.0 13228.0 376.0 116.0 object

3988.0 13335.0 184.0 104.0 the
4216.0 13344.0 640.0 112.0 gentlemen
4912.0 13339.0 280.0 100.0 have
5240.0 13348.0 112.0 92.0 to
5420.0 13339.0 260.0 120.0 gain
5740.0 13339.0 136.0 120.0 by
5928.0 13339.0 356.0 108.0 rising
6336.0 13348.0 156.0 96.0 (01
6336.0 13348.0 28.0 92.0 (
6556.0 13344.0 224.0 100.0 'his

3988.0 13440.0 408.0 132.0 special
4464.0 13479.0 504.0 100.0 purpose.
5108.0 13456.0 204.0 100.0 Let
5380.0 13479.0 124.0 72.0 us
5588.0 13484.0 140.0 88.0 go
5792.0 13479.0 144.0 76.0 on
5988.0 13456.0 224.0 100.0 and
6260.0 13460.0 524.0 104.0 consider

3984.0 13563.0 256.0 108.0 bills
4284.0 13596.0 140.0 76.0 on
4480.0 13571.0 452.0 112.0 general
4984.0 13567.0 180.0 104.0 hie
5248.0 13576.0 224.0 96.0 and
5584.0 13576.0 200.0 96.0 not
5884.0 13600.0 536.0 80.0 consume
6512.0 13576.0 268.0 104.0 time

3984.0 13692.0 872.0 116.0 unnecessarily.

4104.0 13799.0 220.0 104.0 Mr.
4384.0 13808.0 448.0 116.0 Colbj's
4876.0 13808.0 424.0 96.0 motion
5336.0 13799.0 604.0 124.0 pievalled.

4112.0 13916.0 168.0 92.0 Mr
4364.0 13920.0 332.0 104.0 Cnlliy
4760.0 13920.0 384.0 88.0 nimud
5200.0 13924.0 240.0 80.0 tint
5488.0 13920.0 184.0 84.0 the
5724.0 13927.0 356.0 100.0 luport
6120.0 13920.0 124.0 84.0 of
6280.0 13920.0 500.0 108.0 thecoill-

3992.0 14016.0 384.0 100.0 mlttee
4424.0 14023.0 128.0 96.0 be
4620.0 14016.0 508.0 124.0 adopted.

4104.0 14132.0 208.0 104.0 Mr.
4368.0 14136.0 496.0 120.0 Steiling
5000.0 14132.0 44.0 104.0 I
5084.0 14132.0 368.0 104.0 desire
5488.0 14140.0 112.0 96.0 to
5648.0 14136.0 408.0 104.0 amend
6108.0 14136.0 136.0 124.0 by
6292.0 14140.0 484.0 128.0 offering

3988.0 14240.0 184.0 104.0 the
4220.0 14251.0 612.0 116.0 following.

4096.0 14364.0 220.0 96.0 Air.
4380.0 14368.0 324.0 116.0 Colbj
4860.0 14364.0 44.0 100.0 I
4956.0 14387.0 320.0 76.0 move
5364.0 14372.0 188.0 92.0 the
5644.0 14364.0 524.0 120.0 previous
6212.0 14372.0 552.0 112.0 question.

4092.0 14476.0 204.0 104.0 Mr.
4352.0 14479.0 416.0 108.0 Casper
4896.0 14479.0 44.0 96.0 I
4992.0 14479.0 204.0 100.0 call
5252.0 14483.0 172.0 92.0 tor
5468.0 14487.0 188.0 92.0 the
5696.0 14504.0 268.0 92.0 ayes
6008.0 14483.0 228.0 96.0 and
6284.0 14508.0 312.0 96.0 najs.

4092.0 14588.0 204.0 104.0 Mr.
4364.0 14592.0 488.0 124.0 Kuckloy
4980.0 14596.0 44.0 96.0 1
5080.0 14596.0 484.0 96.0 demand
5612.0 14619.0 68.0 72.0 u
5724.0 14592.0 212.0 104.0 call
5984.0 14600.0 124.0 92.0 of
6148.0 14600.0 184.0 96.0 the
6376.0 14604.0 348.0 100.0 house
6732.0 14675.0 24.0 48.0 ,

3968.0 14704.0 224.0 112.0 and
4244.0 14732.0 320.0 76.0 move
4608.0 14736.0 64.0 72.0 a
4716.0 14707.0 212.0 104.0 call
4976.0 14711.0 120.0 96.0 of
5144.0 14711.0 184.0 96.0 the
5380.0 14707.0 376.0 100.0 house.

4080.0 14820.0 244.0 104.0 The
4376.0 14828.0 420.0 96.0 motion
4852.0 14847.0 228.0 76.0 was
5128.0 14824.0 240.0 100.0 lost
5496.0 14824.0 244.0 104.0 The
5828.0 14824.0 420.0 104.0 motion
6352.0 14832.0 176.0 100.0 for
6576.0 14832.0 188.0 104.0 the

3972.0 14939.0 516.0 128.0 previous
4576.0 14943.0 516.0 116.0 question
5188.0 14964.0 224.0 80.0 was
5460.0 14939.0 268.0 104.0 then
5780.0 14943.0 324.0 100.0 voted
6116.0 15016.0 24.0 48.0 ,
6260.0 14947.0 504.0 120.0 pending

3972.0 15056.0 356.0 104.0 which
4384.0 15056.0 200.0 104.0 Mr.
4640.0 15056.0 496.0 116.0 Sterling
5188.0 15079.0 240.0 76.0 lose
5472.0 15068.0 116.0 88.0 to
5628.0 15083.0 64.0 76.0 a
5780.0 15064.0 328.0 104.0 point
6188.0 15072.0 120.0 88.0 ot
6400.0 15068.0 304.0 100.0 oidei
6728.0 15140.0 28.0 48.0 ,

3972.0 15171.0 360.0 104.0 which
4448.0 15200.0 224.0 72.0 was
4776.0 15175.0 244.0 96.0 that
5120.0 15196.0 68.0 72.0 a
5292.0 15171.0 488.0 104.0 member
5888.0 15175.0 724.0 120.0 Ititioduclng
6700.0 15208.0 64.0 72.0 a

3976.0 15292.0 420.0 100.0 motion
4448.0 15311.0 124.0 76.0 or
4612.0 15292.0 732.0 96.0 amendment
5392.0 15284.0 196.0 104.0 has
5640.0 15288.0 188.0 100.0 the
5872.0 15288.0 296.0 116.0 right
6204.0 15296.0 116.0 96.0 to
6404.0 15300.0 348.0 116.0 speak

3968.0 15428.0 144.0 80.0 on
4184.0 15407.0 188.0 100.0 thu
4420.0 15403.0 460.0 140.0 subject.
5008.0 15399.0 244.0 104.0 The
5344.0 15399.0 308.0 104.0 chair
5756.0 15403.0 312.0 104.0 ruled
6160.0 15407.0 188.0 100.0 the
6436.0 15411.0 328.0 120.0 point

3968.0 15524.0 200.0 104.0 not
4216.0 15516.0 252.0 108.0 well
4512.0 15503.0 388.0 116.0 taken.

4084.0 15639.0 240.0 96.0 The
4372.0 15644.0 424.0 92.0 motion
4852.0 15635.0 168.0 100.0 for
5104.0 15639.0 188.0 96.0 tlio
5380.0 15631.0 516.0 112.0 previous
5944.0 15639.0 508.0 120.0 question
6508.0 15671.0 260.0 88.0 pie-

3972.0 15756.0 352.0 104.0 vailed
4460.0 15756.0 108.0 92.0 IS
4612.0 15760.0 112.0 92.0 lo
4776.0 15756.0 144.0 104.0 I1.1.

4084.0 15871.0 204.0 100.0 Mr.
4344.0 15863.0 476.0 124.0 Kecklej
4968.0 15863.0 216.0 104.0 Mr.
5252.0 15863.0 584.0 104.0 President
5848.0 15936.0 32.0 52.0 ,
6000.0 15867.0 96.0 100.0 Is
6204.0 15867.0 84.0 104.0 it
6392.0 15880.0 204.0 96.0 not
6696.0 15903.0 68.0 72.0 a

3972.0 15992.0 228.0 96.0 tact
4300.0 15988.0 244.0 100.0 that
4644.0 15992.0 312.0 92.0 three
5036.0 15984.0 548.0 100.0 members
5624.0 16007.0 208.0 80.0 can
5884.0 15988.0 328.0 100.0 older
6252.0 16016.0 64.0 76.0 a
6360.0 15992.0 216.0 100.0 call
6640.0 15995.0 124.0 96.0 of

3968.0 16108.0 188.0 104.0 the
4204.0 16099.0 336.0 100.0 house
4548.0 16095.0 56.0 104.0 ?

4080.0 16216.0 244.0 104.0 The
4372.0 16223.0 28.0 84.0 (
4388.0 16212.0 316.0 108.0 Jh.ilr
4832.0 16212.0 220.0 108.0 Not
5108.0 16212.0 360.0 104.0 under
5528.0 16239.0 200.0 76.0 our
5772.0 16216.0 292.0 104.0 rules
6196.0 16244.0 120.0 76.0 or
6364.0 16220.0 112.0 104.0 In
6536.0 16223.0 228.0 100.0 fact

3968.0 16356.0 168.0 80.0 we
4184.0 16336.0 276.0 96.0 have
4512.0 16356.0 148.0 76.0 no
4704.0 16331.0 236.0 100.0 rule
4980.0 16356.0 144.0 76.0 on
5184.0 16327.0 220.0 104.0 this
5492.0 16331.0 316.0 120.0 point
5816.0 16400.0 28.0 36.0 ,
5984.0 16331.0 216.0 104.0 lint
6252.0 16336.0 188.0 100.0 the
6488.0 16363.0 196.0 76.0 sen-

3968.0 16451.0 180.0 100.0 ate
4196.0 16451.0 200.0 96.0 has
4444.0 16448.0 288.0 104.0 hxed
4804.0 16476.0 68.0 72.0 a
4956.0 16444.0 600.0 104.0 meeedont
5664.0 16448.0 112.0 100.0 in
5888.0 16476.0 308.0 76.0 cases
6280.0 16455.0 368.0 100.0 where
6696.0 16484.0 64.0 72.0 a

3964.0 16572.0 516.0 116.0 question
4524.0 16564.0 92.0 100.0 Is
4668.0 16564.0 500.0 124.0 pending
5224.0 16564.0 376.0 100.0 befoie
5684.0 16564.0 188.0 104.0 the
5920.0 16564.0 348.0 104.0 house
6320.0 16572.0 240.0 100.0 that
6612.0 16595.0 144.0 76.0 no

3960.0 16683.0 212.0 104.0 call
4216.0 16704.0 208.0 80.0 can
4480.0 16683.0 128.0 96.0 be
4640.0 16680.0 352.0 100.0 made.

4080.0 16796.0 240.0 104.0 The
4368.0 16800.0 504.0 116.0 question
4924.0 16796.0 264.0 100.0 then
5240.0 16791.0 512.0 108.0 recurred
5820.0 16819.0 140.0 76.0 on
6032.0 16796.0 192.0 100.0 the
6304.0 16800.0 404.0 104.0 amend-

3968.0 16927.0 308.0 92.0 ment
4320.0 16932.0 116.0 80.0 ot
4488.0 16915.0 184.0 96.0 the
4724.0 16911.0 644.0 116.0 gentleman
5444.0 16919.0 276.0 92.0 tiom
5776.0 16911.0 528.0 100.0 Fillmore
6308.0 16988.0 24.0 40.0 ,
6392.0 16919.0 356.0 100.0 which

3968.0 17055.0 228.0 80.0 was
4244.0 17044.0 256.0 84.0 read
4548.0 17036.0 136.0 116.0 by
4736.0 17032.0 184.0 96.0 the
4964.0 17055.0 220.0 72.0 sect
5208.0 17044.0 344.0 100.0 etary.
5680.0 17032.0 108.0 96.0 It
5896.0 17055.0 232.0 72.0 was
6220.0 17028.0 528.0 112.0 Identical

3968.0 17151.0 264.0 100.0 with
4288.0 17147.0 344.0 100.0 house-
4676.0 17143.0 196.0 100.0 roll
4940.0 17147.0 172.0 96.0 lit'
5116.0 17216.0 24.0 48.0 ,
5220.0 17143.0 360.0 104.0 which
5648.0 17143.0 196.0 104.0 has
5956.0 17143.0 272.0 104.0 been
6344.0 17172.0 408.0 80.0 icconi-

3964.0 17260.0 472.0 108.0 mended
4488.0 17268.0 112.0 92.0 to
4648.0 17287.0 256.0 92.0 pass
4956.0 17260.0 108.0 100.0 in
5120.0 17260.0 184.0 104.0 the
5372.0 17260.0 376.0 100.0 house.

4064.0 17379.0 216.0 100.0 Mi.
4348.0 17375.0 548.0 120.0 Llnlnger
4940.0 17375.0 392.0 104.0 moved
5408.0 17375.0 240.0 100.0 that
5752.0 17375.0 188.0 104.0 the
6044.0 17379.0 388.0 100.0 senate
6540.0 17379.0 132.0 104.0 ad-

3952.0 17492.0 328.0 124.0 journ
4300.0 17567.0 24.0 44.0 ,
4380.0 17492.0 360.0 100.0 which
4792.0 17519.0 228.0 72.0 was
5084.0 17492.0 216.0 108.0 lost
5300.0 17563.0 28.0 32.0 ,

4080.0 17611.0 200.0 104.0 Mr.
4396.0 17607.0 592.0 124.0 Sterling's
5096.0 17607.0 728.0 104.0 amendment
5952.0 17636.0 232.0 80.0 was
6288.0 17611.0 220.0 104.0 lost
6636.0 17619.0 112.0 96.0 17

3960.0 17736.0 112.0 100.0 to
4144.0 17736.0 140.0 96.0 1.1.

4072.0 17843.0 24.0 44.0 '
4096.0 17847.0 52.0 100.0 1
4180.0 17852.0 132.0 96.0 lie
4360.0 17847.0 256.0 100.0 vote
4664.0 17868.0 144.0 76.0 on
4864.0 17843.0 188.0 104.0 the
5116.0 17843.0 476.0 120.0 original
5688.0 17843.0 420.0 108.0 motion
6204.0 17847.0 112.0 100.0 to
6404.0 17852.0 336.0 120.0 adopt

3952.0 17964.0 188.0 104.0 the
4180.0 17964.0 372.0 120.0 report
4596.0 17987.0 228.0 84.0 was
4872.0 17960.0 336.0 104.0 taken
5256.0 17992.0 128.0 72.0 as
5428.0 17960.0 436.0 104.0 follows
5888.0 17987.0 32.0 76.0 :

4068.0 18079.0 300.0 104.0 Yeas
4496.0 18079.0 584.0 100.0 Honestoel
5092.0 18151.0 24.0 44.0 ,
5180.0 18079.0 400.0 100.0 Hrown
5596.0 18148.0 24.0 44.0 ,
5660.0 18075.0 572.0 108.0 Itinnliam
6252.0 18151.0 24.0 36.0 ,
6336.0 18079.0 356.0 124.0 Camp

3948.0 18196.0 212.0 104.0 bell
4172.0 18276.0 28.0 40.0 ,
4312.0 18196.0 380.0 120.0 Colby.
4804.0 18199.0 444.0 108.0 Conger
5248.0 18263.0 32.0 52.0 ,
5416.0 18196.0 604.0 104.0 Heaitwcll
6032.0 18268.0 24.0 52.0 ,
6212.0 18196.0 468.0 104.0 Holmes
6688.0 18276.0 24.0 44.0 ,

3952.0 18312.0 304.0 108.0 Kent
4256.0 18387.0 32.0 40.0 ,
4408.0 18303.0 500.0 128.0 Lindsay
4916.0 18383.0 28.0 52.0 ,
5056.0 18312.0 296.0 100.0 Linn
5368.0 18383.0 24.0 44.0 ,
5508.0 18312.0 424.0 144.0 Majors
5936.0 18387.0 28.0 44.0 ,
6080.0 18312.0 612.0 108.0 McNamar
6692.0 18391.0 28.0 48.0 ,

3952.0 18427.0 372.0 108.0 Moore
4324.0 18504.0 32.0 48.0 ,
4408.0 18427.0 480.0 104.0 Shcrvln
4904.0 18500.0 28.0 44.0 ,
5000.0 18427.0 308.0 104.0 Snell
5324.0 18500.0 24.0 40.0 ,
5416.0 18424.0 720.0 108.0 Vanueumrk
6268.0 18435.0 108.0 92.0 17
6396.0 18504.0 24.0 32.0 ,

4068.0 18544.0 312.0 124.0 Nays
4504.0 18544.0 500.0 108.0 Calkins.
5060.0 18544.0 448.0 116.0 Casper.
5572.0 18544.0 356.0 100.0 Duias
5932.0 18615.0 28.0 44.0 ,
6020.0 18544.0 496.0 124.0 Hlggins
6604.0 18544.0 124.0 104.0 of

3948.0 18659.0 276.0 104.0 Cass
4232.0 18736.0 24.0 36.0 ,
4312.0 18656.0 492.0 120.0 Hlggins
4848.0 18659.0 124.0 96.0 of
5076.0 18659.0 400.0 100.0 Coltax
5484.0 18732.0 28.0 40.0 ,
5572.0 18656.0 488.0 124.0 Keekley
6064.0 18732.0 32.0 48.0 ,
6144.0 18648.0 552.0 128.0 Linlngcr
6700.0 18736.0 24.0 44.0 ,

3956.0 18776.0 688.0 120.0 Melklojolin
4664.0 18843.0 24.0 44.0 ,
4820.0 18772.0 436.0 124.0 Spiick.
5412.0 18772.0 504.0 124.0 btciling
5916.0 18843.0 24.0 52.0 ,
6112.0 18772.0 580.0 108.0 Tzschuck
6700.0 18847.0 28.0 48.0 ,

3964.0 18887.0 520.0 108.0 \Volbdch
3964.0 18887.0 40.0 108.0 \
4496.0 18960.0 24.0 52.0 ,
4572.0 18887.0 704.0 120.0 Wilgnt-18.

4072.0 19008.0 444.0 100.0 Messrs.
4576.0 18999.0 372.0 104.0 Fuller
4988.0 19004.0 224.0 104.0 and
5272.0 18999.0 488.0 104.0 Uobblns
5844.0 19004.0 204.0 104.0 left
6100.0 19004.0 292.0 104.0 their
6436.0 19012.0 296.0 96.0 seats

3952.0 19119.0 380.0 104.0 before
4380.0 19119.0 288.0 100.0 their
4716.0 19140.0 388.0 80.0 names
5164.0 19144.0 288.0 76.0 weie
5496.0 19119.0 404.0 104.0 called.
6104.0 19119.0 336.0 108.0 What
6496.0 19123.0 236.0 100.0 for'.1

4076.0 19236.0 204.0 104.0 Mr.
4372.0 19232.0 616.0 108.0 Schinlnko
5072.0 19236.0 216.0 104.0 had
5380.0 19236.0 276.0 100.0 been
5740.0 19236.0 480.0 104.0 excused
6304.0 19244.0 432.0 116.0 jester-

3948.0 19359.0 252.0 108.0 day.

3948.0 19359.0 304.0 212.0 day.Mr.

4072.0 19468.0 204.0 104.0 Mr.
4340.0 19468.0 356.0 104.0 Duras
4744.0 19464.0 396.0 112.0 moved
5184.0 19468.0 244.0 104.0 that
5500.0 19468.0 192.0 104.0 the
5776.0 19468.0 388.0 104.0 senate
6248.0 19472.0 476.0 124.0 adjourn

3960.0 19587.0 172.0 104.0 for
4176.0 19616.0 64.0 76.0 a
4288.0 19587.0 304.0 100.0 week
4608.0 19656.0 24.0 48.0 ,
4688.0 19583.0 184.0 100.0 the
4980.0 19587.0 348.0 100.0 house
5432.0 19583.0 668.0 120.0 concurring
6104.0 19660.0 28.0 40.0 ,
6192.0 19587.0 116.0 104.0 in
6396.0 19591.0 328.0 100.0 aider

3952.0 19700.0 240.0 108.0 that
4256.0 19704.0 184.0 100.0 the
4488.0 19704.0 544.0 100.0 members
5116.0 19700.0 356.0 120.0 might
5576.0 19704.0 280.0 100.0 have
5900.0 19704.0 272.0 104.0 tlmo
6272.0 19712.0 112.0 88.0 to
6468.0 19708.0 260.0 100.0 look

3948.0 19823.0 292.0 100.0 alter
4284.0 19819.0 288.0 100.0 their
4636.0 19844.0 108.0 92.0 pi
4772.0 19819.0 84.0 100.0 Iv
4884.0 19836.0 180.0 84.0 ate
5104.0 19819.0 380.0 100.0 affairs
5556.0 19823.0 116.0 96.0 at
5716.0 19819.0 356.0 104.0 home.
6200.0 19815.0 244.0 108.0 The
6512.0 19848.0 180.0 76.0 mo-

3948.0 19936.0 236.0 104.0 tion
4244.0 19959.0 224.0 76.0 was
4512.0 19943.0 460.0 92.0 snowed
5020.0 19936.0 364.0 100.0 under
5384.0 20007.0 24.0 44.0 ,
5460.0 19936.0 220.0 100.0 and
5736.0 19932.0 184.0 104.0 the
5964.0 19943.0 380.0 92.0 senate
6388.0 19943.0 332.0 96.0 atraln

3952.0 20051.0 300.0 108.0 went
4300.0 20051.0 244.0 100.0 Into
4584.0 20051.0 636.0 104.0 committee
5268.0 20051.0 124.0 100.0 of
5476.0 20051.0 188.0 100.0 the
5712.0 20055.0 356.0 100.0 whole
6072.0 20124.0 24.0 36.0 ,
6148.0 20055.0 220.0 100.0 and
6464.0 20059.0 260.0 96.0 took

3948.0 20191.0 148.0 84.0 nn
4140.0 20179.0 392.0 92.0 senate
4580.0 20168.0 180.0 100.0 Hie
4860.0 20172.0 88.0 92.0 8t
4980.0 20243.0 24.0 36.0 ,
5060.0 20164.0 656.0 104.0 intioduced
5768.0 20168.0 140.0 116.0 by
5992.0 20168.0 208.0 104.0 Mi.
6292.0 20168.0 384.0 104.0 Moore
6684.0 20248.0 24.0 44.0 ,

3952.0 20283.0 940.0 120.0 whoaiguedtho
5000.0 20283.0 192.0 100.0 bill
5292.0 20287.0 116.0 96.0 at
5456.0 20283.0 416.0 112.0 length.
6048.0 20283.0 108.0 104.0 It
6204.0 20287.0 516.0 120.0 provides

3944.0 20403.0 244.0 100.0 that
4256.0 20403.0 300.0 120.0 "any
4600.0 20423.0 400.0 100.0 person
5052.0 20423.0 128.0 76.0 or
5220.0 20400.0 880.0 104.0 sub-contractor
6144.0 20400.0 252.0 104.0 who
6436.0 20403.0 284.0 104.0 shall

3948.0 20519.0 480.0 124.0 perform
4476.0 20543.0 228.0 96.0 any
4808.0 20515.0 304.0 104.0 labor
5220.0 20515.0 180.0 100.0 for
5476.0 20539.0 224.0 96.0 any
5744.0 20515.0 120.0 100.0 of
5948.0 20519.0 188.0 100.0 the
6188.0 20543.0 536.0 92.0 purposes

3948.0 20635.0 652.0 104.0 mentioned
4668.0 20635.0 112.0 100.0 in
4892.0 20635.0 192.0 100.0 tlio
5184.0 20631.0 236.0 104.0 lirst
5520.0 20631.0 424.0 104.0 section
5996.0 20635.0 124.0 96.0 of
6200.0 20631.0 224.0 104.0 this
6508.0 20643.0 176.0 96.0 act
6692.0 20712.0 24.0 44.0 ,

3944.0 20756.0 176.0 96.0 for
4168.0 20747.0 184.0 104.0 the
4396.0 20752.0 632.0 104.0 contractor
5068.0 20775.0 132.0 76.0 or
5236.0 20775.0 228.0 96.0 any
5508.0 20752.0 1040.0 108.0 sub-contractor.w
6580.0 20756.0 140.0 100.0 ho

3952.0 20867.0 284.0 104.0 shall
4284.0 20867.0 364.0 100.0 desire
4696.0 20871.0 112.0 96.0 to
4852.0 20887.0 380.0 80.0 secuio
5276.0 20892.0 68.0 76.0 a
5428.0 20863.0 220.0 104.0 Hen
5704.0 20892.0 292.0 116.0 upon
6052.0 20892.0 224.0 96.0 any
6324.0 20871.0 116.0 96.0 ot
6536.0 20871.0 188.0 100.0 the

3944.0 20992.0 600.0 96.0 structutes
4656.0 20984.0 648.0 100.0 mentioned
5416.0 20984.0 116.0 100.0 In
5640.0 20988.0 224.0 100.0 this
5924.0 20988.0 428.0 100.0 section
6368.0 21059.0 24.0 44.0 ,
6468.0 21011.0 252.0 96.0 may

3948.0 21099.0 176.0 108.0 hie
4168.0 21128.0 64.0 72.0 a
4280.0 21124.0 368.0 76.0 sworn
4700.0 21103.0 600.0 96.0 statement
5340.0 21099.0 120.0 96.0 of
5504.0 21099.0 184.0 100.0 the
5732.0 21111.0 464.0 92.0 amount
6224.0 21103.0 216.0 100.0 due
6488.0 21107.0 228.0 100.0 him

3944.0 21243.0 108.0 76.0 01
4116.0 21216.0 296.0 100.0 them
4528.0 21220.0 28.0 92.0 1
4584.0 21239.0 24.0 72.0 1
4636.0 21239.0 176.0 72.0 oni
4908.0 21216.0 260.0 100.0 such
5280.0 21220.0 612.0 100.0 contiactoi
5996.0 21243.0 124.0 76.0 or
6224.0 21220.0 452.0 104.0 subcon-

3948.0 21335.0 460.0 100.0 tractor
4520.0 21327.0 176.0 104.0 for
4740.0 21327.0 264.0 104.0 such
5100.0 21327.0 308.0 100.0 labor
5492.0 21331.0 500.0 120.0 together
6036.0 21331.0 268.0 104.0 with
6396.0 21364.0 60.0 72.0 u
6544.0 21339.0 136.0 100.0 de-

3948.0 21448.0 536.0 120.0 scription
4540.0 21448.0 112.0 96.0 of
4748.0 21448.0 184.0 100.0 the
4980.0 21444.0 272.0 104.0 land
5296.0 21467.0 296.0 104.0 upon
5696.0 21448.0 360.0 100.0 vvhkh
6148.0 21452.0 184.0 100.0 the
6416.0 21475.0 308.0 76.0 same

3952.0 21588.0 72.0 76.0 w
4056.0 21592.0 124.0 72.0 as
4220.0 21563.0 296.0 100.0 done
4520.0 21636.0 24.0 44.0 ,
4604.0 21559.0 396.0 104.0 within
5052.0 21559.0 300.0 100.0 sixtv
5424.0 21559.0 280.0 116.0 days
5744.0 21567.0 124.0 92.0 of
5920.0 21567.0 188.0 96.0 the
6192.0 21567.0 488.0 116.0 perform-

3952.0 21703.0 196.0 88.0 ing
4192.0 21680.0 124.0 96.0 of
4380.0 21676.0 272.0 104.0 such
4704.0 21676.0 308.0 104.0 labor
5012.0 21751.0 28.0 40.0 ,
5140.0 21676.0 268.0 104.0 with
5484.0 21680.0 188.0 100.0 the
5748.0 21684.0 424.0 116.0 county
6216.0 21680.0 300.0 104.0 clerk
6608.0 21684.0 120.0 96.0 of

3952.0 21795.0 184.0 100.0 the
4180.0 21799.0 412.0 108.0 county
4648.0 21791.0 484.0 108.0 wheieliv
5188.0 21791.0 240.0 104.0 said
5484.0 21791.0 260.0 104.0 hind
5800.0 21795.0 96.0 100.0 Is
5960.0 21795.0 484.0 104.0 situated
6460.0 21872.0 24.0 44.0 ,
6500.0 21799.0 220.0 100.0 and

3952.0 21912.0 92.0 96.0 If
4132.0 21908.0 184.0 100.0 the
4348.0 21912.0 628.0 100.0 contractor
5008.0 21908.0 268.0 104.0 does
5328.0 21919.0 192.0 88.0 not
5572.0 21931.0 212.0 100.0 pay
5828.0 21912.0 264.0 100.0 such
6152.0 21935.0 396.0 92.0 person
6608.0 21935.0 104.0 76.0 01

3948.0 22019.0 208.0 104.0 sub
4196.0 22027.0 628.0 96.0 contractor
4928.0 22027.0 164.0 96.0 for
5200.0 22023.0 188.0 100.0 the
5488.0 22048.0 304.0 76.0 same
5796.0 22096.0 28.0 48.0 ,
5876.0 22027.0 268.0 100.0 such
6228.0 22031.0 456.0 96.0 .sub-con

3956.0 22140.0 408.0 96.0 tractor
4412.0 22159.0 124.0 80.0 or
4580.0 22163.0 172.0 88.0 pei
4776.0 22163.0 200.0 72.0 son
5048.0 22136.0 288.0 104.0 shall
5444.0 22136.0 280.0 104.0 have
5808.0 22167.0 68.0 72.0 a
5964.0 22140.0 220.0 100.0 lien
6284.0 22147.0 176.0 96.0 for
6544.0 22147.0 184.0 96.0 the

3952.0 22263.0 464.0 92.0 amount
4460.0 22259.0 220.0 92.0 due
4728.0 22263.0 176.0 88.0 lor
4936.0 22251.0 272.0 104.0 such
5264.0 22251.0 300.0 104.0 labor
5604.0 22280.0 140.0 76.0 on
5796.0 22259.0 272.0 96.0 Mich
6144.0 22255.0 152.0 104.0 lot
6348.0 22284.0 128.0 76.0 or
6520.0 22259.0 212.0 100.0 lots

3956.0 22364.0 224.0 104.0 and
4292.0 22368.0 188.0 100.0 the
4608.0 22368.0 872.0 124.0 Improvements
5584.0 22372.0 276.0 100.0 then
5900.0 22395.0 136.0 76.0 on
6056.0 22443.0 24.0 48.0 ,
6172.0 22379.0 284.0 96.0 tiom
6548.0 22376.0 188.0 100.0 the

3952.0 22508.0 308.0 76.0 .same
4312.0 22483.0 264.0 100.0 time
4620.0 22483.0 220.0 100.0 and
4896.0 22483.0 112.0 100.0 In
5100.0 22483.0 188.0 100.0 the
5332.0 22508.0 300.0 76.0 suuo
5680.0 22508.0 472.0 80.0 manner
6232.0 22512.0 124.0 76.0 as
6460.0 22491.0 272.0 100.0 such

3952.0 22596.0 484.0 104.0 original
4484.0 22607.0 632.0 96.0 contractor
5120.0 22671.0 24.0 44.0 ,
5196.0 22600.0 224.0 100.0 and
5512.0 22604.0 184.0 96.0 the
5784.0 22600.0 224.0 100.0 risk
6060.0 22611.0 120.0 88.0 ot
6244.0 22600.0 148.0 104.0 all
6476.0 22627.0 220.0 108.0 pay-

3956.0 22723.0 372.0 96.0 ments
4376.0 22715.0 316.0 100.0 made
4740.0 22719.0 116.0 96.0 lo
4900.0 22715.0 188.0 100.0 thu
5180.0 22715.0 484.0 116.0 original
5700.0 22719.0 636.0 100.0 contractor
6408.0 22719.0 280.0 100.0 shall
6700.0 22791.0 24.0 48.0 ,

3956.0 22855.0 120.0 80.0 as
4200.0 22832.0 448.0 112.0 against
4764.0 22855.0 144.0 76.0 an
4924.0 22855.0 44.0 96.0 )
5096.0 22828.0 332.0 104.0 claim
5524.0 22832.0 168.0 100.0 for
5776.0 22832.0 308.0 100.0 labor
6172.0 22836.0 128.0 100.0 be
6428.0 22859.0 300.0 80.0 nuon

3956.0 22951.0 188.0 96.0 the
4192.0 22972.0 384.0 76.0 owner
4624.0 22947.0 288.0 100.0 until
4960.0 22947.0 188.0 100.0 the
5192.0 22947.0 620.0 116.0 expiration
5928.0 22955.0 116.0 92.0 ot
6156.0 22947.0 184.0 104.0 the
6432.0 22951.0 300.0 120.0 sixty

3952.0 23060.0 144.0 108.0 dn
4108.0 23087.0 44.0 92.0 >
4180.0 23087.0 56.0 72.0 s
4284.0 23064.0 768.0 100.0 hereinbefore
5100.0 23064.0 560.0 116.0 specified.
5792.0 23064.0 272.0 104.0 And
6116.0 23087.0 152.0 80.0 no
6336.0 23091.0 392.0 76.0 owner

3952.0 23179.0 288.0 104.0 shall
4292.0 23192.0 128.0 88.0 be
4464.0 23179.0 332.0 100.0 liable
4840.0 23187.0 116.0 92.0 to
4996.0 23200.0 224.0 100.0 any
5268.0 23179.0 364.0 100.0 action
5688.0 23175.0 140.0 144.0 by
5876.0 23179.0 184.0 104.0 the
6104.0 23187.0 636.0 96.0 contractor

3960.0 23296.0 288.0 100.0 until
4296.0 23296.0 188.0 100.0 the
4528.0 23292.0 628.0 124.0 expiration
5208.0 23296.0 124.0 100.0 of
5380.0 23296.0 240.0 104.0 said
5724.0 23299.0 296.0 116.0 sixty
6104.0 23296.0 272.0 124.0 dajs
6384.0 23371.0 24.0 40.0 ,
6504.0 23299.0 228.0 100.0 and

3956.0 23411.0 272.0 100.0 such
4272.0 23432.0 156.0 80.0 ow
4460.0 23432.0 200.0 80.0 tier
4704.0 23432.0 248.0 96.0 may
5004.0 23432.0 212.0 100.0 pay
5300.0 23411.0 272.0 100.0 such
5656.0 23407.0 876.0 112.0 sub-contractor
6616.0 23439.0 124.0 80.0 or

3960.0 23547.0 404.0 104.0 pcrton
4416.0 23524.0 188.0 100.0 the
4648.0 23535.0 460.0 88.0 amount
5156.0 23524.0 216.0 104.0 duo
5424.0 23527.0 224.0 100.0 him
5704.0 23531.0 284.0 96.0 from
6096.0 23527.0 272.0 104.0 such
6452.0 23551.0 208.0 80.0 con-

3952.0 23643.0 416.0 100.0 tractor
4412.0 23639.0 172.0 100.0 for
4628.0 23643.0 268.0 96.0 such
4944.0 23639.0 308.0 104.0 labor
5252.0 23711.0 28.0 40.0 ,
5332.0 23639.0 220.0 100.0 and
5604.0 23639.0 188.0 104.0 the
5824.0 23652.0 460.0 96.0 amount
6316.0 23667.0 124.0 72.0 so
6476.0 23643.0 260.0 112.0 paid

3956.0 23759.0 296.0 104.0 shall
4304.0 23759.0 128.0 96.0 bo
4480.0 23755.0 252.0 104.0 held
4784.0 23755.0 228.0 100.0 and
5048.0 23759.0 456.0 96.0 deemed
5552.0 23783.0 64.0 72.0 a
5668.0 23763.0 528.0 112.0 payment
6240.0 23763.0 120.0 96.0 of
6448.0 23759.0 272.0 100.0 such

3956.0 23880.0 464.0 100.0 amount
4472.0 23880.0 112.0 96.0 to
4636.0 23875.0 180.0 100.0 Ihe
4892.0 23871.0 484.0 120.0 original
5420.0 23880.0 648.0 96.0 contractor.
6244.0 23875.0 268.0 104.0 And
6612.0 23880.0 116.0 100.0 In-

3948.0 24011.0 316.0 84.0 cases
4316.0 23987.0 316.0 104.0 when
4688.0 24015.0 64.0 76.0 a
4796.0 23987.0 444.0 112.0 dispute
5284.0 23987.0 352.0 100.0 arises
5720.0 23987.0 500.0 104.0 between
6308.0 24020.0 68.0 72.0 a
6460.0 24015.0 208.0 80.0 con-

3956.0 24112.0 408.0 96.0 tractor
4416.0 24103.0 224.0 104.0 and
4692.0 24099.0 172.0 108.0 his
4896.0 24103.0 472.0 124.0 Journey
5388.0 24127.0 248.0 80.0 men
5688.0 24127.0 128.0 80.0 or
5856.0 24103.0 320.0 104.0 other
6260.0 24131.0 468.0 96.0 persons

3956.0 24223.0 176.0 104.0 for
4180.0 24231.0 188.0 96.0 the
4416.0 24219.0 304.0 104.0 work
4776.0 24223.0 292.0 100.0 done
5072.0 24296.0 28.0 44.0 ,
5152.0 24223.0 188.0 100.0 the
5384.0 24243.0 384.0 80.0 owner
5812.0 24243.0 248.0 100.0 may
6112.0 24223.0 356.0 100.0 retain
6544.0 24223.0 188.0 100.0 tlio

3952.0 24340.0 468.0 104.0 amount
4460.0 24335.0 492.0 108.0 claimed
5028.0 24335.0 144.0 124.0 by
5276.0 24335.0 240.0 108.0 said
5620.0 24340.0 884.0 104.0 sub-contractor
6616.0 24363.0 124.0 76.0 or

3948.0 24455.0 456.0 124.0 journej
4444.0 24475.0 248.0 84.0 man
4744.0 24484.0 124.0 72.0 or
4912.0 24451.0 432.0 104.0 laborer
5452.0 24455.0 288.0 100.0 until
5828.0 24451.0 184.0 104.0 the
6100.0 24455.0 448.0 128.0 dispute
6636.0 24455.0 92.0 100.0 Is

3952.0 24580.0 404.0 96.0 hcttlea
4440.0 24572.0 140.0 100.0 bv
4672.0 24567.0 656.0 108.0 aibltratlon
5416.0 24595.0 128.0 76.0 or
5644.0 24567.0 624.0 108.0 otherwise.
6464.0 24572.0 264.0 100.0 Said

3952.0 24712.0 372.0 80.0 hworn
4388.0 24691.0 596.0 100.0 statement
5028.0 24683.0 224.0 104.0 and
5300.0 24683.0 320.0 104.0 claim
5708.0 24687.0 124.0 96.0 of
5904.0 24687.0 224.0 104.0 lien
6224.0 24683.0 284.0 108.0 shall
6600.0 24691.0 132.0 92.0 be

3956.0 24804.0 140.0 120.0 by
4144.0 24808.0 268.0 100.0 such
4448.0 24815.0 416.0 112.0 county
4912.0 24804.0 308.0 104.0 cleric
5304.0 24795.0 516.0 108.0 recorded
5916.0 24800.0 112.0 104.0 In
6144.0 24800.0 188.0 104.0 the
6420.0 24827.0 308.0 80.0 snine

3956.0 24944.0 476.0 80.0 manner
4476.0 24944.0 120.0 80.0 as
4644.0 24923.0 316.0 100.0 other
5008.0 24915.0 288.0 104.0 Ileus
5376.0 24911.0 528.0 128.0 provided
5996.0 24919.0 176.0 100.0 for
6256.0 24915.0 144.0 120.0 by
6508.0 24923.0 224.0 100.0 this

3952.0 25036.0 452.0 120.0 chapter
4408.0 25107.0 24.0 44.0 ,
4484.0 25040.0 220.0 100.0 ami
4756.0 25036.0 268.0 100.0 such
5076.0 25032.0 220.0 104.0 lien
5356.0 25032.0 280.0 104.0 shall
5692.0 25032.0 420.0 104.0 remain
6152.0 25040.0 28.0 48.0 '
6220.0 25032.0 112.0 104.0 In
6424.0 25032.0 300.0 108.0 foice

3964.0 25147.0 176.0 108.0 for
4184.0 25155.0 184.0 96.0 the
4412.0 25179.0 304.0 76.0 same
4756.0 25151.0 384.0 112.0 length
5248.0 25151.0 124.0 100.0 of
5456.0 25147.0 268.0 104.0 time
5828.0 25172.0 124.0 76.0 as
6040.0 25151.0 296.0 100.0 othei
6436.0 25147.0 300.0 104.0 Hens

3960.0 25264.0 532.0 128.0 piovlded
4548.0 25271.0 172.0 100.0 for
4768.0 25271.0 108.0 100.0 In
4932.0 25268.0 220.0 104.0 this
5216.0 25271.0 488.0 120.0 chapter.
5720.0 25260.0 64.0 56.0 "

4080.0 25379.0 200.0 104.0 Mr.
4408.0 25379.0 488.0 104.0 Uobblns
5056.0 25379.0 348.0 124.0 spoke
5508.0 25383.0 112.0 100.0 at
5780.0 25375.0 448.0 128.0 painful
6340.0 25375.0 384.0 120.0 length

3956.0 25496.0 448.0 104.0 against
4452.0 25500.0 180.0 96.0 the
4680.0 25500.0 188.0 100.0 bill
4880.0 25571.0 24.0 44.0 ,
4960.0 25496.0 424.0 124.0 stating
5432.0 25496.0 236.0 104.0 that
5776.0 25479.0 88.0 116.0 ft
5972.0 25519.0 228.0 76.0 was
6300.0 25519.0 64.0 76.0 a
6472.0 25523.0 260.0 72.0 cun-

3964.0 25615.0 316.0 96.0 iiln'l
4296.0 25636.0 48.0 92.0 >
4408.0 25611.0 480.0 104.0 devised
4916.0 25639.0 500.0 80.0 measure
5464.0 25615.0 136.0 112.0 by
5656.0 25607.0 360.0 108.0 which
6120.0 25611.0 604.0 120.0 somebody

3960.0 25724.0 412.0 104.0 wished
4432.0 25728.0 452.0 104.0 toshlrK
4936.0 25731.0 388.0 100.0 honest
5356.0 25728.0 348.0 104.0 debts.

4084.0 25839.0 196.0 104.0 Mr.
4400.0 25843.0 376.0 96.0 Monro
4880.0 25843.0 452.0 104.0 showed
5440.0 25839.0 760.0 120.0 conclusively
6248.0 25835.0 236.0 112.0 that
6540.0 25839.0 192.0 104.0 the

3952.0 25947.0 192.0 108.0 bill
4204.0 25979.0 224.0 76.0 was
4480.0 25956.0 112.0 104.0 In
4644.0 25960.0 188.0 96.0 the
4880.0 25960.0 456.0 104.0 intuiest
5384.0 25967.0 116.0 92.0 ot
5548.0 25967.0 188.0 96.0 the
5780.0 25960.0 396.0 124.0 people
6220.0 25956.0 232.0 104.0 and
6500.0 25979.0 228.0 76.0 ono

3956.0 26071.0 360.0 104.0 which
4372.0 26071.0 216.0 104.0 had
4632.0 26071.0 348.0 104.0 cnl"d
4772.0 26071.0 24.0 104.0 !
5028.0 26083.0 192.0 92.0 out
5288.0 26075.0 188.0 100.0 the
5576.0 26071.0 592.0 108.0 combined
6272.0 26071.0 392.0 124.0 opposi-

3956.0 26184.0 236.0 104.0 tion
4244.0 26191.0 124.0 96.0 of
4412.0 26184.0 144.0 104.0 all
4608.0 26188.0 184.0 100.0 the
4840.0 26188.0 428.0 104.0 lumber
5308.0 26191.0 428.0 104.0 dealers
5784.0 26195.0 116.0 96.0 In
5956.0 26191.0 184.0 104.0 the
6188.0 26195.0 316.0 96.0 state.
6628.0 26188.0 108.0 100.0 It

3960.0 26327.0 228.0 76.0 was
4232.0 26327.0 140.0 76.0 an
4424.0 26307.0 320.0 96.0 exact
4784.0 26327.0 280.0 96.0 copy
5112.0 26307.0 124.0 96.0 of
5280.0 26331.0 60.0 72.0 a
5388.0 26303.0 212.0 104.0 law
5696.0 26307.0 360.0 104.0 which
6168.0 26303.0 216.0 104.0 had
6496.0 26303.0 176.0 100.0 for-

3956.0 26416.0 348.0 120.0 merly
4356.0 26416.0 272.0 104.0 been
4680.0 26439.0 144.0 80.0 on
4876.0 26443.0 200.0 76.0 our
5120.0 26423.0 412.0 100.0 statute
5600.0 26423.0 344.0 104.0 books
6036.0 26431.0 180.0 96.0 tor
6296.0 26427.0 432.0 104.0 twenty

3948.0 26556.0 368.0 92.0 jeois.
4456.0 26531.0 176.0 104.0 He
4680.0 26531.0 496.0 104.0 believed
5228.0 26535.0 88.0 96.0 It
5356.0 26548.0 112.0 88.0 to
5544.0 26535.0 128.0 96.0 bo
5776.0 26563.0 64.0 76.0 a
5912.0 26559.0 264.0 92.0 very
6284.0 26539.0 404.0 120.0 Import-

3948.0 26655.0 192.0 96.0 ant
4196.0 26648.0 188.0 104.0 bill
4396.0 26723.0 24.0 32.0 ,
4472.0 26648.0 228.0 104.0 and
4748.0 26648.0 272.0 100.0 took
5084.0 26675.0 64.0 76.0 a
5196.0 26655.0 304.0 112.0 great
5548.0 26651.0 472.0 104.0 interest
6120.0 26659.0 116.0 92.0 In
6332.0 26651.0 392.0 104.0 seeing

3952.0 26759.0 84.0 104.0 It
4088.0 26763.0 388.0 116.0 passed
4488.0 26835.0 28.0 44.0 ,
4588.0 26787.0 124.0 76.0 us
4760.0 26763.0 80.0 100.0 it
4912.0 26787.0 224.0 76.0 was
5248.0 26787.0 116.0 80.0 in
5476.0 26763.0 184.0 104.0 the
5768.0 26771.0 476.0 100.0 interest
6344.0 26767.0 128.0 100.0 of
6536.0 26771.0 192.0 96.0 the

3952.0 26883.0 312.0 96.0 weak
4312.0 26907.0 124.0 72.0 ns
4480.0 26879.0 440.0 116.0 against
4976.0 26883.0 188.0 96.0 the
5204.0 26887.0 420.0 108.0 strong.
5760.0 26879.0 224.0 104.0 lint
6100.0 26883.0 184.0 100.0 the
6396.0 26879.0 324.0 124.0 lobby

3948.0 26995.0 444.0 112.0 against
4444.0 26999.0 184.0 96.0 the
4696.0 26995.0 184.0 100.0 bill
4996.0 27019.0 228.0 76.0 was
5336.0 26999.0 184.0 96.0 too
5624.0 26999.0 392.0 116.0 strong
6120.0 26999.0 228.0 104.0 and
6460.0 26995.0 264.0 124.0 they

3948.0 27111.0 320.0 100.0 made
4308.0 27111.0 496.0 100.0 saudiint
4848.0 27108.0 120.0 100.0 of
5016.0 27111.0 116.0 104.0 It.

4072.0 27219.0 376.0 104.0 House
4548.0 27223.0 204.0 104.0 roll
4856.0 27235.0 116.0 84.0 bs
4976.0 27295.0 28.0 36.0 ,
5120.0 27235.0 168.0 92.0 tor
5400.0 27227.0 188.0 100.0 the
5692.0 27223.0 324.0 104.0 relief
6080.0 27227.0 128.0 100.0 of
6256.0 27223.0 464.0 108.0 Charles

3944.0 27336.0 136.0 108.0 A.
4208.0 27336.0 516.0 104.0 Johnson
4740.0 27411.0 28.0 44.0 ,
4892.0 27339.0 124.0 100.0 of
5148.0 27339.0 268.0 104.0 Hint
5536.0 27351.0 412.0 112.0 county
5956.0 27411.0 24.0 44.0 ,
6084.0 27367.0 228.0 76.0 was
6380.0 27351.0 340.0 96.0 taken

3944.0 27472.0 176.0 92.0 up.
4256.0 27451.0 96.0 104.0 It
4404.0 27455.0 760.0 124.0 appioptlittes
5216.0 27455.0 500.0 104.0 saVs'Jtfl
5812.0 27479.0 112.0 76.0 to
6012.0 27455.0 176.0 104.0 his
6276.0 27455.0 440.0 116.0 benctlt.

3936.0 27591.0 144.0 80.0 on
4136.0 27579.0 460.0 88.0 account
4648.0 27575.0 112.0 96.0 ot
4812.0 27564.0 468.0 116.0 daumgo
5328.0 27583.0 116.0 88.0 to
5492.0 27568.0 168.0 104.0 his
5708.0 27579.0 520.0 112.0 property
6280.0 27575.0 140.0 116.0 by
6536.0 27591.0 188.0 84.0 tire

3940.0 27683.0 380.0 104.0 Mnrch
4332.0 27755.0 24.0 48.0 ,
4416.0 27687.0 228.0 96.0 Itssd
4648.0 27755.0 28.0 52.0 ,
4732.0 27687.0 108.0 96.0 In
4896.0 27711.0 144.0 80.0 an
5092.0 27695.0 472.0 108.0 attempt
5608.0 27691.0 124.0 96.0 of
5768.0 27687.0 476.0 104.0 citizens
6320.0 27704.0 120.0 88.0 to
6540.0 27715.0 184.0 100.0 ap-

3956.0 27799.0 476.0 128.0 lirehend
4480.0 27823.0 140.0 80.0 an
4672.0 27799.0 436.0 120.0 alleged
5180.0 27799.0 592.0 112.0 miiidercr.

4048.0 27915.0 244.0 104.0 The
4332.0 27919.0 640.0 100.0 committee
5020.0 27919.0 260.0 100.0 then
5340.0 27943.0 272.0 76.0 rose.

4048.0 28031.0 208.0 112.0 Mr.
4308.0 28031.0 428.0 128.0 ilajois
4780.0 28031.0 348.0 112.0 tisked
5172.0 28031.0 316.0 112.0 Icuvo
5536.0 28035.0 112.0 108.0 to
5732.0 28027.0 416.0 116.0 submit
6240.0 28035.0 188.0 108.0 the
6512.0 28031.0 164.0 112.0 fol

6980.0 2736.0 416.0 116.0 lowing
7432.0 2748.0 412.0 108.0 protest
7880.0 2768.0 24.0 80.0 :
7984.0 2744.0 204.0 104.0 "In
8252.0 2744.0 280.0 108.0 view
8636.0 2752.0 124.0 96.0 of
8868.0 2748.0 184.0 104.0 the1
9160.0 2744.0 268.0 104.0 final
9540.0 2740.0 224.0 108.0 and

6980.0 2864.0 400.0 96.0 formal
7428.0 2876.0 180.0 88.0 act
7652.0 2864.0 120.0 100.0 of
7820.0 2864.0 696.0 112.0 recognition
8588.0 2860.0 144.0 124.0 by
8824.0 2864.0 184.0 104.0 the
9116.0 2856.0 648.0 120.0 governor's

6980.0 2976.0 800.0 120.0 proclamation
7836.0 2984.0 120.0 96.0 of
8008.0 2988.0 184.0 92.0 the
8240.0 3004.0 436.0 80.0 success
8724.0 2980.0 124.0 96.0 of
8952.0 2976.0 188.0 104.0 tlm
9228.0 2980.0 220.0 100.0 late
9492.0 2996.0 208.0 80.0 con-

6976.0 3096.0 636.0 100.0 stitutional
7664.0 3096.0 720.0 104.0 amendment
8400.0 3164.0 24.0 52.0 ,
8476.0 3092.0 1024.0 116.0 notwithstanding
9580.0 3088.0 188.0 104.0 the

6984.0 3212.0 224.0 96.0 fact
7256.0 3208.0 120.0 100.0 of
7428.0 3212.0 140.0 100.0 Its
7620.0 3208.0 420.0 120.0 having
8108.0 3212.0 24.0 96.0 I
8148.0 3236.0 232.0 76.0 icon
8492.0 3220.0 116.0 92.0 at
8712.0 3212.0 188.0 100.0 the1
9008.0 3232.0 400.0 96.0 proper
9496.0 3204.0 272.0 104.0 tlmo

6980.0 3324.0 224.0 100.0 and
7260.0 3324.0 304.0 112.0 place
7616.0 3324.0 224.0 104.0 anil
7892.0 3336.0 112.0 92.0 In
8100.0 3324.0 188.0 104.0 the
8332.0 3328.0 284.0 108.0 legal
8668.0 3348.0 244.0 116.0 way
8976.0 3312.0 508.0 116.0 declared
9592.0 3320.0 136.0 104.0 lie
9744.0 3364.0 28.0 32.0 *

6984.0 3440.0 364.0 100.0 feated
7364.0 3508.0 28.0 44.0 ,
7456.0 3436.0 40.0 104.0 I
7552.0 3440.0 204.0 108.0 beg
7808.0 3448.0 112.0 96.0 to
7968.0 3436.0 408.0 108.0 submit
8424.0 3424.0 188.0 120.0 the
8660.0 3444.0 592.0 112.0 following
9300.0 3440.0 224.0 104.0 and
9564.0 3436.0 200.0 104.0 ask

6984.0 3552.0 236.0 104.0 that
7276.0 3556.0 80.0 100.0 It
7404.0 3552.0 128.0 108.0 bo
7580.0 3556.0 400.0 120.0 spread
8028.0 3580.0 140.0 80.0 on
8228.0 3560.0 188.0 100.0 tlic
8460.0 3560.0 380.0 104.0 record
8872.0 3580.0 24.0 80.0 :

7104.0 3668.0 408.0 108.0 "Since
7556.0 3672.0 188.0 104.0 tlie
7800.0 3700.0 468.0 88.0 paasaL'o
8316.0 3676.0 120.0 100.0 of
8484.0 3676.0 188.0 100.0 the
8716.0 3680.0 176.0 100.0 act
8944.0 3664.0 600.0 132.0 providing
9600.0 3668.0 168.0 104.0 for

6984.0 3796.0 564.0 96.0 aiecoiint
7612.0 3792.0 120.0 96.0 of
7804.0 3792.0 184.0 100.0 the
8076.0 3796.0 248.0 96.0 vote
8412.0 3812.0 144.0 80.0 on
8648.0 3792.0 188.0 100.0 the
8916.0 3780.0 852.0 112.0 constitutional

6980.0 3904.0 724.0 104.0 amendment
7712.0 3980.0 28.0 44.0 ,
7796.0 3912.0 220.0 96.0 two
8048.0 3904.0 580.0 124.0 questions
8672.0 3908.0 284.0 100.0 have
8996.0 3908.0 368.0 100.0 arisen
9424.0 3912.0 112.0 92.0 to
9588.0 3924.0 176.0 96.0 my

6984.0 4020.0 316.0 100.0 mind
7332.0 4040.0 24.0 80.0 :
7444.0 4028.0 40.0 92.0 1
7500.0 4088.0 24.0 36.0 ,
7620.0 4024.0 164.0 100.0 As
7836.0 4028.0 112.0 92.0 to
7992.0 4020.0 188.0 108.0 the
8228.0 4024.0 296.0 116.0 right
8568.0 4024.0 120.0 100.0 of
8736.0 4024.0 188.0 100.0 the
8968.0 4020.0 640.0 116.0 legislature
9656.0 4024.0 112.0 96.0 to

6984.0 4136.0 404.0 100.0 review
7436.0 4144.0 188.0 92.0 the
7700.0 4136.0 404.0 104.0 ballots
8188.0 4140.0 224.0 104.0 aud
8492.0 4140.0 456.0 104.0 recount
9036.0 4140.0 188.0 100.0 the
9300.0 4144.0 240.0 92.0 vote
9620.0 4156.0 144.0 80.0 on

6984.0 4252.0 188.0 100.0 thu
7216.0 4252.0 756.0 104.0 amendment.
8100.0 4256.0 92.0 100.0 2.
8328.0 4252.0 108.0 104.0 If
8484.0 4256.0 184.0 100.0 the
8716.0 4256.0 292.0 108.0 right
9052.0 4252.0 116.0 100.0 ot
9216.0 4248.0 188.0 104.0 the
9452.0 4248.0 276.0 120.0 legis-

6984.0 4364.0 352.0 104.0 lature
7384.0 4372.0 264.0 96.0 does
7696.0 4372.0 288.0 100.0 exist
8032.0 4376.0 112.0 96.0 to
8192.0 4396.0 136.0 88.0 go
8360.0 4368.0 412.0 104.0 behind
8824.0 4376.0 184.0 92.0 the
9052.0 4368.0 496.0 100.0 returnh
9596.0 4388.0 168.0 80.0 ivu

6984.0 4504.0 168.0 80.0 wo
7200.0 4480.0 604.0 128.0 proceeded
7844.0 4480.0 596.0 116.0 according
8484.0 4492.0 116.0 96.0 to
8636.0 4484.0 244.0 100.0 law'
8888.0 4488.0 20.0 48.0 '
8948.0 4484.0 360.0 100.0 These
9356.0 4508.0 180.0 76.0 are
9584.0 4484.0 188.0 96.0 the

6988.0 4604.0 220.0 96.0 two
7248.0 4604.0 572.0 120.0 questions
7872.0 4599.0 48.0 100.0 I
8028.0 4604.0 364.0 96.0 desire
8480.0 4616.0 112.0 84.0 to
8640.0 4604.0 444.0 120.0 present
9136.0 4608.0 112.0 92.0 to
9296.0 4599.0 184.0 100.0 the
9528.0 4620.0 196.0 76.0 sen-

6980.0 4724.0 180.0 92.0 ate
7188.0 4736.0 24.0 100.0 ;
7264.0 4720.0 200.0 96.0 not
7512.0 4716.0 268.0 100.0 with
7852.0 4740.0 224.0 96.0 any
8132.0 4716.0 276.0 100.0 view
8484.0 4724.0 116.0 92.0 to
8688.0 4724.0 472.0 108.0 prevent
9204.0 4712.0 188.0 104.0 the
9436.0 4712.0 272.0 116.0 legis-

6980.0 4832.0 356.0 100.0 lature
7448.0 4832.0 284.0 100.0 from
7824.0 4832.0 636.0 108.0 remaining
8572.0 4832.0 112.0 100.0 In
8800.0 4832.0 428.0 100.0 session
9324.0 4836.0 432.0 108.0 twenty

6980.0 4948.0 280.0 116.0 days
7308.0 4972.0 300.0 76.0 more
7612.0 5016.0 28.0 48.0 ,
7692.0 4967.0 212.0 80.0 nor
7972.0 4952.0 116.0 92.0 of
8140.0 4948.0 672.0 116.0 attempting
8900.0 4952.0 112.0 92.0 to
9100.0 4940.0 436.0 120.0 Impede
9584.0 4944.0 184.0 104.0 the

6984.0 5059.0 324.0 104.0 much
7380.0 5059.0 424.0 104.0 needed
7912.0 5056.0 628.0 108.0 legislation
8660.0 5059.0 112.0 100.0 In
8892.0 5056.0 220.0 108.0 this
9200.0 5068.0 288.0 96.0 state
9496.0 5132.0 28.0 48.0 ,
9576.0 5064.0 192.0 96.0 but

6984.0 5180.0 272.0 116.0 only
7308.0 5176.0 240.0 100.0 that
7596.0 5204.0 168.0 72.0 we
7816.0 5176.0 284.0 124.0 fully
8148.0 5172.0 696.0 108.0 understand
8888.0 5176.0 568.0 104.0 oiiisclvcs
9464.0 5252.0 24.0 44.0 ,
9540.0 5176.0 228.0 104.0 and

6984.0 5288.0 632.0 108.0 Ifvvolmc
7728.0 5316.0 144.0 76.0 no
7984.0 5296.0 564.0 116.0 prevision
8648.0 5296.0 124.0 96.0 of
8876.0 5292.0 208.0 100.0 law
9136.0 5296.0 236.0 96.0 that
9424.0 5304.0 344.0 92.0 meets

6976.0 5408.0 268.0 104.0 such
7292.0 5432.0 144.0 80.0 an
7520.0 5432.0 664.0 96.0 emeigencj-
8188.0 5480.0 24.0 44.0 ,
8268.0 5408.0 240.0 104.0 that
8556.0 5432.0 180.0 80.0 om
8832.0 5408.0 564.0 124.0 judiciary
9460.0 5432.0 308.0 80.0 coui-

6984.0 5532.0 380.0 92.0 imlteo
7416.0 5548.0 252.0 96.0 may
7716.0 5536.0 156.0 88.0 toi
7904.0 5528.0 408.0 100.0 initiate
8356.0 5524.0 228.0 100.0 and
8632.0 5536.0 448.0 112.0 present
9132.0 5548.0 124.0 80.0 us
9300.0 5524.0 276.0 104.0 such
9620.0 5548.0 144.0 80.0 an

6976.0 5648.0 176.0 96.0 act
7196.0 5640.0 416.0 124.0 during
7656.0 5664.0 208.0 76.0 our
7912.0 5644.0 636.0 120.0 remaining
8596.0 5644.0 428.0 120.0 twenty
9064.0 5640.0 308.0 120.0 elays.

7100.0 5756.0 248.0 124.0 "By
7400.0 5780.0 244.0 96.0 prov
7680.0 5756.0 348.0 104.0 islons
8076.0 5764.0 120.0 92.0 of
8240.0 5744.0 420.0 116.0 section
8712.0 5760.0 56.0 92.0 4
8776.0 5828.0 24.0 44.0 ,
8844.0 5760.0 456.0 116.0 chapter
9340.0 5764.0 60.0 88.0 3
9404.0 5832.0 20.0 40.0 ,
9484.0 5780.0 280.0 96.0 pigo

6976.0 5872.0 120.0 96.0 fil
7180.0 5876.0 116.0 92.0 of
7388.0 5876.0 184.0 100.0 the
7656.0 5872.0 552.0 128.0 compiled
8356.0 5880.0 472.0 96.0 statutes
8936.0 5900.0 80.0 76.0 w
9048.0 5856.0 248.0 116.0 filch
9388.0 5876.0 316.0 96.0 reads
9736.0 5892.0 24.0 80.0 :

6988.0 5984.0 384.0 108.0 Public
7408.0 5984.0 364.0 108.0 notice
7812.0 5996.0 236.0 96.0 that
8092.0 5992.0 180.0 100.0 the
8300.0 5992.0 544.0 120.0 proposed
8884.0 5988.0 720.0 104.0 ttmundment
9644.0 6012.0 104.0 76.0 oi

6980.0 6104.0 788.0 104.0 amendments
7816.0 6104.0 124.0 108.0 is.
7992.0 6132.0 124.0 76.0 or
8160.0 6132.0 184.0 76.0 are
8388.0 6108.0 276.0 100.0 tobu
8716.0 6108.0 320.0 100.0 voted
9088.0 6128.0 292.0 100.0 upon
9400.0 6176.0 20.0 40.0 ,
9476.0 6104.0 284.0 100.0 shall

6980.0 6220.0 128.0 100.0 bo
7152.0 6224.0 332.0 104.0 given
7576.0 6224.0 108.0 100.0 in
7740.0 6228.0 264.0 96.0 each
8084.0 6228.0 416.0 112.0 county
8552.0 6228.0 112.0 96.0 In
8720.0 6220.0 180.0 104.0 the
8948.0 6248.0 300.0 76.0 same
9300.0 6244.0 472.0 76.0 manner

6980.0 6364.0 120.0 72.0 as
7148.0 6340.0 96.0 96.0 is
7292.0 6364.0 132.0 72.0 or
7464.0 6364.0 256.0 92.0 may
7804.0 6340.0 132.0 96.0 be
8016.0 6336.0 496.0 124.0 required
8604.0 6356.0 140.0 88.0 by
8828.0 6336.0 216.0 100.0 law
9132.0 6336.0 632.0 124.0 regulating

6976.0 6452.0 456.0 120.0 general
7516.0 6456.0 536.0 96.0 elections
8064.0 6528.0 20.0 40.0 ,
8204.0 6452.0 224.0 104.0 and
8496.0 6448.0 188.0 104.0 the
8792.0 6460.0 440.0 96.0 returns
9280.0 6452.0 284.0 100.0 shall
9632.0 6452.0 132.0 100.0 be

6984.0 6568.0 320.0 100.0 made
7348.0 6568.0 224.0 104.0 and
7664.0 6568.0 184.0 100.0 thu
7940.0 6575.0 304.0 96.0 votes
8348.0 6568.0 616.0 100.0 canvassed
9056.0 6568.0 112.0 100.0 in
9224.0 6564.0 184.0 104.0 tlm
9456.0 6592.0 304.0 76.0 same

6984.0 6708.0 452.0 76.0 mantlet
7496.0 6684.0 220.0 104.0 and
7772.0 6688.0 136.0 116.0 by
7960.0 6692.0 184.0 92.0 thu
8180.0 6704.0 304.0 80.0 same
8528.0 6688.0 428.0 96.0 olliceis
9000.0 6688.0 120.0 96.0 of
9168.0 6684.0 184.0 100.0 thu
9396.0 6688.0 320.0 96.0 state1.
9732.0 6680.0 24.0 48.0 '

6976.0 6800.0 280.0 100.0 This
7304.0 6804.0 420.0 100.0 section
7744.0 6872.0 24.0 44.0 ,
7816.0 6824.0 220.0 96.0 jou
8092.0 6800.0 224.0 100.0 will
8368.0 6824.0 212.0 76.0 see.
8680.0 6800.0 492.0 100.0 declares
9256.0 6800.0 248.0 104.0 that
9576.0 6796.0 188.0 104.0 the

6984.0 6924.0 252.0 92.0 vote
7280.0 6940.0 144.0 76.0 on
7480.0 6936.0 224.0 100.0 any
7748.0 6904.0 848.0 112.0 constitutional
8696.0 6912.0 720.0 104.0 amendment
9468.0 6912.0 292.0 104.0 shall

6980.0 7028.0 128.0 104.0 be
7152.0 7032.0 612.0 100.0 canvassed
7824.0 7032.0 136.0 100.0 bv
8012.0 7032.0 184.0 100.0 the
8280.0 7056.0 304.0 76.0 same
8632.0 7032.0 420.0 100.0 olliceis
9104.0 7032.0 224.0 100.0 nnd
9404.0 7032.0 112.0 100.0 In
9572.0 7032.0 184.0 100.0 the

6976.0 7172.0 308.0 72.0 same
7332.0 7168.0 468.0 80.0 manner
7864.0 7172.0 124.0 76.0 as
8056.0 7148.0 228.0 100.0 that
8404.0 7148.0 136.0 120.0 by
8656.0 7148.0 356.0 104.0 winch
9108.0 7152.0 184.0 96.0 tlio
9344.0 7156.0 252.0 96.0 vote
9636.0 7152.0 128.0 96.0 of

6980.0 7288.0 528.0 92.0 governot
7528.0 7332.0 24.0 36.0 ,
7656.0 7264.0 628.0 100.0 lieutenant
8384.0 7288.0 536.0 96.0 governoi
8980.0 7264.0 224.0 100.0 aud
9252.0 7260.0 148.0 104.0 all
9448.0 7267.0 316.0 96.0 other

6976.0 7384.0 288.0 96.0 statu
7312.0 7380.0 424.0 104.0 ofticors
7780.0 7403.0 184.0 76.0 are
8012.0 7384.0 648.0 96.0 e'anvassed.

7092.0 7492.0 276.0 104.0 This
7420.0 7500.0 92.0 96.0 Is
7560.0 7495.0 184.0 100.0 the
7784.0 7495.0 856.0 104.0 constitutional
8688.0 7492.0 564.0 124.0 provision
9304.0 7520.0 144.0 76.0 on
9504.0 7520.0 192.0 96.0 pro-

6980.0 7612.0 344.0 120.0 posed
7372.0 7612.0 812.0 104.0 amendments.
8316.0 7608.0 264.0 108.0 Now
8608.0 7684.0 28.0 44.0 ,
8692.0 7612.0 288.0 100.0 what
9032.0 7640.0 184.0 72.0 are
9264.0 7612.0 188.0 100.0 the
9496.0 7620.0 224.0 92.0 stat-

6980.0 7736.0 324.0 104.0 utory
7352.0 7727.0 636.0 112.0 provisions
8032.0 7727.0 824.0 116.0 contemplated
8972.0 7727.0 108.0 100.0 In
9204.0 7727.0 220.0 100.0 tills
9532.0 7756.0 184.0 72.0 sec-

6980.0 7844.0 240.0 100.0 tion
7272.0 7848.0 52.0 96.0 4
7336.0 7920.0 20.0 36.0 ,
7412.0 7844.0 456.0 116.0 chapter
7908.0 7848.0 60.0 88.0 3
8012.0 7848.0 104.0 96.0 ol
8180.0 7848.0 184.0 100.0 the
8448.0 7840.0 772.0 108.0 constitution'
9208.0 7900.0 24.0 44.0 ,
9232.0 7844.0 20.0 52.0 '
9412.0 7844.0 308.0 112.0 Chap-

6980.0 7968.0 168.0 96.0 ter
7184.0 7968.0 120.0 88.0 20
7312.0 8036.0 24.0 44.0 ,
7388.0 7968.0 416.0 96.0 scptlon
7856.0 8020.0 20.0 32.0 .
7864.0 7964.0 28.0 28.0 "
7892.0 7999.0 24.0 56.0 >
7932.0 7964.0 40.0 92.0 !
8016.0 7964.0 224.0 100.0 and
8284.0 7964.0 116.0 92.0 W
8408.0 8032.0 24.0 44.0 ,
8484.0 7984.0 276.0 96.0 page
8800.0 7964.0 24.0 84.0 :
8836.0 7964.0 24.0 84.0 !
8888.0 7999.0 28.0 36.0 >
8920.0 7964.0 24.0 52.0 '
8984.0 8032.0 24.0 40.0 ,
9108.0 7960.0 188.0 100.0 liav
9328.0 7984.0 60.0 76.0 o
9480.0 7964.0 268.0 96.0 been

6976.0 8076.0 468.0 104.0 enacted
7536.0 8091.0 112.0 84.0 to
7760.0 8080.0 320.0 96.0 make
8188.0 8088.0 184.0 92.0 the
8480.0 8064.0 560.0 136.0 juovlslon
9152.0 8072.0 596.0 128.0 operative.

6980.0 8196.0 444.0 100.0 Section
7476.0 8196.0 112.0 96.0 SI
7640.0 8212.0 220.0 84.0 sets
7912.0 8192.0 296.0 104.0 forth
8260.0 8196.0 184.0 96.0 the
8496.0 8216.0 468.0 76.0 manner
9040.0 8192.0 120.0 100.0 of
9244.0 8216.0 476.0 76.0 canvass-

6988.0 8312.0 188.0 116.0 ing
7228.0 8312.0 224.0 96.0 this
7500.0 8316.0 252.0 96.0 vote
7796.0 8308.0 216.0 104.0 and
8072.0 8312.0 244.0 96.0 how
8360.0 8308.0 184.0 100.0 the
8596.0 8323.0 436.0 88.0 returns
9120.0 8332.0 180.0 80.0 are
9408.0 8316.0 108.0 92.0 to
9624.0 8308.0 136.0 100.0 bo

6980.0 8424.0 320.0 104.0 madu
7348.0 8432.0 112.0 96.0 to
7508.0 8424.0 684.0 124.0 tliespeakui
8252.0 8432.0 116.0 92.0 ot
8460.0 8432.0 184.0 92.0 tlm
8736.0 8424.0 340.0 100.0 house
9180.0 8428.0 120.0 96.0 of
9404.0 8448.0 316.0 100.0 repre

6980.0 8544.0 640.0 100.0 sentatives.
7756.0 8544.0 440.0 100.0 Section
8248.0 8544.0 120.0 96.0 5'
8416.0 8540.0 516.0 112.0 provides
8984.0 8540.0 768.0 112.0 forduplUato

6976.0 8664.0 544.0 100.0 abstiacts
7564.0 8660.0 224.0 100.0 und
7840.0 8664.0 436.0 96.0 returns
8324.0 8668.0 112.0 88.0 to
8480.0 8656.0 132.0 100.0 be
8664.0 8656.0 316.0 100.0 made
9032.0 8664.0 108.0 92.0 to
9184.0 8656.0 192.0 100.0 the
9412.0 8684.0 300.0 76.0 secre-

6984.0 8788.0 244.0 112.0 tary
7276.0 8780.0 124.0 96.0 of
7448.0 8783.0 284.0 92.0 state
7736.0 8852.0 24.0 36.0 ,
7816.0 8776.0 224.0 100.0 and
8088.0 8776.0 500.0 120.0 delinlng
8624.0 8772.0 184.0 100.0 the
8844.0 8776.0 272.0 116.0 duty
9152.0 8776.0 108.0 96.0 ol
9316.0 8772.0 184.0 100.0 thu
9544.0 8800.0 172.0 72.0 sec-

6984.0 8908.0 364.0 104.0 retary
7384.0 8896.0 116.0 96.0 ot
7540.0 8900.0 288.0 92.0 statu
7868.0 8896.0 112.0 96.0 to
8048.0 8912.0 476.0 80.0 canvass
8572.0 8888.0 184.0 100.0 the
8836.0 8896.0 248.0 92.0 vote
9156.0 8892.0 224.0 96.0 and
9432.0 8888.0 328.0 100.0 maku

6976.0 9040.0 64.0 72.0 n
7088.0 9008.0 428.0 100.0 tabular
7560.0 9011.0 604.0 96.0 statement
8212.0 9011.0 156.0 96.0 lei
8432.0 9008.0 184.0 100.0 the
8664.0 9028.0 196.0 76.0 use
8908.0 9008.0 116.0 96.0 of
9072.0 9000.0 184.0 108.0 the
9304.0 9004.0 392.0 120.0 legisla

6980.0 9132.0 272.0 96.0 ture.

7100.0 9239.0 240.0 120.0 "Hy
7388.0 9236.0 188.0 104.0 the
7620.0 9243.0 444.0 96.0 returns
8112.0 9243.0 320.0 96.0 made
8476.0 9239.0 112.0 100.0 to
8696.0 9236.0 188.0 104.0 the
8964.0 9243.0 556.0 116.0 secretary
9632.0 9236.0 120.0 100.0 eit

6976.0 9360.0 284.0 100.0 state
7308.0 9356.0 216.0 100.0 and
7584.0 9356.0 168.0 100.0 his
7800.0 9352.0 432.0 104.0 tabular
8296.0 9360.0 596.0 96.0 statement
8904.0 9427.0 24.0 48.0 ,
9028.0 9356.0 188.0 100.0 the
9296.0 9356.0 460.0 100.0 aiuond-

6980.0 9480.0 308.0 96.0 ment
7340.0 9496.0 224.0 76.0 vvus
7608.0 9471.0 484.0 100.0 certified
8152.0 9480.0 108.0 92.0 to
8308.0 9471.0 276.0 100.0 have
8632.0 9471.0 272.0 100.0 been
9000.0 9468.0 508.0 104.0 defeated
9524.0 9540.0 24.0 44.0 ,
9632.0 9496.0 124.0 72.0 as

6976.0 9592.0 140.0 100.0 he
7164.0 9592.0 92.0 96.0 is
7304.0 9588.0 508.0 140.0 required
7864.0 9596.0 112.0 92.0 to
8020.0 9588.0 140.0 100.0 do
8212.0 9588.0 140.0 120.0 by
8396.0 9588.0 424.0 100.0 section
8872.0 9588.0 120.0 92.0 32
8996.0 9659.0 20.0 36.0 ,
9060.0 9592.0 456.0 108.0 chapter
9596.0 9588.0 148.0 92.0 2rt.

7144.0 9707.0 268.0 96.0 The
7460.0 9703.0 636.0 104.0 legislature
8180.0 9703.0 104.0 100.0 in
8356.0 9699.0 300.0 124.0 joint
8756.0 9703.0 684.0 104.0 convention
9560.0 9724.0 200.0 76.0 mi-

6976.0 9820.0 176.0 100.0 dpi
7220.0 9824.0 184.0 100.0 the
7456.0 9820.0 536.0 104.0 autlioiitv
8060.0 9820.0 572.0 120.0 delegated
8684.0 9820.0 112.0 100.0 to
8904.0 9820.0 296.0 100.0 them
9312.0 9839.0 136.0 76.0 on
9568.0 9816.0 188.0 104.0 the

6972.0 9940.0 180.0 96.0 Olh
7204.0 9944.0 192.0 96.0 duv
7468.0 9940.0 124.0 96.0 of
7632.0 9924.0 512.0 136.0 Janu'iry
8252.0 9935.0 200.0 100.0 last
8468.0 10004.0 24.0 44.0 ,
8604.0 9931.0 508.0 104.0 declaicd
9220.0 9931.0 236.0 104.0 that
9568.0 9935.0 188.0 100.0 tlm

6976.0 10052.0 728.0 104.0 amendment
7756.0 10056.0 208.0 96.0 hail
8016.0 10056.0 268.0 96.0 been
8340.0 10052.0 548.0 100.0 dcleatcd.

7100.0 10176.0 64.0 48.0 "
7172.0 10167.0 60.0 100.0 'I
7280.0 10172.0 168.0 96.0 his
7500.0 10192.0 224.0 76.0 was
7768.0 10167.0 148.0 100.0 all
7964.0 10172.0 236.0 96.0 that
8280.0 10163.0 320.0 104.0 could
8708.0 10167.0 128.0 100.0 bo
8944.0 10167.0 292.0 100.0 done
9340.0 10163.0 140.0 124.0 by
9568.0 10163.0 188.0 100.0 the

6972.0 10292.0 528.0 108.0 scctetarj
7568.0 10284.0 124.0 96.0 of
7732.0 10292.0 284.0 88.0 state
8024.0 10356.0 24.0 40.0 ,
8100.0 10284.0 224.0 96.0 and
8372.0 10284.0 188.0 96.0 the
8664.0 10280.0 668.0 104.0 legislature.
9476.0 10276.0 276.0 100.0 Vow

6976.0 10404.0 300.0 96.0 what
7324.0 10424.0 224.0 76.0 was
7592.0 10400.0 188.0 96.0 the
7848.0 10400.0 424.0 96.0 icmcdv
8344.0 10395.0 356.0 100.0 under
8748.0 10395.0 180.0 100.0 the
9004.0 10395.0 740.0 100.0 constitution

6972.0 10520.0 116.0 96.0 to
7136.0 10512.0 400.0 100.0 review
7584.0 10516.0 220.0 96.0 and
7856.0 10516.0 456.0 96.0 recount
8364.0 10520.0 188.0 92.0 the
8604.0 10520.0 280.0 104.0 vote1.
8944.0 10508.0 76.0 100.0 It
9120.0 10516.0 308.0 100.0 theio
9528.0 10540.0 224.0 72.0 was

6972.0 10636.0 252.0 112.0 anj'
7212.0 10684.0 24.0 44.0 ,
7232.0 10632.0 28.0 52.0 '
7392.0 10623.0 392.0 104.0 Would
7840.0 10627.0 88.0 100.0 it
7976.0 10636.0 196.0 92.0 not
8224.0 10636.0 276.0 92.0 have
8608.0 10627.0 268.0 100.0 been
8976.0 10627.0 348.0 100.0 better
9424.0 10627.0 320.0 100.0 when

6972.0 10752.0 188.0 96.0 the
7272.0 10744.0 344.0 100.0 result
7784.0 10772.0 228.0 76.0 was
8172.0 10744.0 524.0 100.0 obtained
8792.0 10763.0 276.0 80.0 iioin
9160.0 10744.0 188.0 100.0 the
9448.0 10744.0 260.0 100.0 tabu-

6972.0 10860.0 164.0 100.0 lar
7188.0 10864.0 596.0 96.0 statement
7836.0 10864.0 124.0 92.0 eif
8044.0 10860.0 184.0 100.0 the
8308.0 10868.0 524.0 112.0 seciut.irj
8892.0 10860.0 120.0 96.0 of
9096.0 10864.0 284.0 96.0 state
9388.0 10932.0 28.0 44.0 ,
9504.0 10860.0 248.0 96.0 that

6968.0 11004.0 304.0 76.0 some
7324.0 10976.0 628.0 100.0 freeholder
8012.0 10972.0 396.0 104.0 should
8492.0 10976.0 280.0 100.0 have
8780.0 11048.0 20.0 44.0 ,
8896.0 10976.0 116.0 108.0 bv
9120.0 11000.0 308.0 76.0 some
9516.0 11000.0 192.0 84.0 pro-

6968.0 11120.0 244.0 76.0 cess
7256.0 11120.0 124.0 72.0 or
7428.0 11092.0 276.0 116.0 legal
7760.0 11092.0 660.0 120.0 proceeding
8428.0 11164.0 24.0 36.0 ,
8496.0 11120.0 120.0 72.0 as
8672.0 11096.0 172.0 92.0 tor
8896.0 11100.0 512.0 92.0 instance
9444.0 11120.0 124.0 68.0 as
9624.0 11092.0 104.0 100.0 In

6964.0 11212.0 580.0 96.0 contested
7580.0 11208.0 532.0 100.0 elections
8120.0 11276.0 32.0 48.0 ,
8204.0 11232.0 104.0 76.0 01
8436.0 11208.0 112.0 100.0 In
8644.0 11232.0 304.0 76.0 some
9060.0 11232.0 244.0 112.0 way
9308.0 11280.0 24.0 48.0 ,
9448.0 11204.0 236.0 104.0 indi-

6968.0 11328.0 316.0 100.0 cated
7332.0 11328.0 240.0 100.0 that
7616.0 11328.0 308.0 96.0 there
7972.0 11324.0 396.0 100.0 should
8420.0 11328.0 128.0 96.0 be
8592.0 11348.0 64.0 72.0 a
8768.0 11332.0 456.0 92.0 recount
9236.0 11324.0 56.0 100.0 ?
9444.0 11320.0 304.0 100.0 That

6968.0 11460.0 232.0 80.0 sort
7248.0 11444.0 120.0 96.0 of
7412.0 11472.0 64.0 68.0 a
7520.0 11440.0 696.0 124.0 ptoceeding.
8276.0 11440.0 112.0 96.0 In
8448.0 11460.0 180.0 84.0 mv
8672.0 11432.0 588.0 128.0 judgment
9272.0 11512.0 24.0 40.0 ,
9372.0 11436.0 372.0 104.0 would

6968.0 11560.0 284.0 100.0 have
7300.0 11560.0 268.0 96.0 U'cn
7624.0 11560.0 580.0 96.0 sufficient.
8348.0 11547.0 440.0 124.0 Falling
8836.0 11556.0 108.0 96.0 In
9068.0 11556.0 232.0 96.0 that
9312.0 11628.0 20.0 40.0 ,
9452.0 11552.0 236.0 100.0 how

6968.0 11700.0 288.0 80.0 ever.
7308.0 11675.0 296.0 96.0 wh.it
7656.0 11672.0 360.0 104.0 would
8076.0 11672.0 264.0 100.0 next
8392.0 11672.0 272.0 100.0 have
8712.0 11668.0 552.0 124.0 pioiluceel
9312.0 11696.0 60.0 76.0 a
9440.0 11696.0 308.0 72.0 moio

6968.0 11788.0 956.0 120.0 satistactoij-
8096.0 11792.0 196.0 96.0 not
8572.0 11815.0 68.0 72.0 a
8916.0 11811.0 300.0 72.0 more
9456.0 11788.0 288.0 100.0 lezol

6968.0 11903.0 404.0 104.0 lesult'.1
7768.0 11900.0 268.0 124.0 Wlij
8068.0 11976.0 24.0 48.0 ,
8420.0 11900.0 152.0 104.0 sir
8576.0 11976.0 24.0 44.0 ,
8928.0 11903.0 324.0 100.0 when
9608.0 11900.0 116.0 100.0 in

6960.0 11999.0 300.0 144.0 joint
7308.0 12020.0 676.0 100.0 convention
8036.0 12043.0 144.0 72.0 em
8232.0 11999.0 404.0 116.0 thcOtii
8692.0 12016.0 124.0 100.0 of
8852.0 12020.0 472.0 116.0 Janualj
9440.0 12040.0 304.0 76.0 snme

6964.0 12148.0 452.0 92.0 senator
7460.0 12164.0 104.0 72.0 oi
7628.0 12135.0 468.0 100.0 membui
8160.0 12135.0 216.0 100.0 had
8424.0 12135.0 364.0 96.0 arisen
8904.0 12132.0 116.0 100.0 in
9116.0 12135.0 176.0 96.0 his
9396.0 12132.0 308.0 120.0 place

6968.0 12252.0 560.0 124.0 protested
7580.0 12252.0 236.0 104.0 that
7856.0 12256.0 180.0 96.0 the
8144.0 12248.0 724.0 104.0 amendment
8960.0 12252.0 212.0 96.0 had
9280.0 12252.0 416.0 96.0 c.uried
9712.0 12323.0 24.0 36.0 ,

6964.0 12371.0 228.0 100.0 and
7240.0 12371.0 272.0 96.0 aftei
7584.0 12367.0 800.0 104.0 Inaiiifinatlng
8428.0 12367.0 184.0 96.0 the
8704.0 12367.0 284.0 96.0 state
9072.0 12363.0 372.0 104.0 ollicer
9444.0 12440.0 28.0 36.0 ,
9564.0 12363.0 184.0 100.0 ad-

6960.0 12488.0 480.0 120.0 Jouined
7496.0 12492.0 112.0 92.0 to
7652.0 12488.0 272.0 100.0 such
7976.0 12484.0 268.0 100.0 time
8300.0 12480.0 312.0 100.0 when
8668.0 12484.0 184.0 96.0 the
8904.0 12492.0 304.0 88.0 votes
9252.0 12480.0 324.0 100.0 could
9612.0 12492.0 132.0 88.0 be

7568.0 12599.0 284.0 100.0 from
7908.0 12599.0 180.0 100.0 the
8136.0 12595.0 416.0 100.0 seveial
8604.0 12595.0 504.0 100.0 counties
9152.0 12592.0 224.0 104.0 ami
9468.0 12595.0 264.0 100.0 then

7040.0 12743.0 52.0 72.0 e
7136.0 12716.0 480.0 100.0 counted
7668.0 12712.0 112.0 104.0 In
7832.0 12716.0 220.0 96.0 duo
8100.0 12720.0 280.0 92.0 form
8428.0 12716.0 108.0 96.0 ot
8588.0 12716.0 248.0 96.0 law.
9032.0 12708.0 376.0 104.0 Undci
9468.0 12716.0 264.0 96.0 suoh

6956.0 12860.0 64.0 72.0 a
7072.0 12831.0 668.0 120.0 pioceeding
7792.0 12856.0 148.0 72.0 no
7992.0 12856.0 636.0 96.0 ncwspapci
8692.0 12852.0 104.0 72.0 oi
8864.0 12852.0 224.0 76.0 anv
9132.0 12852.0 216.0 76.0 one
9412.0 12827.0 324.0 100.0 could

6960.0 12952.0 280.0 96.0 have
7304.0 12948.0 240.0 100.0 said
7592.0 12948.0 368.0 120.0 sabiy
8004.0 12944.0 456.0 108.0 crabber
8504.0 12971.0 120.0 72.0 or
8668.0 12944.0 444.0 124.0 applied
9156.0 12967.0 144.0 76.0 an
9352.0 12944.0 376.0 100.0 odium

6960.0 13072.0 112.0 92.0 to
7124.0 13088.0 224.0 96.0 anj"
7392.0 13072.0 108.0 92.0 ot
7560.0 13059.0 224.0 104.0 this
7836.0 13059.0 668.0 124.0 legislature.

7080.0 13184.0 68.0 44.0 "
7156.0 13180.0 52.0 100.0 1
7256.0 13208.0 172.0 72.0 am
7480.0 13180.0 812.0 124.0 apprehensive
8340.0 13180.0 240.0 96.0 that
8624.0 13199.0 168.0 72.0 we
8840.0 13176.0 280.0 100.0 Invo
9172.0 13180.0 192.0 96.0 not
9448.0 13199.0 236.0 76.0 com-

6960.0 13291.0 292.0 140.0 plied
7364.0 13295.0 268.0 100.0 with
7704.0 13295.0 188.0 100.0 the
7984.0 13291.0 784.0 104.0 fundamental
8860.0 13295.0 224.0 96.0 and
9176.0 13295.0 528.0 116.0 statntoij

6956.0 13419.0 268.0 92.0 laws
7276.0 13408.0 112.0 104.0 in
7500.0 13412.0 228.0 100.0 this
7812.0 13408.0 668.0 120.0 pioceeding
8484.0 13484.0 20.0 40.0 ,
8604.0 13408.0 216.0 100.0 and
8916.0 13431.0 172.0 76.0 am
9184.0 13412.0 552.0 96.0 therefore

6956.0 13523.0 520.0 124.0 Impelled
7532.0 13540.0 112.0 88.0 to
7692.0 13523.0 260.0 104.0 thus
8036.0 13552.0 84.0 76.0 it
8152.0 13528.0 260.0 100.0 cord
8508.0 13552.0 152.0 72.0 mv
8776.0 13532.0 416.0 104.0 ptotcst
9292.0 13532.0 444.0 108.0 against

6952.0 13644.0 224.0 100.0 this
7228.0 13644.0 596.0 120.0 procedure
7832.0 13716.0 28.0 36.0 ,
7916.0 13644.0 360.0 96.0 which
8392.0 13648.0 24.0 92.0 !
8460.0 13692.0 24.0 44.0 >
8560.0 13640.0 412.0 108.0 elcailv
9060.0 13624.0 436.0 116.0 oiitsieiu
9580.0 13640.0 152.0 100.0 all

6952.0 13764.0 216.0 96.0 law
7176.0 13832.0 24.0 44.0 ,
7252.0 13760.0 360.0 100.0 either
7660.0 13755.0 784.0 100.0 fundamental
8496.0 13780.0 124.0 76.0 or
8664.0 13760.0 548.0 112.0 statutoty
9232.0 13828.0 24.0 44.0 ,
9340.0 13772.0 396.0 104.0 except

6956.0 13876.0 184.0 96.0 tlm
7188.0 13900.0 216.0 72.0 ono
7496.0 13883.0 336.0 88.0 tinelei
7948.0 13872.0 360.0 100.0 which
8420.0 13896.0 164.0 72.0 wo
8684.0 13891.0 188.0 76.0 are
8980.0 13891.0 252.0 76.0 now
9316.0 13872.0 376.0 112.0 acting
9700.0 13944.0 28.0 40.0 ,

6964.0 13988.0 356.0 88.0 which
7480.0 14012.0 56.0 64.0 .i
7552.0 14012.0 48.0 76.0 ?
7648.0 13988.0 468.0 88.0 enacted
8160.0 13983.0 156.0 88.0 toi
8376.0 13971.0 224.0 100.0 tills
8644.0 13996.0 184.0 96.0 put
8860.0 13996.0 288.0 96.0 pose.
9168.0 13971.0 20.0 44.0 '

7072.0 14088.0 176.0 100.0 No
7292.0 14092.0 368.0 100.0 action
7720.0 14111.0 228.0 76.0 was
8000.0 14088.0 332.0 100.0 taKen
8392.0 14111.0 292.0 96.0 upon
8744.0 14088.0 184.0 96.0 the
8992.0 14092.0 380.0 96.0 above.

7064.0 14207.0 208.0 100.0 Mr.
7324.0 14207.0 312.0 100.0 Snell
7684.0 14207.0 416.0 96.0 otloied
8144.0 14232.0 60.0 72.0 a
8256.0 14203.0 604.0 96.0 resolution
8916.0 14207.0 232.0 92.0 that
9200.0 14203.0 192.0 100.0 the
9456.0 14228.0 192.0 80.0 suc-

6944.0 14320.0 408.0 100.0 cessful
7412.0 14320.0 404.0 116.0 patties
7908.0 14320.0 108.0 96.0 In
8116.0 14324.0 184.0 92.0 the
8384.0 14324.0 432.0 88.0 contest
8920.0 14339.0 308.0 72.0 eisew
9320.0 14320.0 108.0 96.0 In
9532.0 14320.0 188.0 96.0 the

6940.0 14439.0 392.0 92.0 senate
7376.0 14435.0 132.0 96.0 be
7592.0 14431.0 260.0 120.0 paid
7932.0 14431.0 648.0 100.0 reasonable
8664.0 14452.0 552.0 92.0 expenses
9296.0 14435.0 108.0 92.0 ot
9528.0 14439.0 188.0 92.0 tlm

6944.0 14571.0 308.0 76.0 same
7256.0 14619.0 24.0 36.0 ,
7336.0 14548.0 224.0 100.0 and
7612.0 14552.0 236.0 92.0 th.it
7900.0 14548.0 184.0 96.0 tlm
8168.0 14548.0 644.0 96.0 committee
8896.0 14568.0 144.0 76.0 on
9132.0 14540.0 600.0 124.0 piivileges

6936.0 14667.0 228.0 96.0 and
7216.0 14663.0 540.0 96.0 elections
7804.0 14659.0 388.0 104.0 decide
8240.0 14659.0 184.0 100.0 the
8472.0 14659.0 468.0 100.0 amount
9044.0 14656.0 212.0 104.0 due
9364.0 14659.0 348.0 104.0 them.

6940.0 14780.0 284.0 100.0 Lild
7276.0 14803.0 264.0 76.0 over
7604.0 14776.0 360.0 100.0 under
8008.0 14776.0 180.0 100.0 the
8228.0 14776.0 324.0 100.0 nilcs.

7056.0 14895.0 240.0 100.0 The
7344.0 14903.0 392.0 92.0 senate
7788.0 14899.0 264.0 96.0 then
8124.0 14891.0 660.0 116.0 adjourned.

7052.0 15127.0 244.0 100.0 The
7336.0 15148.0 192.0 92.0 gov
7560.0 15148.0 316.0 76.0 ornoi
7920.0 15119.0 136.0 104.0 ha
8152.0 15119.0 396.0 104.0 slimed
8588.0 15127.0 380.0 92.0 semte
9012.0 15119.0 172.0 100.0 Ille
9220.0 15123.0 52.0 96.0 4
9284.0 15196.0 24.0 44.0 ,
9372.0 15119.0 352.0 108.0 fixing

6936.0 15267.0 104.0 76.0 m
7088.0 15244.0 456.0 100.0 ixinium
7636.0 15263.0 604.0 84.0 passenger
8320.0 15244.0 292.0 96.0 rates
8700.0 15259.0 140.0 76.0 on
8936.0 15236.0 536.0 104.0 railroads
9512.0 15248.0 116.0 92.0 at
9668.0 15284.0 56.0 48.0 u

6936.0 15368.0 316.0 92.0 cents
7304.0 15384.0 192.0 84.0 per
7540.0 15351.0 288.0 108.0 mile.

7052.0 15480.0 104.0 96.0 A
7208.0 15476.0 444.0 100.0 written
7704.0 15495.0 500.0 80.0 messaco
8256.0 15476.0 280.0 96.0 from
8604.0 15468.0 188.0 104.0 the
8876.0 15495.0 548.0 92.0 governor
9532.0 15495.0 144.0 76.0 an-

6940.0 15591.0 516.0 100.0 nounced
7508.0 15595.0 236.0 96.0 that
7816.0 15595.0 108.0 92.0 in
8016.0 15587.0 676.0 104.0 accoulanco
8748.0 15587.0 268.0 96.0 with
9072.0 15587.0 184.0 100.0 the
9300.0 15591.0 376.0 104.0 piovIs

6940.0 15708.0 252.0 100.0 lens
7236.0 15708.0 120.0 96.0 of
7404.0 15727.0 140.0 76.0 an
7596.0 15712.0 180.0 92.0 act
7836.0 15704.0 560.0 120.0 approved
8464.0 15700.0 556.0 120.0 I'cbnury
9060.0 15708.0 56.0 48.0 "
9124.0 15712.0 20.0 28.0 '
9152.0 15708.0 28.0 92.0 !
9188.0 15767.0 28.0 48.0 ,
9276.0 15708.0 228.0 92.0 IVsT
9508.0 15775.0 24.0 44.0 ,
9588.0 15704.0 136.0 100.0 ho

6936.0 15823.0 216.0 100.0 hail
7208.0 15819.0 372.0 100.0 issued
7628.0 15819.0 176.0 100.0 his
7852.0 15819.0 792.0 116.0 pioclamatlon
8700.0 15815.0 576.0 116.0 declailng
9324.0 15819.0 184.0 100.0 the
9560.0 15844.0 156.0 76.0 ic-

6936.0 15936.0 228.0 100.0 sult
7204.0 15944.0 112.0 92.0 ot
7368.0 15936.0 188.0 100.0 the
7600.0 15947.0 456.0 88.0 lecount
8104.0 15936.0 120.0 96.0 of
8312.0 15944.0 308.0 92.0 votes
8664.0 15936.0 124.0 92.0 of
8828.0 15936.0 460.0 100.0 electors
9332.0 15959.0 140.0 76.0 on
9536.0 15940.0 184.0 96.0 the

6936.0 16051.0 620.0 120.0 legislative
7632.0 16051.0 716.0 100.0 amendment
8364.0 16120.0 24.0 40.0 ,
8448.0 16047.0 360.0 100.0 which
8900.0 16051.0 180.0 100.0 the
9168.0 16060.0 528.0 116.0 sprretarj

6936.0 16172.0 296.0 100.0 lead.
7360.0 16172.0 336.0 96.0 Alter
7740.0 16168.0 436.0 100.0 iccitlni
8176.0 16191.0 40.0 72.0 !
8268.0 16164.0 188.0 100.0 the
8520.0 16187.0 376.0 80.0 moves
8948.0 16164.0 320.0 104.0 made
9312.0 16172.0 176.0 96.0 tor
9532.0 16172.0 188.0 96.0 the-

6936.0 16312.0 80.0 72.0 n
7056.0 16288.0 552.0 116.0 counting
7652.0 16283.0 124.0 96.0 of
7824.0 16283.0 184.0 100.0 the
8056.0 16279.0 400.0 104.0 ballots
8520.0 16283.0 224.0 100.0 and
8832.0 16283.0 184.0 96.0 the
9096.0 16283.0 344.0 100.0 result
9520.0 16283.0 140.0 100.0 ob-

6932.0 16404.0 388.0 96.0 tained
7368.0 16400.0 456.0 120.0 thcieby
7832.0 16472.0 24.0 44.0 ,
7912.0 16400.0 224.0 100.0 and
8184.0 16396.0 392.0 116.0 giving
8632.0 16396.0 184.0 100.0 the
8860.0 16407.0 452.0 92.0 context
9364.0 16404.0 124.0 92.0 of
9532.0 16404.0 188.0 96.0 the

6932.0 16515.0 728.0 104.0 amendment
7668.0 16588.0 20.0 32.0 ,
7804.0 16515.0 188.0 96.0 the
8112.0 16511.0 644.0 116.0 goveinoi's
8868.0 16540.0 496.0 92.0 messige
9464.0 16540.0 204.0 76.0 con-

6928.0 16632.0 384.0 104.0 cludes
7356.0 16660.0 120.0 72.0 as
7528.0 16632.0 444.0 100.0 follows
8000.0 16651.0 24.0 80.0 :
8080.0 16635.0 68.0 44.0 "
8156.0 16635.0 168.0 116.0 15y
8376.0 16628.0 512.0 100.0 vlrtueof
8932.0 16632.0 784.0 108.0 theauthoritv

6932.0 16752.0 112.0 96.0 In
7104.0 16775.0 172.0 72.0 nm
7324.0 16748.0 380.0 100.0 vested
7788.0 16748.0 136.0 120.0 by
8012.0 16743.0 188.0 104.0 the
8296.0 16748.0 172.0 96.0 act
8480.0 16816.0 24.0 48.0 ,
8556.0 16748.0 556.0 116.0 approved
9172.0 16743.0 548.0 124.0 IVbiuaiy

6920.0 16871.0 120.0 88.0 2-t
7048.0 16940.0 24.0 44.0 ,
7120.0 16867.0 228.0 92.0 Ibii"
7352.0 16936.0 24.0 36.0 ,
7444.0 16864.0 32.0 100.0 I
7532.0 16864.0 140.0 96.0 do
7720.0 16860.0 404.0 116.0 lieioby
8232.0 16856.0 292.0 104.0 Issue
8612.0 16860.0 228.0 104.0 this
8888.0 16883.0 184.0 100.0 my
9116.0 16864.0 556.0 120.0 pioclama

6928.0 16980.0 228.0 100.0 tlon
7172.0 17051.0 24.0 44.0 ,
7252.0 16980.0 224.0 100.0 and
7524.0 16980.0 144.0 100.0 do
7716.0 16975.0 404.0 120.0 hereby
8160.0 16975.0 436.0 100.0 deelnie
8668.0 16975.0 232.0 100.0 that
8996.0 16975.0 184.0 104.0 the
9268.0 16980.0 404.0 100.0 amend-

6928.0 17107.0 308.0 92.0 ment
7284.0 17095.0 420.0 100.0 known
7756.0 17120.0 124.0 72.0 as
7928.0 17099.0 184.0 96.0 the
8192.0 17095.0 536.0 116.0 pioposed
8816.0 17092.0 728.0 104.0 amendment
9596.0 17107.0 112.0 88.0 to

6924.0 17220.0 184.0 92.0 the
7152.0 17212.0 736.0 104.0 constitution
7900.0 17283.0 24.0 44.0 ,
8032.0 17208.0 480.0 120.0 relating
8588.0 17216.0 112.0 92.0 to
8812.0 17216.0 184.0 92.0 tlio
9088.0 17212.0 624.0 104.0 legislative

6920.0 17331.0 704.0 108.0 department
7636.0 17400.0 24.0 40.0 ,
7720.0 17352.0 228.0 76.0 was
7996.0 17312.0 476.0 136.0 adopted
8528.0 17327.0 112.0 112.0 bj
8712.0 17352.0 68.0 72.0 a
8824.0 17316.0 504.0 128.0 majo'iltv
9400.0 17331.0 116.0 96.0 ot
9564.0 17327.0 144.0 100.0 all

6920.0 17444.0 184.0 104.0 the
7160.0 17456.0 300.0 92.0 votes
7508.0 17448.0 236.0 100.0 cast
7788.0 17448.0 116.0 96.0 at
7948.0 17440.0 240.0 104.0 said
8236.0 17440.0 464.0 100.0 election
8720.0 17511.0 24.0 48.0 ,
8792.0 17440.0 920.0 124.0 andldolieieby

6916.0 17588.0 600.0 76.0 announce
7612.0 17571.0 220.0 88.0 and
7924.0 17555.0 432.0 104.0 declare
8444.0 17555.0 188.0 100.0 the
8696.0 17555.0 236.0 100.0 said
8988.0 17559.0 728.0 100.0 amendment

6916.0 17680.0 348.0 100.0 above
7316.0 17676.0 412.0 100.0 recited
7784.0 17680.0 108.0 92.0 to
7984.0 17672.0 128.0 100.0 bo
8196.0 17672.0 476.0 120.0 adopted
8688.0 17743.0 24.0 36.0 ,
8768.0 17672.0 220.0 100.0 and
9044.0 17672.0 96.0 100.0 Is
9184.0 17699.0 60.0 72.0 a
9300.0 17680.0 244.0 116.0 part
9592.0 17684.0 116.0 92.0 ot

6916.0 17795.0 184.0 100.0 the
7148.0 17795.0 736.0 104.0 constitution
7932.0 17791.0 120.0 96.0 ot
8104.0 17787.0 188.0 104.0 the
8336.0 17799.0 284.0 92.0 state
8664.0 17791.0 116.0 96.0 ot
8832.0 17787.0 612.0 108.0 NebiasKa.
9464.0 17791.0 64.0 56.0 "

8116.0 18084.0 124.0 92.0 iii
8300.0 18084.0 228.0 92.0 tlio
8576.0 18079.0 488.0 96.0 Hnitsn.

7028.0 18224.0 564.0 100.0 LINCOLN
7604.0 18291.0 24.0 48.0 ,
7676.0 18220.0 280.0 104.0 Neb.
7972.0 18291.0 28.0 44.0 ,
8096.0 18215.0 384.0 104.0 March
8564.0 18220.0 88.0 100.0 2.
8804.0 18228.0 20.0 104.0 (
8852.0 18215.0 436.0 124.0 Special
9380.0 18215.0 276.0 104.0 Tele-

6908.0 18391.0 312.0 92.0 gram
7272.0 18368.0 112.0 96.0 to
7432.0 18364.0 188.0 100.0 the
7672.0 18360.0 368.0 124.0 ULK.J
8184.0 18360.0 208.0 100.0 Mr.
8440.0 18355.0 472.0 104.0 Havden
8960.0 18355.0 124.0 104.0 of
9128.0 18360.0 388.0 100.0 Saline
9556.0 18360.0 108.0 100.0 in-

6908.0 18504.0 536.0 104.0 troduced
7484.0 18504.0 116.0 104.0 in
7652.0 18504.0 192.0 100.0 tlio
7908.0 18504.0 344.0 100.0 house
8304.0 18527.0 64.0 76.0 a
8444.0 18500.0 300.0 124.0 joint
8808.0 18500.0 612.0 108.0 lesolutlon
9472.0 18500.0 240.0 104.0 that

6908.0 18648.0 180.0 100.0 for
7124.0 18648.0 188.0 100.0 the
7360.0 18644.0 232.0 104.0 first
7640.0 18648.0 296.0 112.0 forty
7980.0 18644.0 432.0 112.0 davsol
8468.0 18644.0 188.0 100.0 the
8684.0 18644.0 440.0 100.0 session
9172.0 18667.0 540.0 100.0 norepie-

6908.0 18788.0 560.0 104.0 senta'.ive
7516.0 18784.0 92.0 104.0 is
7656.0 18788.0 116.0 100.0 to
7820.0 18784.0 424.0 104.0 lecelvo
8292.0 18811.0 300.0 76.0 more
8636.0 18788.0 276.0 100.0 than
8960.0 18788.0 136.0 100.0 S.5
9136.0 18815.0 64.0 72.0 a
9264.0 18784.0 224.0 124.0 day
9536.0 18784.0 176.0 100.0 for

6912.0 18932.0 176.0 100.0 his
7132.0 18932.0 508.0 104.0 services.
7828.0 18924.0 240.0 108.0 The
8152.0 18924.0 604.0 108.0 resolution
8876.0 18956.0 224.0 76.0 was
9208.0 18928.0 496.0 104.0 received

6912.0 19071.0 268.0 104.0 with
7224.0 19071.0 324.0 124.0 jecis.

7024.0 19215.0 244.0 100.0 'llio
7372.0 19215.0 344.0 100.0 house
7824.0 19232.0 300.0 84.0 went
8232.0 19211.0 244.0 104.0 Into
8548.0 19215.0 636.0 104.0 committee
9288.0 19215.0 124.0 100.0 of
9516.0 19211.0 192.0 104.0 the

6908.0 19355.0 360.0 104.0 whole
7312.0 19380.0 144.0 76.0 on
7512.0 19355.0 192.0 104.0 the
7752.0 19355.0 688.0 124.0 prohibitory
8488.0 19351.0 728.0 104.0 amendment
9280.0 19351.0 224.0 104.0 and
9552.0 19376.0 148.0 80.0 on

6908.0 19495.0 424.0 108.0 motion
7388.0 19499.0 120.0 100.0 of
7548.0 19495.0 212.0 108.0 Mr.
7824.0 19495.0 472.0 104.0 Kandall
8344.0 19499.0 124.0 96.0 of
8512.0 19495.0 272.0 124.0 Clay
8836.0 19495.0 140.0 120.0 by
9024.0 19524.0 64.0 76.0 a
9136.0 19503.0 248.0 96.0 vote
9428.0 19495.0 124.0 100.0 of
9592.0 19499.0 116.0 92.0 40

6908.0 19643.0 116.0 100.0 to
7076.0 19648.0 24.0 88.0 !
7108.0 19643.0 32.0 88.0 !
7140.0 19643.0 52.0 92.0 4
7204.0 19715.0 24.0 36.0 ,
7284.0 19643.0 184.0 96.0 the
7536.0 19635.0 728.0 108.0 amendment
8328.0 19660.0 232.0 84.0 was
8604.0 19635.0 508.0 112.0 reported
9204.0 19639.0 112.0 100.0 to
9404.0 19635.0 296.0 104.0 third

6908.0 19779.0 516.0 120.0 reading.

7024.0 19924.0 244.0 104.0 The
7432.0 19924.0 632.0 104.0 committee
8168.0 19947.0 148.0 80.0 on
8432.0 19924.0 440.0 104.0 finance
8876.0 19999.0 24.0 44.0 ,
9076.0 19951.0 308.0 96.0 wajs
9472.0 19924.0 228.0 108.0 and

6916.0 20095.0 384.0 80.0 means
7352.0 20072.0 504.0 116.0 reported
7904.0 20068.0 248.0 104.0 bills
8196.0 20072.0 180.0 96.0 4V1
8424.0 20091.0 240.0 100.0 prov
8704.0 20068.0 312.0 120.0 idlng
9060.0 20068.0 416.0 120.0 SVi.OOO
9524.0 20076.0 176.0 96.0 tor

6912.0 20239.0 212.0 96.0 pay
7172.0 20219.0 108.0 92.0 ot
7368.0 20212.0 548.0 100.0 members
7960.0 20208.0 224.0 104.0 and
8232.0 20212.0 572.0 120.0 emplojos
8812.0 20287.0 20.0 40.0 ,
8888.0 20208.0 228.0 104.0 and
9204.0 20212.0 172.0 100.0 4S4
9388.0 20283.0 24.0 52.0 ,
9464.0 20235.0 240.0 100.0 pio-

6904.0 20356.0 392.0 104.0 vldiiiL'
7344.0 20359.0 412.0 108.0 j.n.OOU
7808.0 20359.0 168.0 96.0 tor
8028.0 20352.0 612.0 108.0 incidental
8692.0 20379.0 584.0 92.0 expenses.

7012.0 20499.0 244.0 100.0 The
7304.0 20495.0 640.0 104.0 committee
8028.0 20519.0 144.0 76.0 on
8280.0 20492.0 560.0 124.0 judiciary
8940.0 20495.0 512.0 120.0 reported
9496.0 20495.0 192.0 104.0 tlio

6916.0 20639.0 888.0 108.0 Dimhacharter
7880.0 20635.0 268.0 104.0 with
8232.0 20664.0 68.0 72.0 a
8360.0 20635.0 1024.0 104.0 recommendation
9440.0 20635.0 244.0 104.0 that

6916.0 20783.0 68.0 104.0 it
7032.0 20812.0 256.0 100.0 pass
7336.0 20808.0 120.0 76.0 as
7524.0 20779.0 588.0 108.0 amended.

7012.0 20923.0 908.0 104.0 Mi.Vhltmore
7964.0 20919.0 652.0 108.0 disclaimed
8668.0 20948.0 228.0 100.0 any
8964.0 20923.0 376.0 104.0 Intent
9388.0 20927.0 116.0 100.0 to
9548.0 20948.0 116.0 80.0 re

6932.0 21071.0 212.0 104.0 lect
7216.0 21095.0 292.0 96.0 upon
7600.0 21080.0 192.0 92.0 the
7872.0 21063.0 556.0 128.0 judiciaiy
8516.0 21067.0 636.0 104.0 committee
9160.0 21139.0 24.0 52.0 ,
9304.0 21071.0 188.0 96.0 but
9580.0 21095.0 124.0 72.0 ns

6916.0 21216.0 72.0 100.0 It
7348.0 21239.0 228.0 76.0 was
7936.0 21207.0 568.0 108.0 advisable
8908.0 21207.0 244.0 104.0 that
9520.0 21212.0 184.0 100.0 the

6904.0 21327.0 356.0 120.0 Dougl
7304.0 21360.0 92.0 72.0 is
7696.0 21327.0 636.0 120.0 delegation
8704.0 21323.0 396.0 104.0 should
9352.0 21323.0 344.0 104.0 know

6916.0 21452.0 100.0 100.0 In
7132.0 21448.0 300.0 104.0 what
7536.0 21471.0 480.0 76.0 manner
8120.0 21448.0 188.0 96.0 the
8472.0 21444.0 448.0 104.0 chaiter
9076.0 21439.0 216.0 104.0 had
9424.0 21444.0 272.0 100.0 been

6900.0 21563.0 548.0 104.0 amended
7504.0 21563.0 136.0 120.0 by
7680.0 21563.0 188.0 100.0 the
7952.0 21544.0 592.0 160.0 judiciaiy.
8604.0 21559.0 136.0 100.0 he
8788.0 21563.0 396.0 100.0 moved
9240.0 21559.0 84.0 100.0 It
9368.0 21559.0 140.0 100.0 be
9556.0 21584.0 152.0 76.0 to-

6904.0 21680.0 360.0 100.0 toned
7316.0 21703.0 112.0 76.0 to
7472.0 21707.0 64.0 72.0 a
7580.0 21680.0 416.0 120.0 special
8084.0 21684.0 640.0 96.0 committee
8732.0 21751.0 24.0 48.0 ,
8848.0 21676.0 644.0 124.0 consisting
9572.0 21684.0 104.0 92.0 ol

6900.0 21803.0 188.0 92.0 tlio
7132.0 21795.0 636.0 116.0 delegation
7820.0 21799.0 288.0 96.0 Irom
8176.0 21791.0 520.0 116.0 Douglub.

7020.0 21912.0 208.0 100.0 Mi.
7316.0 21908.0 588.0 104.0 Itussellof
7948.0 21908.0 400.0 104.0 Coltux
8416.0 21923.0 492.0 108.0 ojiposeit
8996.0 21908.0 188.0 100.0 the
9276.0 21931.0 360.0 80.0 recom-

6904.0 22023.0 652.0 104.0 mendation
7612.0 22048.0 140.0 76.0 on
7816.0 22023.0 184.0 100.0 the
8040.0 22023.0 436.0 116.0 ground
8564.0 22023.0 236.0 100.0 that
8880.0 22023.0 188.0 100.0 tlm
9152.0 22023.0 556.0 120.0 judiciaiy

6900.0 22140.0 640.0 100.0 committee
7576.0 22140.0 212.0 100.0 hnd
7856.0 22140.0 556.0 120.0 carefully
8484.0 22140.0 660.0 100.0 considered
9184.0 22144.0 180.0 96.0 the
9404.0 22151.0 128.0 92.0 cli
9576.0 22163.0 76.0 76.0 li-

6904.0 22263.0 172.0 92.0 ter
7120.0 22255.0 224.0 100.0 and
7412.0 22255.0 536.0 136.0 depilved
8020.0 22255.0 84.0 104.0 It
8168.0 22255.0 116.0 96.0 of
8352.0 22280.0 308.0 76.0 sonio
8708.0 22255.0 112.0 96.0 ot
8880.0 22255.0 140.0 100.0 its
9072.0 22272.0 640.0 84.0 monstrous

6912.0 22376.0 524.0 96.0 features.
7564.0 22351.0 244.0 120.0 The
7856.0 22372.0 568.0 100.0 reference
8472.0 22368.0 340.0 104.0 asked
8872.0 22372.0 156.0 100.0 tut
9092.0 22395.0 228.0 80.0 was
9356.0 22376.0 116.0 96.0 In
9520.0 22372.0 188.0 100.0 the

6912.0 22487.0 464.0 100.0 interest
7420.0 22504.0 116.0 80.0 ot
7588.0 22487.0 444.0 96.0 outside
8084.0 22487.0 440.0 104.0 paitles.

7028.0 22600.0 200.0 104.0 Mr.
7280.0 22600.0 244.0 120.0 Smj
7556.0 22604.0 120.0 100.0 th
7708.0 22604.0 124.0 96.0 of
7868.0 22600.0 488.0 120.0 Douglas
8388.0 22596.0 656.0 108.0 Intioduced
9076.0 22627.0 60.0 72.0 a
9168.0 22600.0 352.0 104.0 minoi
9548.0 22600.0 156.0 120.0 Ity

6908.0 22723.0 360.0 100.0 report
7288.0 22788.0 24.0 44.0 ,
7364.0 22723.0 188.0 92.0 the
7596.0 22715.0 472.0 116.0 reading
8108.0 22723.0 112.0 92.0 ol
8276.0 22715.0 364.0 100.0 which
8716.0 22744.0 228.0 72.0 was
9040.0 22715.0 620.0 116.0 positioned
9668.0 22788.0 24.0 32.0 ,

6924.0 22832.0 164.0 100.0 lie
7136.0 22832.0 236.0 104.0 said
7444.0 22832.0 188.0 100.0 the
7684.0 22832.0 564.0 100.0 tefeienco
8296.0 22836.0 112.0 96.0 to
8456.0 22836.0 188.0 100.0 the
8696.0 22832.0 488.0 100.0 Douglas
9272.0 22836.0 392.0 100.0 delega-

6908.0 22951.0 236.0 96.0 tion
7244.0 22943.0 368.0 108.0 would
7680.0 22972.0 264.0 80.0 save
8024.0 22943.0 188.0 108.0 the
8288.0 22947.0 344.0 100.0 house
8716.0 22975.0 68.0 72.0 a
8864.0 22947.0 284.0 116.0 good
9240.0 22947.0 252.0 104.0 deal
9580.0 22955.0 116.0 96.0 ot

6908.0 23067.0 300.0 100.0 time.

6908.0 23067.0 300.0 216.0 time.Mr.
7208.0 23251.0 28.0 32.0 .
7280.0 23175.0 416.0 128.0 Kenny
7728.0 23179.0 124.0 96.0 of
7904.0 23175.0 504.0 108.0 Webster
8452.0 23179.0 440.0 100.0 wanted
8932.0 23183.0 188.0 96.0 the
9148.0 23179.0 556.0 104.0 amended

6904.0 23296.0 188.0 104.0 bill
7148.0 23299.0 480.0 112.0 printed.

7024.0 23411.0 204.0 104.0 Mr.
7284.0 23411.0 364.0 100.0 hlatcr
7712.0 23407.0 124.0 104.0 of
7892.0 23403.0 428.0 112.0 Wavno
8388.0 23407.0 548.0 128.0 violently
8980.0 23411.0 492.0 128.0 opposed
9512.0 23411.0 188.0 104.0 the

6904.0 23527.0 600.0 104.0 reference.

7024.0 23639.0 180.0 104.0 Mr
7312.0 23639.0 464.0 104.0 Watson
7828.0 23639.0 124.0 100.0 of
8024.0 23639.0 280.0 100.0 Otoo
8392.0 23647.0 468.0 100.0 thought
8948.0 23643.0 188.0 104.0 the
9212.0 23643.0 488.0 116.0 Douglas

6912.0 23755.0 548.0 104.0 members
7528.0 23755.0 352.0 100.0 ouirht
7928.0 23763.0 112.0 92.0 to
8128.0 23755.0 336.0 104.0 know
8536.0 23763.0 296.0 96.0 what
8896.0 23759.0 188.0 100.0 thu
9144.0 23759.0 556.0 104.0 amended

6904.0 23875.0 440.0 100.0 charter
7384.0 23871.0 604.0 104.0 contained
8036.0 23871.0 372.0 104.0 before
8476.0 23871.0 84.0 108.0 It
8644.0 23899.0 312.0 80.0 camu
9032.0 23875.0 380.0 104.0 before
9504.0 23880.0 192.0 104.0 the

6916.0 23991.0 368.0 100.0 house.

7028.0 24103.0 220.0 108.0 Mr.
7368.0 24099.0 264.0 108.0 Kief
7756.0 24103.0 124.0 100.0 of
7992.0 24099.0 256.0 108.0 Hall
8360.0 24103.0 240.0 104.0 said
8708.0 24131.0 124.0 72.0 ns
8936.0 24103.0 188.0 104.0 the
9264.0 24103.0 440.0 112.0 charter

6908.0 24215.0 216.0 108.0 had
7180.0 24219.0 272.0 104.0 been
7504.0 24219.0 340.0 104.0 taken
7944.0 24223.0 288.0 100.0 fiom
8324.0 24219.0 188.0 104.0 the
8612.0 24219.0 316.0 104.0 cities
9040.0 24223.0 224.0 100.0 and
9316.0 24227.0 372.0 104.0 towns

6904.0 24340.0 604.0 100.0 conimlttct
7508.0 24363.0 32.0 72.0 )
7580.0 24340.0 84.0 96.0 it
7720.0 24363.0 224.0 76.0 was
8056.0 24348.0 196.0 92.0 not
8344.0 24335.0 292.0 120.0 right
8736.0 24363.0 128.0 76.0 or
8932.0 24340.0 220.0 100.0 fair
9256.0 24340.0 244.0 104.0 that
9612.0 24344.0 92.0 100.0 It

6908.0 24451.0 396.0 104.0 should
7408.0 24475.0 312.0 80.0 come
7832.0 24451.0 380.0 100.0 befoio
8312.0 24455.0 192.0 100.0 tlm
8608.0 24451.0 344.0 104.0 house
9056.0 24455.0 292.0 104.0 until
9504.0 24455.0 196.0 108.0 the

6912.0 24567.0 488.0 124.0 Douglas
7496.0 24572.0 424.0 112.0 county
8048.0 24567.0 636.0 104.0 delegation
8800.0 24567.0 212.0 104.0 had
9124.0 24572.0 272.0 100.0 been
9512.0 24603.0 140.0 72.0 en-

6904.0 24683.0 316.0 104.0 abled
7276.0 24695.0 112.0 92.0 to
7440.0 24691.0 284.0 96.0 meet
7776.0 24695.0 184.0 92.0 tlio
8048.0 24683.0 620.0 124.0 objections
8756.0 24687.0 240.0 100.0 Unit
9088.0 24687.0 364.0 104.0 would
9564.0 24695.0 136.0 96.0 bo

6908.0 24800.0 320.0 104.0 made
7276.0 24808.0 112.0 96.0 to
7436.0 24800.0 112.0 104.0 It.

7028.0 24915.0 216.0 104.0 Mr.
7324.0 24915.0 364.0 104.0 Slater
7728.0 24915.0 244.0 104.0 said
8020.0 24915.0 236.0 104.0 that
8304.0 24911.0 148.0 108.0 all
8540.0 24911.0 188.0 104.0 the
8824.0 24911.0 496.0 124.0 Douglas
9368.0 24940.0 288.0 80.0 mem-

6916.0 25027.0 236.0 108.0 bers
7220.0 25032.0 216.0 104.0 had
7488.0 25036.0 272.0 96.0 been
7816.0 25032.0 372.0 100.0 before
8276.0 25036.0 184.0 96.0 the
8504.0 25036.0 636.0 100.0 committee
9188.0 25036.0 224.0 104.0 and
9460.0 25036.0 176.0 100.0 dis-

6904.0 25155.0 392.0 96.0 cussed
7344.0 25147.0 84.0 100.0 It
7476.0 25147.0 264.0 104.0 with
7792.0 25147.0 348.0 104.0 them.

7020.0 25264.0 220.0 104.0 Mr.
7300.0 25264.0 372.0 100.0 Miller
7760.0 25268.0 124.0 96.0 of
7956.0 25260.0 380.0 108.0 Duller
8388.0 25268.0 452.0 104.0 favored
8892.0 25264.0 184.0 104.0 the
9120.0 25268.0 580.0 104.0 reference

6908.0 25379.0 476.0 100.0 because
7436.0 25375.0 84.0 104.0 It
7572.0 25404.0 224.0 76.0 was
7836.0 25383.0 276.0 116.0 just.

7020.0 25496.0 204.0 104.0 Mr.
7288.0 25492.0 372.0 104.0 Fuller
7700.0 25496.0 120.0 96.0 of
7888.0 25500.0 36.0 92.0 (
7940.0 25496.0 32.0 96.0 !
7988.0 25519.0 200.0 88.0 ago
8236.0 25496.0 476.0 124.0 thought
8756.0 25496.0 188.0 104.0 tlm
8992.0 25496.0 704.0 124.0 reposition

6904.0 25632.0 240.0 80.0 was
7208.0 25628.0 664.0 84.0 monstrous.

7024.0 25724.0 208.0 104.0 Mr.
7284.0 25724.0 536.0 104.0 Helmrod
7868.0 25731.0 112.0 96.0 ot
8040.0 25724.0 492.0 120.0 Douglas
8572.0 25728.0 244.0 100.0 wild
8860.0 25728.0 192.0 108.0 the
9096.0 25728.0 224.0 120.0 city
9368.0 25731.0 336.0 100.0 attor-

6916.0 25864.0 208.0 96.0 uey
7164.0 25839.0 224.0 104.0 and
7436.0 25843.0 520.0 108.0 englneei
8008.0 25847.0 120.0 96.0 of
8164.0 25843.0 428.0 104.0 Omaha
8636.0 25868.0 288.0 76.0 were
8976.0 25860.0 448.0 100.0 present
9468.0 25847.0 232.0 100.0 and

6904.0 25960.0 136.0 100.0 ho
7084.0 25956.0 444.0 104.0 wanted
7572.0 25956.0 300.0 104.0 them
7924.0 25971.0 108.0 88.0 to
8080.0 25956.0 584.0 120.0 enlighten
8712.0 25960.0 184.0 104.0 the
8928.0 25956.0 348.0 108.0 house
9320.0 25983.0 148.0 76.0 on
9508.0 25963.0 192.0 96.0 the

6900.0 26071.0 488.0 104.0 charter.

7020.0 26188.0 752.0 104.0 'Iheoteon
7912.0 26211.0 28.0 44.0 >
7952.0 26188.0 444.0 104.0 forrnce
8488.0 26215.0 224.0 76.0 was
8768.0 26203.0 332.0 92.0 taKen
9176.0 26188.0 232.0 104.0 and
9448.0 26215.0 188.0 80.0 car-

6904.0 26299.0 232.0 104.0 ried
7184.0 26303.0 140.0 112.0 by
7368.0 26307.0 120.0 92.0 4'i
7532.0 26303.0 176.0 100.0 to'

7016.0 26419.0 244.0 100.0 The
7316.0 26416.0 380.0 108.0 Llncol
8068.0 26423.0 232.0 100.0 rtrr
8352.0 26447.0 228.0 76.0 was
8688.0 26419.0 324.0 108.0 made
9112.0 26447.0 68.0 76.0 a
9280.0 26416.0 416.0 132.0 special

6920.0 26535.0 332.0 100.0 order
7308.0 26543.0 176.0 92.0 tor
7524.0 26535.0 248.0 100.0 70
7616.0 26559.0 28.0 76.0 :
7652.0 26539.0 24.0 88.0 !
7996.0 26535.0 348.0 104.0 nlirht.

7020.0 26648.0 244.0 104.0 The
7308.0 26651.0 912.0 108.0 apportionment
8268.0 26651.0 192.0 104.0 bill
8516.0 26679.0 228.0 72.0 was
8804.0 26651.0 396.0 112.0 .under
9236.0 26648.0 392.0 108.0 consid-

6900.0 26767.0 428.0 100.0 eration
7384.0 26767.0 176.0 100.0 for
7600.0 26767.0 192.0 100.0 the
7828.0 26767.0 228.0 104.0 lirst
8108.0 26767.0 272.0 104.0 time
8432.0 26771.0 116.0 104.0 In
8596.0 26771.0 644.0 100.0 coaimittpu
9284.0 26767.0 128.0 96.0 of
9496.0 26771.0 196.0 96.0 thu

6908.0 26879.0 356.0 104.0 whole
7308.0 26887.0 228.0 96.0 and
7584.0 26883.0 264.0 100.0 then
7900.0 26887.0 660.0 120.0 postponed.
8684.0 26883.0 708.0 120.0 Adjourned.

7620.0 27019.0 136.0 80.0 Al
7820.0 27016.0 564.0 84.0 IKII.VOON
8460.0 27012.0 520.0 92.0 Sl.gKllIN.

7020.0 27111.0 280.0 104.0 This
7348.0 27139.0 228.0 76.0 was
7628.0 27119.0 192.0 96.0 the
7868.0 27111.0 456.0 104.0 lor'.it'th
8372.0 27111.0 220.0 104.0 dav
8684.0 27115.0 120.0 100.0 of
8908.0 27111.0 192.0 104.0 the
9204.0 27108.0 432.0 108.0 session
9656.0 27183.0 24.0 48.0 ,

6916.0 27227.0 176.0 100.0 Iho
7128.0 27227.0 208.0 104.0 last
7388.0 27251.0 144.0 80.0 on
7596.0 27227.0 360.0 104.0 which
8008.0 27231.0 256.0 100.0 bills
8308.0 27251.0 204.0 80.0 can
8564.0 27227.0 136.0 100.0 bo
8744.0 27227.0 664.0 104.0 Introduced
9496.0 27227.0 192.0 100.0 the

6900.0 27351.0 452.0 112.0 present
7396.0 27355.0 472.0 96.0 session.
8000.0 27351.0 164.0 96.0 As
8212.0 27371.0 64.0 72.0 a
8344.0 27367.0 772.0 100.0 consequence
9124.0 27415.0 28.0 36.0 ,
9264.0 27343.0 424.0 108.0 several

6916.0 27463.0 532.0 100.0 members
7492.0 27455.0 432.0 108.0 availed
8016.0 27459.0 672.0 104.0 themselves
8792.0 27459.0 120.0 100.0 of
9020.0 27455.0 184.0 104.0 the
9308.0 27483.0 348.0 100.0 oppor-

6916.0 27583.0 360.0 108.0 tunity
7284.0 27647.0 28.0 36.0 ,
7368.0 27575.0 432.0 120.0 shortly
7848.0 27583.0 292.0 92.0 alter
8192.0 27571.0 184.0 104.0 the
8424.0 27571.0 504.0 120.0 opening
9012.0 27575.0 124.0 100.0 of
9220.0 27571.0 192.0 104.0 the
9532.0 27583.0 164.0 92.0 at-

6916.0 27704.0 452.0 88.0 lernoon
7428.0 27691.0 432.0 100.0 M'ssiuu
7920.0 27700.0 184.0 92.0 lor
8144.0 27691.0 184.0 100.0 tlio
8440.0 27687.0 764.0 108.0 introduction
9316.0 27687.0 120.0 108.0 of
9500.0 27695.0 196.0 100.0 thu

6916.0 27803.0 576.0 112.0 following
7540.0 27807.0 256.0 100.0 bills
7820.0 27827.0 28.0 76.0 :

7024.0 27919.0 176.0 120.0 Uy
7252.0 27932.0 196.0 92.0 Mr.
7516.0 27915.0 468.0 108.0 Ilavdcn
8112.0 27915.0 172.0 108.0 To
8336.0 27919.0 456.0 108.0 urovldo
8844.0 27919.0 176.0 104.0 for
9104.0 27919.0 192.0 108.0 the
9404.0 27923.0 284.0 112.0 pub-

6892.0 28031.0 460.0 116.0 licailou
7400.0 28035.0 232.0 112.0 aud
7672.0 28035.0 728.0 112.0 dUlrlUutUm
8448.0 28039.0 112.0 108.0 lu
8616.0 28035.0 572.0 136.0 pamphlet
9232.0 28039.0 292.0 108.0 form
9568.0 28039.0 128.0 112.0 of

9940.0 2768.0 64.0 72.0 n
10052.0 2736.0 192.0 108.0 list
10288.0 2740.0 124.0 100.0 of
10456.0 2732.0 144.0 112.0 all
10688.0 2736.0 392.0 108.0 claims
11188.0 2748.0 64.0 92.0 c
11336.0 2732.0 108.0 108.0 ld
11488.0 2740.0 284.0 104.0 from
11824.0 2764.0 472.0 92.0 moncjs
12340.0 2752.0 344.0 104.0 appro-

9944.0 2860.0 432.0 120.0 priated
10428.0 2856.0 140.0 136.0 by
10612.0 2856.0 348.0 104.0 house
11004.0 2844.0 156.0 108.0 nil
11180.0 2848.0 32.0 100.0 !
11256.0 2852.0 116.0 96.0 83
11412.0 2868.0 224.0 92.0 and
11680.0 2868.0 72.0 88.0 &
11751.0 2864.0 40.0 92.0 1
11872.0 2860.0 124.0 96.0 of
12084.0 2856.0 188.0 100.0 the
12376.0 2856.0 296.0 96.0 twen-

9944.0 2972.0 276.0 104.0 tieth
10268.0 2960.0 428.0 116.0 session
10752.0 2976.0 124.0 100.0 of
10924.0 2964.0 184.0 108.0 the
11156.0 2964.0 636.0 116.0 lejlslatiiro
11895.0 2968.0 124.0 108.0 of
12124.0 2964.0 364.0 108.0 Nebia
12564.0 2964.0 148.0 100.0 ka

9944.0 3088.0 220.0 100.0 and
10216.0 3092.0 112.0 100.0 to
10376.0 3088.0 328.0 104.0 make
10752.0 3080.0 824.0 132.0 appropriation
11636.0 3092.0 180.0 100.0 for
11900.0 3092.0 188.0 100.0 the
12180.0 3088.0 540.0 120.0 pajincnt

9940.0 3204.0 124.0 100.0 of
10112.0 3204.0 188.0 104.0 the
10340.0 3228.0 492.0 100.0 expense
10884.0 3200.0 456.0 104.0 thereof.

10068.0 3316.0 168.0 120.0 Hy
10284.0 3316.0 204.0 108.0 Mr.
10544.0 3320.0 328.0 108.0 Craig
10996.0 3312.0 164.0 104.0 To
11200.0 3316.0 404.0 108.0 amend
11652.0 3316.0 384.0 108.0 article
12096.0 3320.0 92.0 104.0 fl.
12287.0 3308.0 420.0 108.0 section

9944.0 3436.0 84.0 108.0 S.
10080.0 3436.0 460.0 124.0 chapter
10588.0 3440.0 108.0 92.0 17
10699.0 3508.0 24.0 40.0 ,
10776.0 3424.0 544.0 116.0 complied
11368.0 3440.0 472.0 100.0 statutes
11884.0 3440.0 124.0 100.0 of
12096.0 3428.0 616.0 108.0 Ncbiaska.

9944.0 3548.0 476.0 108.0 entitled
10472.0 3552.0 604.0 104.0 "Counties
11088.0 3616.0 28.0 48.0 ,
11172.0 3544.0 436.0 120.0 County
11704.0 3548.0 704.0 112.0 Boundaries
12492.0 3540.0 224.0 112.0 and

9948.0 3668.0 440.0 112.0 County
10436.0 3664.0 364.0 108.0 Seats.
10824.0 3664.0 72.0 60.0 "

10072.0 3780.0 244.0 124.0 Hy.
10292.0 3780.0 192.0 112.0 Mr.
10552.0 3784.0 368.0 104.0 Fuller
11036.0 3776.0 168.0 104.0 To
11288.0 3780.0 404.0 108.0 amend
11800.0 3780.0 424.0 112.0 section
12344.0 3784.0 112.0 96.0 15
12460.0 3852.0 24.0 48.0 ,
12600.0 3780.0 124.0 100.0 of

9940.0 3896.0 464.0 124.0 chapter
10512.0 3908.0 120.0 88.0 so
10636.0 3976.0 20.0 40.0 ,
10776.0 3888.0 468.0 112.0 entitled
11364.0 3900.0 468.0 104.0 "School
11952.0 3896.0 376.0 112.0 Lands
12492.0 3896.0 228.0 100.0 and

9952.0 4012.0 412.0 108.0 Funds.
10380.0 4008.0 68.0 64.0 "
10492.0 4024.0 124.0 92.0 of
10660.0 4016.0 188.0 104.0 the
10888.0 4004.0 544.0 128.0 compiled
11483.0 4024.0 472.0 96.0 statutes
11999.0 4028.0 120.0 92.0 of
12176.0 4016.0 184.0 104.0 the
12428.0 4016.0 292.0 100.0 state

9948.0 4132.0 124.0 100.0 of
10120.0 4128.0 604.0 108.0 Nubiasko.

10068.0 4240.0 168.0 128.0 By
10284.0 4244.0 200.0 108.0 Mr.
10580.0 4240.0 332.0 116.0 Craig
11032.0 4240.0 164.0 104.0 To
11284.0 4244.0 400.0 108.0 amend
11796.0 4244.0 424.0 112.0 section
12340.0 4252.0 144.0 100.0 11.
12596.0 4244.0 124.0 100.0 of

9940.0 4360.0 460.0 128.0 chapter
10432.0 4368.0 152.0 92.0 fiO.
10636.0 4368.0 124.0 96.0 of
10804.0 4352.0 184.0 112.0 the
11032.0 4360.0 540.0 124.0 compiled
11644.0 4368.0 468.0 104.0 statutes
12220.0 4360.0 120.0 108.0 of
12448.0 4364.0 264.0 108.0 Ibbfl.

9948.0 4476.0 472.0 104.0 entitled
10476.0 4480.0 576.0 120.0 "Liquors.
11068.0 4468.0 64.0 60.0 "

10060.0 4592.0 24.0 40.0 '
10088.0 4592.0 40.0 100.0 1
10168.0 4596.0 136.0 100.0 ho
10356.0 4592.0 584.0 124.0 following
11044.0 4584.0 244.0 108.0 bills
11396.0 4616.0 288.0 84.0 vvero
11788.0 4592.0 260.0 112.0 lead
12156.0 4628.0 64.0 72.0 a
12308.0 4592.0 408.0 108.0 second

9944.0 4708.0 272.0 104.0 time
10244.0 4732.0 24.0 84.0 :
10400.0 4704.0 880.0 132.0 Appropriating
11440.0 4716.0 68.0 100.0 $
11524.0 4716.0 268.0 116.0 \QM
11892.0 4724.0 116.0 96.0 to
12112.0 4712.0 608.0 108.0 telmburso

9952.0 4824.0 520.0 124.0 Kearney
10516.0 4840.0 412.0 108.0 county
10984.0 4828.0 172.0 96.0 for
11196.0 4844.0 548.0 124.0 expenses
11812.0 4828.0 296.0 108.0 Incut
12140.0 4832.0 188.0 100.0 red
12360.0 4832.0 116.0 100.0 In
12532.0 4836.0 188.0 92.0 the

9948.0 4940.0 696.0 124.0 prosecution
10692.0 4944.0 124.0 100.0 of
10920.0 4940.0 288.0 104.0 Matt
11304.0 4928.0 736.0 124.0 Xliunicrniaii
12072.0 4967.0 32.0 92.0 ;
12216.0 4948.0 504.0 116.0 delinlng

9948.0 5056.0 184.0 104.0 tlu1
10180.0 5059.0 828.0 104.0 boundiirlesof
11060.0 5052.0 728.0 116.0 Washington
11864.0 5068.0 428.0 112.0 county
12316.0 5084.0 28.0 92.0 ;
12400.0 5059.0 252.0 104.0 mak-

9952.0 5172.0 192.0 120.0 ing
10184.0 5176.0 80.0 104.0 It
10316.0 5176.0 548.0 104.0 unlawful
10928.0 5176.0 172.0 96.0 for
11200.0 5188.0 408.0 112.0 county
11716.0 5180.0 396.0 100.0 boards
12220.0 5188.0 116.0 92.0 to
12424.0 5176.0 296.0 104.0 Issue

9952.0 5316.0 256.0 76.0 wan
10236.0 5300.0 256.0 96.0 ants
10544.0 5304.0 108.0 88.0 in
10760.0 5316.0 224.0 76.0 anv
11088.0 5304.0 460.0 88.0 amount
11648.0 5292.0 776.0 108.0 exceedincW
12528.0 5316.0 192.0 92.0 per-

9948.0 5412.0 252.0 96.0 cent
10244.0 5427.0 108.0 80.0 01
10468.0 5408.0 184.0 104.0 the
10756.0 5400.0 504.0 108.0 assessed
11384.0 5408.0 568.0 104.0 valuation
12068.0 5416.0 120.0 92.0 of
12276.0 5408.0 444.0 104.0 taxable

9948.0 5532.0 516.0 116.0 properly
10512.0 5519.0 384.0 108.0 unless
10940.0 5524.0 308.0 100.0 there
11292.0 5516.0 396.0 112.0 should
11740.0 5528.0 128.0 100.0 be
11912.0 5548.0 404.0 100.0 money
12368.0 5540.0 112.0 88.0 to
12528.0 5524.0 188.0 104.0 the

9944.0 5652.0 464.0 88.0 amount
10460.0 5640.0 504.0 124.0 required
11016.0 5636.0 108.0 100.0 In
11180.0 5640.0 184.0 96.0 the
11412.0 5652.0 532.0 112.0 treasury.

10064.0 5752.0 200.0 104.0 Mr.
10316.0 5756.0 424.0 124.0 blramp
10800.0 5756.0 120.0 96.0 of
10976.0 5752.0 596.0 108.0 Lancaster
11640.0 5752.0 388.0 112.0 moved
12080.0 5756.0 232.0 104.0 that
12372.0 5756.0 344.0 104.0 house

9948.0 5872.0 200.0 100.0 loll
10200.0 5876.0 172.0 92.0 .8"
10384.0 5948.0 24.0 40.0 ,
10460.0 5868.0 480.0 108.0 lelatliiL'
11048.0 5876.0 108.0 92.0 to
11268.0 5872.0 472.0 104.0 noxious
11856.0 5876.0 364.0 104.0 weeds
12232.0 5948.0 24.0 40.0 ,
12312.0 5876.0 128.0 100.0 be
12528.0 5900.0 188.0 76.0 en-

9944.0 5992.0 448.0 112.0 glossed
10508.0 5988.0 172.0 104.0 for
10816.0 5976.0 284.0 112.0 thlu'
11076.0 5984.0 24.0 92.0 '
11212.0 5988.0 464.0 120.0 leading
11744.0 5988.0 224.0 108.0 and
12080.0 5988.0 88.0 104.0 it
12276.0 6012.0 228.0 80.0 was
12592.0 6016.0 124.0 76.0 so

9944.0 6100.0 492.0 108.0 oidercd.

10068.0 6216.0 376.0 108.0 llouso
10528.0 6220.0 264.0 104.0 rolls
10872.0 6220.0 176.0 96.0 2:8
11056.0 6292.0 28.0 40.0 ,
11136.0 6220.0 172.0 92.0 201
11320.0 6288.0 20.0 48.0 ,
11392.0 6224.0 116.0 92.0 SO
11516.0 6296.0 20.0 36.0 ,
11584.0 6224.0 120.0 96.0 20
11712.0 6299.0 24.0 40.0 ,
11788.0 6228.0 112.0 96.0 n
11904.0 6296.0 24.0 40.0 ,
11984.0 6220.0 176.0 104.0 HIS
12163.0 6299.0 24.0 40.0 ,
12236.0 6220.0 212.0 112.0 2.TO.
12504.0 6220.0 172.0 100.0 107
12679.0 6292.0 28.0 48.0 ,

9932.0 6336.0 184.0 96.0 2.1s
10160.0 6336.0 220.0 104.0 and
10452.0 6340.0 92.0 96.0 10
10552.0 6412.0 20.0 48.0 ,
10632.0 6364.0 284.0 72.0 were
10964.0 6340.0 848.0 104.0 announcedfoi
11872.0 6336.0 292.0 104.0 thlid
12212.0 6340.0 492.0 120.0 reading.

9940.0 6448.0 516.0 104.0 'lliotnst
10548.0 6452.0 632.0 100.0 mentioned
11196.0 6520.0 24.0 44.0 ,
11316.0 6452.0 168.0 100.0 Mr
11492.0 6520.0 24.0 36.0 ,
11616.0 6452.0 860.0 108.0 Wolonvveber's
12488.0 6524.0 24.0 44.0 ,
12568.0 6480.0 112.0 76.0 re-

9948.0 6568.0 296.0 144.0 peals
10288.0 6568.0 424.0 104.0 section
10764.0 6572.0 176.0 92.0 635
10984.0 6572.0 120.0 96.0 of
11192.0 6560.0 452.0 128.0 chapter
11740.0 6575.0 120.0 92.0 50
11920.0 6572.0 120.0 100.0 of
12148.0 6575.0 188.0 96.0 the
12376.0 6575.0 272.0 96.0 crim-

9944.0 6672.0 224.0 112.0 inal
10212.0 6684.0 268.0 104.0 code
10552.0 6684.0 476.0 116.0 relating
11112.0 6688.0 116.0 96.0 to
11320.0 6688.0 876.0 104.0 mlsdemeanois
12204.0 6759.0 24.0 44.0 ,
12287.0 6688.0 220.0 100.0 and
12596.0 6692.0 112.0 96.0 to

9948.0 6800.0 180.0 100.0 the
10300.0 6804.0 328.0 100.0 effect
10732.0 6804.0 244.0 100.0 that
11032.0 6796.0 220.0 104.0 "no
11359.0 6807.0 292.0 96.0 costs
11760.0 6804.0 284.0 104.0 shall
12240.0 6800.0 128.0 104.0 bo
12456.0 6804.0 256.0 108.0 paid

9944.0 6916.0 276.0 100.0 fiom
10276.0 6916.0 180.0 100.0 the
10500.0 6924.0 412.0 116.0 county
10960.0 6920.0 504.0 116.0 trrnsuiy
11508.0 6916.0 108.0 104.0 In
11672.0 6943.0 224.0 96.0 any
11940.0 6943.0 256.0 76.0 case
12244.0 6924.0 120.0 96.0 of
12411.0 6943.0 248.0 96.0 pros-

9932.0 7032.0 444.0 100.0 ecution
10436.0 7035.0 172.0 96.0 for
10640.0 7060.0 64.0 72.0 n
10796.0 7028.0 816.0 108.0 misdemeanor
11616.0 7108.0 24.0 44.0 ,
11692.0 7064.0 124.0 72.0 or
11912.0 7035.0 168.0 100.0 for
12143.0 7044.0 380.0 108.0 surety
12576.0 7044.0 116.0 92.0 to

9940.0 7144.0 280.0 120.0 keep
10268.0 7152.0 184.0 100.0 this
10504.0 7172.0 316.0 92.0 peace
10832.0 7219.0 24.0 40.0 ,
10908.0 7152.0 392.0 116.0 except
11344.0 7175.0 120.0 72.0 ns
11512.0 7156.0 532.0 108.0 provided
12096.0 7152.0 112.0 100.0 In
12280.0 7148.0 424.0 104.0 section

9932.0 7320.0 20.0 36.0 .
9940.0 7267.0 196.0 96.0 'ill.
10192.0 7260.0 28.0 56.0 '
10344.0 7264.0 240.0 104.0 Tlio
10696.0 7264.0 188.0 104.0 bill
10980.0 7288.0 224.0 76.0 was
11248.0 7267.0 396.0 116.0 passed
11728.0 7267.0 140.0 124.0 by
11952.0 7300.0 68.0 76.0 a
12128.0 7272.0 256.0 96.0 vote
12428.0 7267.0 124.0 100.0 of
12592.0 7272.0 112.0 96.0 74

9936.0 7392.0 108.0 88.0 to
10100.0 7384.0 136.0 96.0 17.

10056.0 7384.0 176.0 212.0 17.Mr.
10232.0 7564.0 24.0 36.0 .
10324.0 7492.0 632.0 108.0 llelmrod's
11020.0 7488.0 184.0 108.0 bill
11220.0 7564.0 28.0 44.0 ,
11352.0 7495.0 160.0 96.0 201
11532.0 7568.0 28.0 48.0 ,
11616.0 7524.0 228.0 80.0 was
11952.0 7495.0 396.0 128.0 passed
12444.0 7495.0 140.0 120.0 by
12628.0 7524.0 64.0 76.0 a

9940.0 7628.0 244.0 84.0 vote
10232.0 7616.0 116.0 96.0 of
10396.0 7616.0 112.0 92.0 Ki
10560.0 7620.0 108.0 92.0 to
10712.0 7620.0 88.0 96.0 4.
10940.0 7612.0 96.0 100.0 It
11124.0 7612.0 504.0 120.0 piovldes
11720.0 7620.0 172.0 96.0 for
11968.0 7616.0 188.0 104.0 the
12244.0 7616.0 404.0 100.0 amend-

9936.0 7732.0 304.0 96.0 ment
10288.0 7732.0 108.0 92.0 eit
10452.0 7727.0 416.0 100.0 section
10920.0 7732.0 144.0 96.0 41.
11116.0 7727.0 452.0 108.0 chapter
11604.0 7736.0 152.0 104.0 'J\
11804.0 7727.0 224.0 104.0 and
12080.0 7736.0 376.0 96.0 orders
12524.0 7732.0 184.0 96.0 the

9940.0 7863.0 180.0 96.0 p-ij
10164.0 7868.0 244.0 76.0 men
10428.0 7856.0 28.0 88.0 )
10516.0 7844.0 244.0 100.0 Into
10808.0 7852.0 184.0 92.0 tlio
11080.0 7860.0 500.0 104.0 treasury
11624.0 7876.0 64.0 72.0 o
11704.0 7852.0 36.0 92.0 !
11832.0 7848.0 144.0 100.0 all
12072.0 7848.0 188.0 100.0 the
12308.0 7852.0 236.0 92.0 tecs
12588.0 7848.0 120.0 96.0 of

9928.0 7984.0 396.0 88.0 counv
10388.0 7960.0 340.0 120.0 judge
10772.0 7964.0 224.0 96.0 and
11100.0 7955.0 304.0 104.0 clerk
11472.0 7964.0 108.0 100.0 In
11692.0 7984.0 384.0 80.0 excess
12160.0 7964.0 124.0 96.0 of
12348.0 7964.0 360.0 116.0 51,500

9936.0 8100.0 184.0 80.0 per
10168.0 8100.0 424.0 76.0 annum
10620.0 8100.0 28.0 84.0 :
10704.0 8076.0 220.0 100.0 and
10976.0 8072.0 124.0 100.0 of
11176.0 8072.0 372.0 104.0 shciitl
11668.0 8080.0 224.0 100.0 and
11980.0 8080.0 552.0 104.0 treasurer
12584.0 8080.0 112.0 100.0 in

9932.0 8216.0 380.0 76.0 excess
10356.0 8196.0 124.0 96.0 of
10520.0 8196.0 68.0 100.0 5
10660.0 8200.0 212.0 108.0 ,000
10876.0 8268.0 24.0 44.0 ,
10996.0 8204.0 384.0 108.0 except
11428.0 8192.0 108.0 100.0 in
11644.0 8200.0 516.0 100.0 counties
12228.0 8200.0 104.0 92.0 ol
12428.0 8220.0 244.0 76.0 ovei

9928.0 8312.0 336.0 104.0 25.WO
10432.0 8308.0 688.0 100.0 Inhabitants
11132.0 8380.0 20.0 48.0 ,
11332.0 8312.0 360.0 104.0 where
11840.0 8323.0 188.0 92.0 the
12136.0 8316.0 552.0 96.0 treasurer

9932.0 8424.0 284.0 100.0 shall
10460.0 8448.0 424.0 76.0 lecetve
11232.0 8420.0 320.0 112.0 S1.0X
11552.0 8432.0 24.0 88.0 )
11872.0 8424.0 224.0 108.0 and
12384.0 8424.0 284.0 104.0 slnll

9932.0 8540.0 128.0 100.0 bo
10152.0 8540.0 584.0 104.0 furnished
10792.0 8540.0 136.0 120.0 by
11016.0 8536.0 184.0 104.0 the
11284.0 8544.0 412.0 116.0 county
11792.0 8540.0 908.0 108.0 commissioners

9932.0 8656.0 268.0 100.0 with
10276.0 8684.0 64.0 72.0 a
10432.0 8656.0 296.0 104.0 clerk
10836.0 8668.0 228.0 88.0 aud
11168.0 8656.0 532.0 104.0 assistant
11712.0 8732.0 24.0 44.0 ,
11844.0 8660.0 188.0 104.0 the
12160.0 8668.0 540.0 112.0 pajment

9932.0 8772.0 120.0 100.0 of
10172.0 8768.0 148.0 104.0 all
10408.0 8780.0 112.0 92.0 ot
10656.0 8768.0 364.0 104.0 whom
11148.0 8768.0 276.0 104.0 simll
11576.0 8783.0 196.0 92.0 not
11852.0 8788.0 404.0 88.0 exceed
12348.0 8776.0 356.0 108.0 52,400

9936.0 8912.0 184.0 92.0 tier
10164.0 8912.0 424.0 76.0 annum
10708.0 8884.0 120.0 104.0 In
10884.0 8880.0 264.0 108.0 such
11192.0 8892.0 504.0 100.0 counties
11748.0 8888.0 188.0 104.0 the
11980.0 8888.0 388.0 104.0 shctlff
12404.0 8888.0 288.0 104.0 shall

9936.0 9004.0 416.0 100.0 receive
10400.0 9032.0 64.0 72.0 a
10508.0 9000.0 360.0 124.0 s.ilaiy
10924.0 9008.0 120.0 92.0 of
11091.0 9004.0 340.0 112.0 e2,500
11436.0 9076.0 24.0 44.0 ,
11512.0 9004.0 284.0 104.0 shall
11848.0 9011.0 276.0 96.0 have
12188.0 9032.0 216.0 72.0 ono
12488.0 9004.0 204.0 120.0 jail

9932.0 9120.0 336.0 104.0 cnaid
10320.0 9116.0 224.0 104.0 and
10596.0 9144.0 216.0 76.0 ono
10860.0 9120.0 416.0 120.0 deputy
11280.0 9188.0 28.0 48.0 ,
11400.0 9128.0 180.0 96.0 the
11688.0 9128.0 332.0 100.0 latter
12124.0 9124.0 568.0 112.0 leceivlng

9932.0 9239.0 460.0 116.0 s'.TOpoi
10456.0 9260.0 464.0 76.0 annum.
11044.0 9232.0 64.0 100.0 'I
11148.0 9236.0 136.0 96.0 ho
11348.0 9236.0 364.0 124.0 salary
11760.0 9239.0 124.0 96.0 of
11988.0 9236.0 188.0 104.0 the
12276.0 9248.0 416.0 92.0 county

9928.0 9348.0 296.0 104.0 clerk
10276.0 9352.0 280.0 100.0 shall
10612.0 9356.0 128.0 96.0 be
10788.0 9352.0 348.0 112.0 V.5,500
11140.0 9423.0 24.0 44.0 ,
11248.0 9352.0 220.0 100.0 and
11520.0 9352.0 136.0 100.0 he
11720.0 9356.0 284.0 104.0 shall
12116.0 9356.0 276.0 96.0 have
12480.0 9379.0 216.0 76.0 one

9932.0 9468.0 412.0 120.0 ileputy
10392.0 9475.0 108.0 92.0 at
10552.0 9468.0 352.0 112.0 Sl.OOO
10992.0 9492.0 168.0 96.0 pei
11224.0 9488.0 288.0 92.0 yeai.
11656.0 9468.0 92.0 100.0 It
11808.0 9471.0 184.0 100.0 the
12100.0 9468.0 368.0 104.0 duties
12580.0 9475.0 100.0 92.0 ol

9928.0 9607.0 224.0 88.0 any
10196.0 9611.0 24.0 68.0 <
10240.0 9636.0 20.0 40.0 >
10276.0 9592.0 32.0 88.0 t
10364.0 9584.0 304.0 100.0 these
10716.0 9584.0 424.0 104.0 olllcers
11188.0 9584.0 280.0 100.0 stiall
11520.0 9592.0 432.0 116.0 require
11996.0 9607.0 696.0 80.0 onoormoio

9928.0 9699.0 588.0 100.0 assistants
10556.0 9696.0 652.0 128.0 ordeputies
11220.0 9772.0 24.0 36.0 ,
11288.0 9696.0 268.0 108.0 such
11604.0 9703.0 420.0 100.0 olliceis
12056.0 9728.0 224.0 96.0 maj
12336.0 9703.0 352.0 100.0 letaln

9928.0 9839.0 140.0 76.0 an
10120.0 9824.0 468.0 92.0 amount
10636.0 9836.0 588.0 96.0 nect'tisary
11264.0 9820.0 116.0 92.0 to
11428.0 9839.0 208.0 92.0 piv
11724.0 9820.0 264.0 100.0 such
12096.0 9824.0 596.0 96.0 assistants

9928.0 9956.0 124.0 76.0 or
10092.0 9931.0 504.0 124.0 deputies
10648.0 9940.0 192.0 92.0 not
10876.0 9928.0 608.0 124.0 exceeding
11528.0 9931.0 252.0 108.0 S70J
11820.0 9931.0 268.0 104.0 each
12143.0 9960.0 192.0 100.0 per
12376.0 9960.0 44.0 88.0 j
12452.0 9960.0 184.0 72.0 ear
12659.0 9956.0 28.0 92.0 ;

9928.0 10060.0 388.0 100.0 except
10368.0 10048.0 112.0 100.0 In
10536.0 10048.0 508.0 100.0 counties
11100.0 10044.0 408.0 116.0 having
11556.0 10071.0 244.0 76.0 ovei
11860.0 10052.0 276.0 120.0 7,000
12248.0 10048.0 376.0 104.0 Inhabi-

9932.0 10167.0 296.0 96.0 tants
10240.0 10236.0 24.0 44.0 ,
10320.0 10163.0 112.0 100.0 In
10492.0 10163.0 352.0 100.0 which
10896.0 10188.0 252.0 76.0 case
11196.0 10163.0 264.0 100.0 suoh
11512.0 10167.0 364.0 100.0 otlleer
11976.0 10188.0 252.0 100.0 may
12336.0 10163.0 348.0 104.0 tetaln

9936.0 10280.0 260.0 100.0 such
10308.0 10284.0 460.0 96.0 amount
10864.0 10303.0 120.0 72.0 as
11036.0 10303.0 232.0 88.0 uiaj
11340.0 10280.0 124.0 100.0 bo
11516.0 10303.0 528.0 100.0 nccesary
12092.0 10292.0 112.0 84.0 to
12248.0 10303.0 216.0 100.0 pay
12508.0 10292.0 188.0 88.0 the

9928.0 10391.0 448.0 104.0 salaiies
10424.0 10400.0 108.0 92.0 ol
10588.0 10391.0 260.0 104.0 such
10900.0 10391.0 508.0 124.0 deputies
11452.0 10420.0 128.0 72.0 or
11616.0 10400.0 596.0 100.0 assistants
12220.0 10472.0 24.0 40.0 ,
12300.0 10424.0 120.0 72.0 as
12508.0 10404.0 188.0 92.0 the

9928.0 10535.0 300.0 76.0 same
10272.0 10508.0 284.0 100.0 shall
10608.0 10516.0 128.0 92.0 bit
10788.0 10512.0 460.0 116.0 lixcuby
11316.0 10512.0 184.0 100.0 the
11548.0 10512.0 380.0 100.0 boaul.
12072.0 10512.0 204.0 100.0 lint
12336.0 10535.0 152.0 76.0 no
12532.0 10520.0 160.0 92.0 ot-

9932.0 10636.0 232.0 92.0 ttcu
10224.0 10627.0 124.0 96.0 sli
10392.0 10627.0 116.0 96.0 ill
10560.0 10627.0 420.0 96.0 icccho
11032.0 10648.0 300.0 76.0 moio
11376.0 10627.0 232.0 96.0 fees
11644.0 10627.0 264.0 100.0 than
11944.0 10652.0 184.0 80.0 aio
12163.0 10627.0 528.0 104.0 collected

9928.0 10740.0 144.0 108.0 bv
10144.0 10744.0 220.0 96.0 him
10380.0 10816.0 20.0 36.0 ,
10456.0 10740.0 220.0 100.0 and
10736.0 10763.0 144.0 76.0 no
10932.0 10763.0 404.0 92.0 money
11376.0 10740.0 284.0 104.0 shall
11744.0 10748.0 128.0 92.0 bo
11960.0 10744.0 500.0 104.0 retained
12555.0 10744.0 140.0 140.0 by

9928.0 10860.0 224.0 96.0 him
10204.0 10860.0 384.0 96.0 unless
10636.0 10864.0 184.0 92.0 the
10864.0 10880.0 304.0 76.0 s-ime
11216.0 10855.0 128.0 100.0 bo
11388.0 10855.0 484.0 116.0 actually
11912.0 10860.0 256.0 120.0 paid
12220.0 10868.0 112.0 92.0 to
12420.0 10864.0 264.0 96.0 such

9924.0 10972.0 504.0 124.0 deputies
10484.0 10980.0 156.0 92.0 lei
10704.0 11000.0 152.0 72.0 soi
10892.0 10972.0 320.0 104.0 vices.
11340.0 10968.0 328.0 104.0 None
11751.0 10984.0 116.0 88.0 ot
11980.0 10976.0 188.0 104.0 tlio
12272.0 10980.0 424.0 100.0 olliceis

9928.0 11092.0 392.0 100.0 named
10372.0 11087.0 340.0 100.0 above
10756.0 11087.0 284.0 100.0 shall
11091.0 11087.0 280.0 100.0 have
11412.0 11112.0 200.0 84.0 anv
11684.0 11087.0 592.0 108.0 assistants
12320.0 11092.0 376.0 100.0 unless

9924.0 11208.0 180.0 96.0 the
10152.0 11204.0 332.0 100.0 bond
10528.0 11212.0 108.0 92.0 ot
10688.0 11212.0 416.0 112.0 county
11148.0 11204.0 900.0 100.0 commlssionets
12128.0 11208.0 280.0 100.0 shall
12464.0 11208.0 228.0 100.0 Und

9924.0 11324.0 184.0 96.0 the
10156.0 11348.0 308.0 76.0 same
10512.0 11344.0 588.0 96.0 ncccssarj-
11104.0 11388.0 24.0 52.0 ,
11176.0 11320.0 224.0 100.0 and
11448.0 11320.0 192.0 104.0 the
11684.0 11324.0 324.0 104.0 board
12052.0 11324.0 280.0 100.0 shall
12384.0 11324.0 112.0 100.0 in
12548.0 11324.0 144.0 100.0 all

9920.0 11464.0 308.0 76.0 cases
10272.0 11440.0 552.0 100.0 presciibo
10876.0 11436.0 180.0 96.0 the
11104.0 11436.0 464.0 104.0 number
11668.0 11440.0 124.0 92.0 of
11872.0 11440.0 512.0 116.0 deputies
12468.0 11436.0 224.0 104.0 and

9924.0 11556.0 184.0 96.0 the
10160.0 11552.0 264.0 100.0 time
10476.0 11556.0 156.0 92.0 toi
10699.0 11552.0 356.0 100.0 which
11112.0 11552.0 256.0 116.0 they
11420.0 11576.0 252.0 96.0 may
11720.0 11552.0 128.0 100.0 be
11892.0 11556.0 628.0 120.0 employed.

10036.0 11668.0 216.0 100.0 Mi.
10316.0 11668.0 400.0 120.0 Ageo's
10756.0 11668.0 180.0 100.0 hill
10956.0 11736.0 20.0 48.0 ,
11020.0 11664.0 212.0 112.0 No.
11260.0 11672.0 84.0 92.0 S
11348.0 11672.0 28.0 92.0 )
11380.0 11740.0 20.0 68.0 ,
11456.0 11672.0 480.0 108.0 relating
11968.0 11675.0 108.0 96.0 to
12124.0 11672.0 188.0 100.0 the
12344.0 11668.0 308.0 104.0 estab-

9920.0 11780.0 540.0 104.0 lishment
10584.0 11788.0 104.0 92.0 ot
10808.0 11811.0 64.0 68.0 a
10980.0 11767.0 428.0 116.0 normal
11512.0 11767.0 372.0 116.0 school
11996.0 11788.0 120.0 96.0 at
12216.0 11792.0 436.0 108.0 Anryta
12668.0 11859.0 20.0 40.0 ,

9924.0 11900.0 360.0 100.0 which
10336.0 11924.0 128.0 76.0 vv.
10472.0 11924.0 92.0 72.0 is
10600.0 11900.0 808.0 128.0 subsequently
11444.0 11896.0 540.0 104.0 amended
12004.0 11972.0 24.0 28.0 ,
12080.0 11907.0 112.0 92.0 to
12244.0 11903.0 452.0 112.0 piovldo

9920.0 12016.0 448.0 100.0 atiothei
10432.0 12012.0 372.0 100.0 school
10848.0 12024.0 112.0 88.0 at
11020.0 12012.0 516.0 104.0 1'ieniont
11544.0 12084.0 24.0 52.0 ,
11688.0 12040.0 224.0 76.0 was
12004.0 12003.0 684.0 116.0 Introduced.

9928.0 12135.0 96.0 96.0 U
10068.0 12128.0 596.0 104.0 consumed
10716.0 12128.0 1064.0 124.0 thogicatcrpartot
11832.0 12128.0 856.0 108.0 theatteinoon.

9924.0 12248.0 92.0 96.0 It
10064.0 12244.0 492.0 116.0 icquires
10604.0 12248.0 184.0 96.0 the
10836.0 12240.0 532.0 104.0 donation
11424.0 12248.0 124.0 96.0 of
11592.0 12248.0 184.0 96.0 ten
11828.0 12271.0 304.0 76.0 acies
12180.0 12252.0 104.0 92.0 ol
12344.0 12248.0 292.0 100.0 suita-

9920.0 12363.0 168.0 100.0 ble
10136.0 12360.0 256.0 104.0 land
10412.0 12432.0 20.0 44.0 ,
10488.0 12371.0 112.0 88.0 to
10652.0 12363.0 128.0 92.0 be
10824.0 12360.0 560.0 120.0 approved
11432.0 12356.0 140.0 124.0 by
11620.0 12356.0 188.0 104.0 the
11852.0 12360.0 332.0 104.0 boaid
12236.0 12367.0 108.0 92.0 ol
12431.0 12363.0 224.0 120.0 pub-

9920.0 12480.0 140.0 100.0 lic
10104.0 12476.0 328.0 104.0 lands
10476.0 12476.0 224.0 100.0 and
10752.0 12476.0 572.0 100.0 bulldlnzs
11336.0 12547.0 24.0 52.0 ,
11472.0 12472.0 224.0 104.0 and
11804.0 12480.0 216.0 100.0 site
12108.0 12480.0 388.0 100.0 valued
12580.0 12496.0 116.0 84.0 at

9912.0 12595.0 404.0 112.0 Sl.'i.OOO
10324.0 12668.0 24.0 36.0 ,
10404.0 12595.0 428.0 96.0 besides
10868.0 12620.0 64.0 72.0 a
10972.0 12568.0 544.0 124.0 donation
11588.0 12599.0 116.0 92.0 ot
11756.0 12595.0 408.0 104.0 S10.COO
12188.0 12616.0 28.0 96.0 ;
12272.0 12595.0 256.0 100.0 land
12576.0 12624.0 104.0 72.0 en

9916.0 12712.0 208.0 100.0 site
10168.0 12712.0 224.0 100.0 and
10444.0 12708.0 420.0 100.0 bulletin
10888.0 12739.0 16.0 72.0 !
10908.0 12735.0 36.0 80.0 !
10996.0 12724.0 112.0 80.0 to
11212.0 12708.0 128.0 100.0 bo
11444.0 12708.0 424.0 100.0 located
11976.0 12712.0 388.0 100.0 within
12476.0 12735.0 220.0 76.0 ono

9916.0 12827.0 256.0 100.0 nulc
10216.0 12827.0 124.0 96.0 of
10388.0 12823.0 184.0 100.0 the
10616.0 12835.0 572.0 108.0 cotpoiato
11256.0 12823.0 344.0 100.0 limits
11648.0 12831.0 104.0 88.0 ot
11848.0 12823.0 532.0 104.0 J'leuiont
12468.0 12827.0 220.0 100.0 and

9912.0 12948.0 464.0 96.0 Amoia.
10564.0 12936.0 240.0 104.0 The
10924.0 12932.0 828.0 128.0 appiopriatlon
11904.0 12948.0 412.0 96.0 soiuht
12464.0 12967.0 228.0 80.0 was

10040.0 13176.0 92.0 96.0 It
10188.0 13195.0 224.0 76.0 was
10460.0 13168.0 388.0 104.0 moved
10920.0 13172.0 112.0 96.0 to
11076.0 13164.0 576.0 108.0 recommit
11748.0 13168.0 184.0 104.0 the
12016.0 13172.0 196.0 100.0 bill
12308.0 13180.0 108.0 92.0 to
12508.0 13176.0 192.0 100.0 tlm

9908.0 13287.0 628.0 104.0 committee
10600.0 13287.0 124.0 96.0 of
10792.0 13280.0 180.0 104.0 tlio
11020.0 13283.0 396.0 104.0 whole.

10024.0 13431.0 204.0 100.0 Mi.
10288.0 13423.0 448.0 116.0 Kennoj
10812.0 13423.0 244.0 104.0 said
11100.0 13419.0 408.0 108.0 hcvvas
11548.0 13423.0 492.0 124.0 opposed
12088.0 13431.0 116.0 96.0 to
12252.0 13436.0 436.0 100.0 normal

9908.0 13544.0 432.0 104.0 schools
10348.0 13615.0 20.0 28.0 ,
10516.0 13544.0 164.0 96.0 lie
10748.0 13540.0 452.0 124.0 tavorc'il
11292.0 13548.0 184.0 96.0 tie
11348.0 13544.0 20.0 124.0 |
11556.0 13556.0 168.0 88.0 est
11764.0 13544.0 648.0 104.0 iblishmcnt
12460.0 13556.0 108.0 92.0 ot
12624.0 13576.0 68.0 76.0 a

9912.0 13663.0 376.0 100.0 school
10336.0 13659.0 120.0 96.0 of
10504.0 13655.0 536.0 100.0 didaitics
11088.0 13659.0 112.0 92.0 in
11256.0 13659.0 184.0 96.0 the
11516.0 13659.0 624.0 116.0 uimeislty
12143.0 13732.0 24.0 48.0 ,
12224.0 13663.0 468.0 100.0 because

9912.0 13787.0 132.0 92.0 he
10084.0 13780.0 484.0 100.0 doubted
10620.0 13768.0 848.0 112.0 uliethci.thio
11508.0 13776.0 444.0 108.0 foiuths
11992.0 13780.0 472.0 100.0 ot'lhoso
12512.0 13772.0 132.0 112.0 od

9916.0 13896.0 384.0 96.0 united
10360.0 13900.0 108.0 92.0 in
10524.0 13900.0 184.0 88.0 tlio
10756.0 13912.0 180.0 72.0 noi
10967.0 13879.0 692.0 112.0 I'lnlSttluSbK
11744.0 13872.0 664.0 116.0 aftorwaids
12484.0 13876.0 160.0 116.0 fol

9912.0 13983.0 352.0 112.0 lowed
10312.0 13996.0 188.0 96.0 the
10544.0 13988.0 628.0 124.0 piofesslon
11224.0 13996.0 128.0 92.0 of
11388.0 14000.0 552.0 112.0 teaching.
12108.0 14000.0 104.0 100.0 It
12267.0 14027.0 224.0 72.0 was
12535.0 14027.0 140.0 80.0 an

9908.0 14119.0 452.0 104.0 outrage
10404.0 14136.0 140.0 72.0 on
10604.0 14108.0 184.0 96.0 the
10836.0 14108.0 388.0 116.0 people
11264.0 14108.0 124.0 96.0 of
11428.0 14115.0 188.0 92.0 the
11660.0 14119.0 284.0 96.0 state
11996.0 14115.0 108.0 100.0 to
12152.0 14119.0 528.0 100.0 establish

9904.0 14251.0 200.0 76.0 mix
10180.0 14247.0 300.0 76.0 mine
10524.0 14224.0 112.0 96.0 ol
10684.0 14224.0 308.0 96.0 these
11064.0 14220.0 732.0 108.0 institutions.

10020.0 14339.0 204.0 100.0 Mr.
10288.0 14339.0 220.0 96.0 1'ox
10560.0 14339.0 120.0 92.0 of
10732.0 14339.0 256.0 96.0 Daw
11016.0 14360.0 200.0 76.0 son
11284.0 14339.0 484.0 120.0 opposed
11840.0 14339.0 188.0 104.0 tlm
12116.0 14347.0 568.0 100.0 letorencc

9904.0 14456.0 220.0 96.0 and
10184.0 14479.0 220.0 72.0 was
10452.0 14452.0 564.0 108.0 suipiiscd
11120.0 14452.0 244.0 100.0 that
11468.0 14452.0 544.0 104.0 members
12124.0 14456.0 244.0 100.0 who
12464.0 14464.0 212.0 96.0 had

9904.0 14571.0 420.0 108.0 spoken
10384.0 14568.0 108.0 100.0 in
10552.0 14575.0 296.0 92.0 lavoi
10912.0 14571.0 112.0 92.0 ot
11112.0 14568.0 188.0 96.0 the
11364.0 14564.0 188.0 100.0 bill
11648.0 14568.0 320.0 100.0 when
12052.0 14568.0 264.0 124.0 they
12364.0 14575.0 212.0 100.0 had
12616.0 14604.0 64.0 72.0 a

9908.0 14692.0 496.0 108.0 piospect
10452.0 14684.0 124.0 100.0 of
10604.0 14680.0 520.0 112.0 seeming
11208.0 14707.0 64.0 72.0 a
11356.0 14680.0 368.0 104.0 school
11780.0 14684.0 152.0 100.0 foi
11999.0 14684.0 272.0 104.0 tholi
12336.0 14696.0 292.0 96.0 vicin

9904.0 14784.0 160.0 136.0 ity
10108.0 14799.0 396.0 96.0 should
10556.0 14820.0 252.0 80.0 now
10856.0 14820.0 416.0 96.0 oppose
11324.0 14799.0 108.0 100.0 it.

10016.0 14916.0 208.0 100.0 ill.
10288.0 14912.0 480.0 104.0 Knoxof
10824.0 14912.0 488.0 120.0 Douglas
11348.0 14908.0 236.0 104.0 said
11624.0 14916.0 236.0 100.0 that
11895.0 14928.0 776.0 112.0 pioiycounty

9908.0 15056.0 224.0 76.0 was
10180.0 15027.0 552.0 120.0 dlicctlng
10824.0 15027.0 140.0 100.0 its
11048.0 15027.0 556.0 104.0 attention
11716.0 15035.0 204.0 96.0 ton
11948.0 15035.0 196.0 100.0 aid
12264.0 15039.0 408.0 120.0 special

9900.0 15148.0 436.0 100.0 schools
10436.0 15148.0 224.0 96.0 aud
10772.0 15140.0 136.0 104.0 ho
11016.0 15144.0 436.0 104.0 wanted
11476.0 15215.0 24.0 32.0 ,
11544.0 15152.0 436.0 100.0 noimal
12064.0 15148.0 440.0 108.0 schools
12552.0 15156.0 116.0 100.0 In

9904.0 15263.0 348.0 100.0 which
10304.0 15271.0 112.0 88.0 to
10460.0 15263.0 292.0 96.0 ti.iin
10804.0 15263.0 528.0 96.0 teichers.

10016.0 15380.0 200.0 100.0 Mi.
10308.0 15380.0 44.0 96.0 1
10408.0 15380.0 280.0 96.0 tiller
10744.0 15380.0 116.0 92.0 ot
10972.0 15376.0 44.0 96.0 (
11024.0 15376.0 252.0 100.0 Ja.'o
11376.0 15376.0 440.0 104.0 wanted
11908.0 15376.0 188.0 108.0 the
12148.0 15380.0 188.0 104.0 bill
12388.0 15388.0 112.0 96.0 to
12544.0 15384.0 132.0 104.0 be

9900.0 15495.0 332.0 100.0 eitliei
10296.0 15499.0 392.0 116.0 pissed
10740.0 15516.0 108.0 76.0 01
10952.0 15516.0 32.0 72.0 i
11004.0 15491.0 428.0 124.0 ejected
11528.0 15516.0 256.0 84.0 now
11868.0 15495.0 228.0 104.0 and
12184.0 15520.0 488.0 104.0 opposed

9900.0 15616.0 1160.0 100.0 theieciimnntmeiit.

10012.0 15752.0 204.0 104.0 Mi.
10276.0 15744.0 616.0 108.0 Whitmoio
10976.0 15748.0 120.0 100.0 of
11160.0 15744.0 492.0 120.0 Douglas
11736.0 15752.0 240.0 100.0 said
12088.0 15760.0 308.0 96.0 theio
12448.0 15784.0 228.0 76.0 was

9896.0 15892.0 152.0 76.0 no
10116.0 15867.0 552.0 104.0 necessity
10748.0 15867.0 116.0 96.0 ot
10972.0 15888.0 224.0 92.0 any
11304.0 15892.0 296.0 76.0 more
11700.0 15867.0 668.0 104.0 discussion.
12504.0 15871.0 92.0 104.0 II

9892.0 15984.0 404.0 124.0 quoted
10348.0 15992.0 280.0 92.0 tiom
10680.0 15980.0 192.0 100.0 the
10916.0 15976.0 928.0 124.0 superintendent
11904.0 15988.0 112.0 96.0 ot
12112.0 15995.0 184.0 92.0 the
12388.0 16012.0 288.0 100.0 pies-

9892.0 16108.0 196.0 96.0 ent
10140.0 16099.0 424.0 100.0 nininal
10616.0 16099.0 436.0 96.0 schools
11160.0 16104.0 116.0 92.0 to
11376.0 16095.0 312.0 104.0 show
11751.0 16099.0 244.0 100.0 that
12088.0 16104.0 304.0 104.0 there
12444.0 16131.0 224.0 80.0 was

9896.0 16227.0 396.0 100.0 nigent
10344.0 16216.0 276.0 100.0 need
10680.0 16212.0 660.0 100.0 loranothei
11404.0 16212.0 400.0 104.0 school.

10008.0 16336.0 208.0 100.0 Mi.
10272.0 16327.0 348.0 104.0 Millc'i
10680.0 16331.0 108.0 96.0 ot
10856.0 16327.0 364.0 100.0 llutlei
11308.0 16327.0 208.0 100.0 felt
11560.0 16327.0 236.0 104.0 that
11844.0 16331.0 324.0 112.0 when
12224.0 16336.0 188.0 100.0 tlm
12460.0 16340.0 188.0 104.0 bill

9892.0 16476.0 228.0 76.0 was
10172.0 16472.0 148.0 88.0 up
10368.0 16451.0 372.0 92.0 beloie
10828.0 16444.0 192.0 100.0 the
11104.0 16444.0 348.0 100.0 house
11528.0 16451.0 192.0 96.0 the
11820.0 16444.0 212.0 104.0 last
12143.0 16451.0 268.0 100.0 time
12524.0 16455.0 144.0 100.0 Its

9896.0 16564.0 372.0 104.0 merits
10324.0 16564.0 212.0 100.0 had
10588.0 16572.0 192.0 92.0 not
10856.0 16576.0 264.0 84.0 been
11180.0 16559.0 652.0 124.0 adequately
11940.0 16564.0 380.0 104.0 shoun
12336.0 16643.0 24.0 40.0 ,
12436.0 16576.0 224.0 96.0 and

9896.0 16687.0 168.0 96.0 for
10112.0 16683.0 236.0 96.0 tliat
10396.0 16699.0 392.0 80.0 icason
10844.0 16676.0 136.0 100.0 he
11048.0 16680.0 440.0 100.0 wanted
11580.0 16680.0 88.0 96.0 ft
11732.0 16683.0 764.0 104.0 recommitted
12540.0 16720.0 120.0 68.0 so

9892.0 16800.0 232.0 100.0 that
10176.0 16804.0 188.0 92.0 the
10408.0 16823.0 304.0 72.0 same
10764.0 16796.0 340.0 100.0 miirlit
11160.0 16791.0 128.0 100.0 be
11336.0 16791.0 316.0 104.0 made
11716.0 16804.0 584.0 112.0 anpaicnt.

10008.0 16915.0 204.0 100.0 Mr.
10324.0 16915.0 312.0 112.0 Agee
10736.0 16915.0 104.0 92.0 ot
10964.0 16908.0 572.0 100.0 Hamilton
11656.0 16915.0 440.0 100.0 wanted
12188.0 16915.0 192.0 100.0 tlm
12472.0 16919.0 188.0 104.0 bill

9892.0 17028.0 392.0 108.0 passed
10336.0 17051.0 136.0 76.0 or
10512.0 17024.0 512.0 104.0 deteated
11124.0 17028.0 224.0 96.0 and
11428.0 17024.0 136.0 100.0 he
11648.0 17024.0 200.0 100.0 felt
11932.0 17032.0 236.0 100.0 that
12216.0 17036.0 184.0 96.0 the
12452.0 17059.0 216.0 76.0 ma-

9888.0 17128.0 324.0 140.0 joritv
10276.0 17143.0 120.0 96.0 of
10444.0 17143.0 184.0 100.0 the
10680.0 17140.0 396.0 100.0 niembe
11116.0 17164.0 104.0 76.0 rs
11308.0 17143.0 112.0 92.0 ot
11512.0 17140.0 184.0 100.0 the
11764.0 17143.0 344.0 100.0 house
12216.0 17151.0 444.0 96.0 wanted

9892.0 17264.0 188.0 100.0 the
10124.0 17260.0 192.0 104.0 bill
10376.0 17268.0 108.0 92.0 to
10532.0 17260.0 128.0 96.0 be
10704.0 17256.0 648.0 104.0 considered
11408.0 17279.0 284.0 80.0 now.
11816.0 17256.0 168.0 104.0 He
12016.0 17264.0 264.0 100.0 then
12316.0 17268.0 340.0 104.0 asked

9892.0 17383.0 176.0 96.0 lor
10116.0 17379.0 184.0 100.0 the
10344.0 17371.0 208.0 104.0 call
10604.0 17375.0 104.0 96.0 ot
10772.0 17375.0 184.0 96.0 the
11016.0 17371.0 336.0 100.0 house
11359.0 17444.0 24.0 40.0 ,
11440.0 17371.0 364.0 104.0 which
11864.0 17400.0 220.0 80.0 was
12172.0 17379.0 320.0 104.0 done.

10004.0 17500.0 100.0 96.0 A
10160.0 17496.0 252.0 96.0 vote
10460.0 17515.0 228.0 72.0 was
10732.0 17488.0 264.0 100.0 then
11088.0 17492.0 332.0 96.0 taken
11508.0 17496.0 108.0 92.0 to
11664.0 17492.0 268.0 100.0 lefei
11992.0 17496.0 116.0 96.0 to
12156.0 17500.0 184.0 96.0 the
12384.0 17523.0 236.0 76.0 committee
12632.0 17548.0 36.0 24.0 -

9892.0 17611.0 380.0 100.0 mitteo
10344.0 17603.0 124.0 100.0 of
10568.0 17607.0 188.0 96.0 the
10840.0 17603.0 356.0 100.0 whole
11200.0 17680.0 24.0 44.0 ,
11280.0 17603.0 544.0 120.0 resulting
11916.0 17607.0 108.0 104.0 in
12076.0 17619.0 20.0 28.0 '
12108.0 17615.0 24.0 88.0 !
12168.0 17615.0 24.0 88.0 !
12244.0 17619.0 172.0 92.0 lor
12480.0 17615.0 184.0 100.0 the

9888.0 17728.0 652.0 100.0 atlirmativo
10620.0 17720.0 228.0 100.0 and
10932.0 17728.0 36.0 88.0 (
10967.0 17764.0 20.0 48.0 >
10992.0 17776.0 20.0 28.0 .
11020.0 17724.0 32.0 88.0 !
11136.0 17724.0 172.0 96.0 for
11348.0 17724.0 184.0 96.0 tlio
11584.0 17724.0 544.0 108.0 negative.
12264.0 17728.0 100.0 100.0 It
12440.0 17755.0 224.0 76.0 was

9888.0 17852.0 264.0 92.0 then
10252.0 17839.0 392.0 100.0 moved
10732.0 17839.0 112.0 96.0 to
10932.0 17835.0 248.0 100.0 read
11236.0 17835.0 80.0 100.0 It
11364.0 17864.0 56.0 72.0 a
11472.0 17835.0 296.0 104.0 third
11836.0 17843.0 264.0 100.0 time
12148.0 17847.0 224.0 100.0 and
12440.0 17847.0 224.0 100.0 this

9892.0 17987.0 220.0 76.0 was
10160.0 17960.0 216.0 100.0 lost
10424.0 17956.0 112.0 120.0 bj
10604.0 17979.0 68.0 76.0 a
10716.0 17952.0 252.0 100.0 vote
11012.0 17956.0 120.0 96.0 of
11172.0 17956.0 116.0 96.0 50
11324.0 17960.0 112.0 96.0 to
11468.0 17952.0 156.0 104.0 80.

10004.0 18104.0 208.0 100.0 Mr.
10268.0 18104.0 308.0 116.0 Agce
10620.0 18092.0 396.0 104.0 moved
11072.0 18111.0 112.0 84.0 to
11232.0 18096.0 640.0 104.0 reconsider
11864.0 18171.0 32.0 48.0 ,
11956.0 18100.0 192.0 104.0 but
12196.0 18100.0 184.0 108.0 -ho
12428.0 18132.0 180.0 76.0 mo-

9884.0 18215.0 228.0 108.0 tion
10168.0 18243.0 228.0 76.0 was
10436.0 18211.0 512.0 104.0 declaicd
10996.0 18220.0 192.0 92.0 out
11220.0 18215.0 124.0 96.0 of
11388.0 18211.0 332.0 104.0 older
11764.0 18215.0 188.0 104.0 bee
11992.0 18240.0 232.0 80.0 uiso
12264.0 18224.0 136.0 100.0 ho
12448.0 18224.0 216.0 104.0 had

9888.0 18339.0 324.0 100.0 voted
10260.0 18355.0 144.0 76.0 on
10460.0 18335.0 184.0 92.0 the
10692.0 18328.0 368.0 120.0 losing
11104.0 18328.0 284.0 104.0 sido.

10004.0 18452.0 204.0 100.0 Mi.
10272.0 18447.0 428.0 100.0 Fenton
10712.0 18519.0 28.0 40.0 ,
10796.0 18447.0 252.0 96.0 who
11132.0 18443.0 216.0 108.0 had
11412.0 18447.0 324.0 104.0 voted
11792.0 18443.0 268.0 112.0 with
12112.0 18452.0 184.0 104.0 the
12344.0 18479.0 284.0 100.0 nega-

9884.0 18567.0 224.0 104.0 tive
10120.0 18640.0 24.0 32.0 ,
10196.0 18560.0 416.0 116.0 though
10704.0 18556.0 184.0 104.0 the
10972.0 18560.0 624.0 128.0 prevailing
11660.0 18564.0 236.0 104.0 side
11900.0 18640.0 24.0 48.0 ,
11980.0 18567.0 236.0 104.0 also
12267.0 18575.0 396.0 100.0 moved

9884.0 18703.0 112.0 84.0 to
10044.0 18684.0 660.0 100.0 icconslder.

10004.0 18799.0 216.0 100.0 Mr.
10292.0 18792.0 688.0 104.0 Pt'tnbeiton.
11032.0 18788.0 512.0 112.0 however
11544.0 18868.0 24.0 52.0 ,
11624.0 18795.0 392.0 108.0 moved
12084.0 18803.0 112.0 100.0 to
12244.0 18799.0 184.0 128.0 lay
12476.0 18803.0 188.0 104.0 the

9888.0 18916.0 420.0 100.0 motion
10364.0 18935.0 148.0 76.0 on
10576.0 18907.0 188.0 100.0 the
10828.0 18895.0 320.0 116.0 table.

10000.0 19031.0 208.0 104.0 Mr.
10272.0 19027.0 472.0 116.0 Kenney
10788.0 19027.0 328.0 100.0 aeain
11168.0 19023.0 260.0 104.0 took
11476.0 19023.0 188.0 104.0 the
11712.0 19023.0 268.0 104.0 floor
12028.0 19031.0 224.0 104.0 and
12304.0 19035.0 360.0 104.0 stated

9888.0 19148.0 140.0 100.0 ho
10072.0 19144.0 364.0 104.0 didn't
10484.0 19140.0 228.0 104.0 like
10796.0 19144.0 184.0 100.0 the
11072.0 19144.0 720.0 120.0 proceedings
11840.0 19148.0 360.0 104.0 which
12272.0 19152.0 136.0 100.0 ho
12480.0 19175.0 148.0 76.0 no

9884.0 19263.0 324.0 100.0 ticed.
10340.0 19259.0 112.0 100.0 it
10536.0 19280.0 228.0 76.0 was
10804.0 19284.0 68.0 76.0 a
10912.0 19252.0 536.0 112.0 disgrace.
11592.0 19259.0 172.0 100.0 Ho
11848.0 19263.0 812.0 104.0 rharactcrl/ed

9888.0 19380.0 88.0 100.0 It
10136.0 19403.0 124.0 76.0 as
10384.0 19372.0 488.0 116.0 butt-do/
11000.0 19372.0 660.0 116.0 pertinacity
11760.0 19380.0 228.0 100.0 and
12096.0 19380.0 140.0 104.0 ho
12328.0 19384.0 324.0 104.0 could

9888.0 19491.0 480.0 128.0 practice
10416.0 19487.0 240.0 104.0 that
10699.0 19512.0 120.0 76.0 as
10876.0 19487.0 244.0 104.0 well
11168.0 19516.0 124.0 76.0 as
11332.0 19516.0 196.0 84.0 am
11564.0 19487.0 628.0 128.0 bodjNo
12228.0 19495.0 392.0 112.0 legisla-

9888.0 19635.0 244.0 76.0 ture
10180.0 19608.0 392.0 100.0 should
10620.0 19604.0 696.0 140.0 appropriate
11359.0 19627.0 404.0 116.0 money
11812.0 19608.0 380.0 108.0 unlans
12260.0 19623.0 292.0 96.0 utter
12600.0 19643.0 64.0 72.0 a

9892.0 19727.0 200.0 100.0 full
10144.0 19723.0 224.0 104.0 and
10420.0 19727.0 228.0 96.0 tree
10692.0 19723.0 616.0 100.0 discussion
11359.0 19723.0 120.0 96.0 of
11544.0 19723.0 500.0 120.0 opinion.
12172.0 19727.0 240.0 104.0 The
12464.0 19735.0 196.0 100.0 bill

9892.0 19844.0 212.0 104.0 had
10156.0 19840.0 348.0 104.0 tailed
10548.0 19859.0 284.0 80.0 once
10876.0 19836.0 224.0 104.0 aud
11144.0 19840.0 228.0 104.0 still
11412.0 19836.0 140.0 104.0 Its
11584.0 19844.0 596.0 104.0 advocates
12212.0 19848.0 444.0 104.0 wanted

9888.0 19988.0 216.0 80.0 one
10148.0 19959.0 420.0 104.0 chance
10612.0 19980.0 352.0 76.0 moro.

10008.0 20103.0 204.0 108.0 Mr.
10268.0 20091.0 768.0 112.0 Pemberton's
11080.0 20099.0 416.0 104.0 motion
11556.0 20095.0 116.0 104.0 to
11716.0 20095.0 184.0 124.0 lay
11944.0 20124.0 144.0 80.0 on
12143.0 20103.0 184.0 104.0 the
12376.0 20108.0 292.0 104.0 table

9896.0 20248.0 228.0 76.0 was
10228.0 20219.0 244.0 100.0 lost.
10636.0 20212.0 244.0 104.0 Tlm
10988.0 20219.0 416.0 100.0 motion
11516.0 20223.0 112.0 92.0 to
11732.0 20219.0 624.0 104.0 rcconsldci
12436.0 20252.0 228.0 76.0 was

9900.0 20335.0 692.0 108.0 withdrawn.

10016.0 20451.0 440.0 104.0 Dining
10496.0 20451.0 188.0 100.0 the
10728.0 20448.0 252.0 104.0 vote
11028.0 20471.0 288.0 104.0 upon
11408.0 20448.0 184.0 104.0 thn
11656.0 20448.0 188.0 100.0 bill
11895.0 20476.0 64.0 76.0 a
12012.0 20451.0 472.0 104.0 number
12544.0 20455.0 120.0 100.0 ot

9896.0 20580.0 540.0 92.0 members
10524.0 20563.0 532.0 104.0 absented
11140.0 20563.0 660.0 108.0 themselves
11860.0 20568.0 224.0 104.0 and
12143.0 20568.0 332.0 104.0 tailed
12548.0 20576.0 116.0 100.0 to

9896.0 20691.0 284.0 96.0 vote.
10308.0 20679.0 788.0 104.0 Consideiablo
11196.0 20679.0 592.0 108.0 contusion
11884.0 20683.0 480.0 104.0 resulted
12436.0 20695.0 224.0 96.0 and

9892.0 20800.0 416.0 104.0 seveial
10416.0 20795.0 532.0 120.0 explanat
10996.0 20823.0 208.0 76.0 ems
11308.0 20804.0 108.0 96.0 ot
11524.0 20812.0 308.0 84.0 votes
11944.0 20819.0 284.0 84.0 were
12300.0 20819.0 320.0 84.0 made1
12624.0 20879.0 28.0 40.0 ,

9892.0 20944.0 412.0 96.0 among
10408.0 20915.0 296.0 100.0 them
10796.0 20936.0 212.0 76.0 ono
11096.0 20919.0 136.0 120.0 by
11280.0 20919.0 196.0 96.0 Mr.
11532.0 20911.0 584.0 124.0 Dempster
12196.0 20923.0 112.0 92.0 ol
12424.0 20919.0 244.0 104.0 rill-

9900.0 21063.0 296.0 72.0 more'
10200.0 21107.0 28.0 40.0 ,
10284.0 21036.0 244.0 96.0 who
10580.0 21028.0 320.0 104.0 voted
10956.0 21032.0 212.0 100.0 "no
11172.0 21107.0 28.0 40.0 ,
11216.0 21032.0 64.0 56.0 "
11328.0 21032.0 220.0 104.0 and
11616.0 21032.0 496.0 100.0 believed
12163.0 21036.0 240.0 100.0 that
12468.0 21063.0 148.0 76.0 un-

9896.0 21155.0 224.0 96.0 fair
10200.0 21172.0 384.0 76.0 means
10676.0 21143.0 212.0 104.0 had
10960.0 21147.0 264.0 104.0 been
11280.0 21147.0 484.0 104.0 icMHtcd
11812.0 21151.0 112.0 92.0 to
11980.0 21147.0 108.0 104.0 In
12143.0 21155.0 520.0 112.0 seeming

9896.0 21272.0 184.0 100.0 the
10128.0 21264.0 544.0 104.0 locations
10716.0 21268.0 580.0 116.0 suggested
11356.0 21264.0 104.0 100.0 In
11516.0 21264.0 184.0 96.0 the
11744.0 21264.0 728.0 108.0 amendment
12520.0 21272.0 140.0 120.0 by

9892.0 21412.0 180.0 76.0 cor
10084.0 21412.0 28.0 72.0 i
10140.0 21408.0 104.0 96.0 ill
10264.0 21391.0 64.0 88.0 it
10436.0 21387.0 560.0 112.0 compacts
11096.0 21383.0 224.0 100.0 and
11408.0 21379.0 360.0 100.0 trades
11776.0 21448.0 28.0 40.0 ,
11875.0 21379.0 224.0 104.0 and
12168.0 21383.0 240.0 104.0 that
12476.0 21387.0 188.0 100.0 the

9888.0 21507.0 292.0 96.0 state
10228.0 21492.0 360.0 108.0 would
10640.0 21500.0 196.0 96.0 not
10884.0 21496.0 128.0 100.0 be
11060.0 21496.0 232.0 104.0 best
11332.0 21492.0 384.0 108.0 sene-d
11768.0 21479.0 136.0 132.0 by
11952.0 21496.0 348.0 108.0 them.

10012.0 21615.0 200.0 104.0 Mi.
10300.0 21607.0 636.0 104.0 Bowman's
11004.0 21611.0 344.0 104.0 house
11468.0 21607.0 204.0 104.0 roll
11751.0 21611.0 116.0 92.0 20
11875.0 21684.0 24.0 44.0 ,
11984.0 21615.0 680.0 120.0 appropilat-

9896.0 21732.0 192.0 116.0 ing
10272.0 21732.0 344.0 104.0 S.1STI
10784.0 21732.0 176.0 96.0 tor
11116.0 21732.0 184.0 104.0 the
11420.0 21735.0 532.0 116.0 pavment
12132.0 21735.0 120.0 96.0 of
12480.0 21739.0 184.0 96.0 the

9888.0 21843.0 684.0 128.0 publication
10704.0 21843.0 120.0 96.0 of
10952.0 21839.0 176.0 104.0 the
11252.0 21831.0 836.0 120.0 constitutional
12220.0 21851.0 404.0 104.0 amend-

9892.0 21967.0 308.0 96.0 ment
10360.0 21956.0 604.0 104.0 submitted
11148.0 21967.0 112.0 100.0 to
11492.0 21956.0 188.0 100.0 tlm
11920.0 21963.0 388.0 112.0 people
12548.0 21975.0 116.0 96.0 at

9888.0 22083.0 188.0 96.0 tlm
10168.0 22079.0 212.0 100.0 last
10488.0 22071.0 452.0 120.0 gonc'ial
11024.0 22075.0 456.0 108.0 election
11492.0 22144.0 28.0 48.0 ,
11580.0 22096.0 228.0 76.0 was
11892.0 22079.0 396.0 116.0 passed
12372.0 22079.0 140.0 124.0 by
12600.0 22115.0 60.0 72.0 a

9888.0 22195.0 408.0 100.0 voteot
10368.0 22192.0 112.0 100.0 74
10536.0 22192.0 112.0 100.0 in
10704.0 22192.0 184.0 100.0 the
10992.0 22192.0 644.0 104.0 afliimatlve
11640.0 22263.0 24.0 40.0 ,
11720.0 22211.0 304.0 84.0 none
12120.0 22195.0 248.0 104.0 bcln
12540.0 22195.0 116.0 108.0 In

9884.0 22311.0 188.0 104.0 the
10136.0 22316.0 552.0 112.0 negative.

10004.0 22427.0 104.0 100.0 A
10164.0 22451.0 496.0 92.0 message
10704.0 22420.0 120.0 104.0 of
10908.0 22416.0 184.0 112.0 tlio
11140.0 22443.0 536.0 100.0 governor
11720.0 22447.0 232.0 76.0 was
12016.0 22423.0 256.0 104.0 read
12284.0 22500.0 24.0 40.0 ,
12408.0 22456.0 256.0 80.0 con-

9884.0 22543.0 452.0 100.0 talniinr
10388.0 22539.0 172.0 100.0 Ids
10608.0 22539.0 784.0 120.0 pioclaimUon
11440.0 22539.0 128.0 100.0 of.
11652.0 22535.0 184.0 100.0 tin1
11884.0 22535.0 536.0 116.0 adoption
12520.0 22548.0 144.0 124.0 by

9888.0 22659.0 184.0 100.0 tlm
10120.0 22655.0 392.0 120.0 people
10556.0 22667.0 112.0 88.0 at
10716.0 22655.0 188.0 100.0 thu
10948.0 22655.0 204.0 104.0 last
11200.0 22652.0 444.0 128.0 ecneial
11692.0 22655.0 476.0 104.0 election
12264.0 22667.0 108.0 92.0 ol
12476.0 22667.0 188.0 96.0 tlm

9880.0 22780.0 732.0 96.0 amendment
10656.0 22780.0 36.0 96.0 t
10704.0 22799.0 24.0 64.0 <
10744.0 22799.0 28.0 64.0 >
10820.0 22767.0 184.0 104.0 the
11048.0 22771.0 728.0 108.0 constitution
11828.0 22776.0 600.0 136.0 providing
12484.0 22788.0 172.0 96.0 lor-

9884.0 22916.0 64.0 76.0 a
9996.0 22887.0 624.0 120.0 legislative
10704.0 22887.0 432.0 108.0 session
11220.0 22891.0 132.0 100.0 of
11400.0 22887.0 304.0 116.0 sixty
11792.0 22872.0 280.0 136.0 daj.s
12080.0 22964.0 24.0 48.0 ,
12156.0 22876.0 224.0 120.0 and
12468.0 22903.0 192.0 96.0 the

9888.0 23003.0 832.0 108.0 remuneiution
10772.0 23003.0 112.0 100.0 ot
10960.0 23012.0 532.0 100.0 members
11540.0 23016.0 112.0 88.0 at
11696.0 22999.0 128.0 104.0 S1)
11796.0 23012.0 28.0 84.0 )
11872.0 23027.0 192.0 100.0 per
12104.0 23008.0 252.0 120.0 day.

10004.0 23127.0 172.0 96.0 On
10232.0 23119.0 424.0 120.0 motion
10768.0 23127.0 108.0 92.0 ot
10952.0 23119.0 200.0 112.0 Mr.
11204.0 23112.0 664.0 120.0 Pemberton
11928.0 23119.0 120.0 100.0 of
12088.0 23119.0 564.0 112.0 Jetleison

9880.0 23240.0 184.0 100.0 the
10116.0 23259.0 500.0 80.0 message
10668.0 23259.0 228.0 76.0 was
10944.0 23236.0 372.0 124.0 placed
11368.0 23259.0 292.0 104.0 upon
11712.0 23236.0 188.0 100.0 the
11948.0 23240.0 468.0 104.0 records.

9992.0 23376.0 240.0 100.0 Tlio
10280.0 23371.0 188.0 104.0 bill
10556.0 23376.0 120.0 100.0 of
10740.0 23371.0 204.0 108.0 Mr.
11036.0 23380.0 404.0 120.0 Kwlnif
11520.0 23376.0 124.0 100.0 cf
11716.0 23371.0 256.0 104.0 Hall
12028.0 23384.0 624.0 124.0 amending

9876.0 23495.0 420.0 100.0 section
10344.0 23495.0 116.0 92.0 48
10464.0 23564.0 28.0 44.0 ,
10544.0 23491.0 384.0 100.0 article
10980.0 23495.0 32.0 96.0 1
11028.0 23568.0 28.0 48.0 ,
11104.0 23503.0 452.0 128.0 chapter
11588.0 23495.0 60.0 92.0 4
11656.0 23564.0 24.0 48.0 ,
11732.0 23491.0 224.0 104.0 and
12048.0 23499.0 600.0 116.0 providing

9880.0 23612.0 236.0 104.0 that
10164.0 23608.0 184.0 108.0 the
10392.0 23631.0 440.0 76.0 owners
10916.0 23616.0 120.0 96.0 ot
11096.0 23604.0 512.0 116.0 stallions
11612.0 23679.0 32.0 44.0 ,
11732.0 23608.0 316.0 120.0 jacks
12136.0 23639.0 108.0 76.0 oi
12368.0 23616.0 288.0 108.0 bulls

9876.0 23727.0 284.0 100.0 shall
10212.0 23727.0 276.0 100.0 have
10528.0 23752.0 68.0 72.0 a
10636.0 23723.0 228.0 100.0 Hen
10920.0 23748.0 304.0 108.0 upon
11260.0 23731.0 184.0 112.0 the
11528.0 23723.0 348.0 100.0 cetof
11964.0 23727.0 268.0 100.0 such
12336.0 23735.0 176.0 100.0 for
12592.0 23763.0 64.0 76.0 n

9880.0 23840.0 376.0 120.0 period
10300.0 23844.0 296.0 100.0 alter
10680.0 23840.0 288.0 104.0 biith
11056.0 23847.0 184.0 104.0 for
11312.0 23840.0 472.0 116.0 services
11848.0 23844.0 124.0 96.0 of
12060.0 23847.0 248.0 104.0 said
12396.0 23851.0 196.0 104.0 ani-

9880.0 23959.0 276.0 108.0 mals
10164.0 24035.0 20.0 44.0 ,
10244.0 23980.0 224.0 76.0 was
10516.0 23972.0 396.0 104.0 passed
10960.0 23959.0 64.0 100.0 b
11032.0 23987.0 32.0 48.0 <
11072.0 23987.0 28.0 28.0 *
11192.0 23987.0 48.0 88.0 i
11280.0 23967.0 248.0 100.0 vote
11572.0 23959.0 128.0 92.0 of
11756.0 23959.0 120.0 92.0 OS
11924.0 23972.0 112.0 84.0 to
12076.0 23967.0 88.0 96.0 4.

9992.0 24072.0 240.0 104.0 The
10276.0 24072.0 348.0 104.0 billet
10708.0 24072.0 200.0 104.0 Mr.
10996.0 24079.0 644.0 104.0 Newcomer
11640.0 24139.0 28.0 52.0 ,
11716.0 24072.0 124.0 100.0 of
11908.0 24068.0 508.0 112.0 Webster
12416.0 24147.0 28.0 36.0 ,
12500.0 24103.0 112.0 76.0 re-

9876.0 24187.0 356.0 108.0 lating
10284.0 24204.0 112.0 84.0 to
10444.0 24187.0 188.0 104.0 the
10736.0 24195.0 292.0 100.0 cieat
11044.0 24191.0 184.0 108.0 ion
11332.0 24191.0 120.0 104.0 of
11528.0 24187.0 192.0 104.0 the
11824.0 24187.0 380.0 104.0 olllces
12276.0 24204.0 120.0 92.0 ot
12492.0 24195.0 112.0 100.0 Inspector

9872.0 24311.0 436.0 120.0 specter
10388.0 24304.0 228.0 104.0 and
10692.0 24304.0 416.0 124.0 deputy
11204.0 24315.0 620.0 112.0 inspectors
11868.0 24311.0 120.0 96.0 ot
12100.0 24311.0 212.0 100.0 oils
12320.0 24383.0 20.0 44.0 ,
12468.0 24315.0 188.0 96.0 tlm

9876.0 24447.0 252.0 76.0 man
10152.0 24444.0 200.0 80.0 nor
10392.0 24427.0 120.0 96.0 of
10584.0 24423.0 620.0 120.0 inspection
11280.0 24423.0 220.0 104.0 and
11588.0 24423.0 236.0 96.0 fes
11828.0 24491.0 28.0 40.0 ,
11932.0 24447.0 236.0 76.0 was
12248.0 24427.0 408.0 112.0 passed

9876.0 24539.0 136.0 124.0 by
10060.0 24567.0 64.0 72.0 a
10172.0 24563.0 44.0 76.0 v
10244.0 24539.0 180.0 100.0 ote
10468.0 24539.0 120.0 96.0 of
10648.0 24539.0 120.0 92.0 ou
10808.0 24543.0 112.0 96.0 to
10960.0 24543.0 88.0 100.0 0.
11172.0 24543.0 236.0 108.0 The
11440.0 24536.0 584.0 112.0 Inspector
12064.0 24536.0 96.0 104.0 Is
12208.0 24551.0 116.0 88.0 to
12376.0 24543.0 192.0 104.0 bav
12596.0 24572.0 64.0 72.0 o

9872.0 24683.0 64.0 72.0 a
9984.0 24655.0 368.0 104.0 salary
10396.0 24651.0 120.0 104.0 of
10584.0 24651.0 352.0 108.0 S'.OOO
11020.0 24683.0 200.0 84.0 per
11292.0 24683.0 44.0 96.0 j
11364.0 24675.0 192.0 80.0 ear
11548.0 24727.0 32.0 40.0 ,
11632.0 24651.0 228.0 104.0 and
11972.0 24655.0 188.0 104.0 the
12232.0 24664.0 424.0 120.0 deputy

9880.0 24775.0 640.0 120.0 Inspectors
10564.0 24771.0 256.0 100.0 Sl"0
10864.0 24795.0 192.0 96.0 per
11091.0 24775.0 348.0 108.0 inontl
11520.0 24767.0 304.0 100.0 each.

9996.0 24883.0 384.0 104.0 House
10428.0 24887.0 200.0 100.0 roll
10692.0 24887.0 180.0 96.0 2.'SO
10876.0 24959.0 24.0 44.0 ,
11012.0 24887.0 148.0 124.0 by
11260.0 24887.0 172.0 108.0 Mr
11444.0 24848.0 36.0 148.0 !
11596.0 24879.0 292.0 104.0 Lord
11992.0 24883.0 128.0 100.0 of
12224.0 24883.0 392.0 108.0 Hiitlcr
12620.0 24963.0 24.0 44.0 ,

9872.0 24999.0 620.0 116.0 amending
10536.0 25003.0 424.0 100.0 section
11012.0 25015.0 40.0 88.0 i
11068.0 25080.0 28.0 48.0 ,
11144.0 25003.0 456.0 120.0 chapter
11640.0 25003.0 52.0 92.0 4
11708.0 24999.0 84.0 116.0 %
11900.0 25003.0 228.0 100.0 and
12220.0 25003.0 396.0 124.0 provid-

9880.0 25139.0 188.0 96.0 ing
10124.0 25119.0 176.0 100.0 for
10340.0 25124.0 192.0 96.0 Urn
10576.0 25115.0 508.0 108.0 Issuance
11128.0 25103.0 120.0 120.0 of
11312.0 25119.0 356.0 104.0 bonds
11712.0 25115.0 144.0 108.0 bv
11900.0 25139.0 232.0 92.0 any
12232.0 25132.0 424.0 112.0 county

9872.0 25255.0 120.0 76.0 or
10032.0 25231.0 232.0 124.0 city
10296.0 25239.0 116.0 96.0 to
10460.0 25231.0 300.0 104.0 build
10812.0 25243.0 308.0 96.0 court
11168.0 25239.0 400.0 104.0 houses
11616.0 25231.0 220.0 100.0 and
11900.0 25235.0 536.0 104.0 rallioads
12532.0 25260.0 128.0 80.0 or

9872.0 25347.0 320.0 100.0 other
10240.0 25352.0 304.0 96.0 work
10652.0 25352.0 120.0 100.0 of
10852.0 25352.0 488.0 108.0 Internal
11448.0 25360.0 824.0 100.0 Improvement
12280.0 25423.0 24.0 44.0 ,
12424.0 25379.0 232.0 80.0 was

9876.0 25463.0 432.0 124.0 passed.
10436.0 25463.0 244.0 104.0 The
10720.0 25483.0 464.0 92.0 amount
11232.0 25448.0 92.0 128.0 Is
11368.0 25475.0 112.0 96.0 to
11524.0 25463.0 132.0 104.0 be
11708.0 25463.0 708.0 108.0 determined
12515.0 25471.0 144.0 120.0 by

9876.0 25588.0 184.0 92.0 the
10104.0 25579.0 424.0 116.0 county
10572.0 25579.0 332.0 104.0 board
10952.0 25611.0 128.0 76.0 or
11116.0 25588.0 152.0 100.0 eit
11280.0 25611.0 40.0 104.0 )
11388.0 25575.0 436.0 108.0 council
11932.0 25584.0 228.0 100.0 nnd
12252.0 25588.0 196.0 100.0 not
12540.0 25595.0 116.0 92.0 to

9872.0 25695.0 404.0 104.0 exceed
10332.0 25699.0 108.0 92.0 10
10484.0 25720.0 196.0 112.0 per
10720.0 25703.0 260.0 96.0 cent
11024.0 25707.0 120.0 96.0 of
11188.0 25711.0 192.0 96.0 tbo
11480.0 25695.0 500.0 100.0 assessed
12076.0 25699.0 572.0 108.0 valuation

9872.0 25816.0 120.0 92.0 of
10036.0 25812.0 144.0 100.0 all
10232.0 25816.0 444.0 96.0 taxable
10720.0 25827.0 512.0 112.0 property
11284.0 25799.0 112.0 120.0 In
11452.0 25820.0 264.0 96.0 Eticli
11751.0 25820.0 424.0 112.0 county
12220.0 25839.0 128.0 80.0 or
12384.0 25816.0 264.0 112.0 city.

9868.0 25927.0 244.0 108.0 The
10160.0 25931.0 520.0 120.0 question
10732.0 25931.0 124.0 100.0 of
10904.0 25935.0 180.0 100.0 the
11128.0 25956.0 308.0 84.0 same
11483.0 25931.0 88.0 100.0 Is
11624.0 25939.0 116.0 88.0 to
11824.0 25927.0 132.0 96.0 be
12044.0 25931.0 616.0 104.0 submitted

9876.0 26052.0 112.0 92.0 to
10032.0 26071.0 64.0 76.0 a
10148.0 26052.0 248.0 92.0 vote
10440.0 26044.0 124.0 100.0 of
10648.0 26044.0 188.0 104.0 the
10916.0 26052.0 100.0 96.0 le
11096.0 26052.0 108.0 104.0 al
11296.0 26052.0 364.0 104.0 voters
11732.0 26044.0 124.0 96.0 of
11944.0 26035.0 188.0 108.0 the
12236.0 26052.0 424.0 120.0 county

9872.0 26159.0 336.0 100.0 bonnl
10260.0 26180.0 120.0 80.0 or
10424.0 26159.0 472.0 104.0 council.

9984.0 26295.0 208.0 104.0 Mr.
10248.0 26295.0 612.0 108.0 Sullivan's
10908.0 26299.0 196.0 108.0 bill
11156.0 26299.0 596.0 116.0 providing
11800.0 26299.0 180.0 100.0 for
12024.0 26299.0 628.0 124.0 refunding

9876.0 26419.0 108.0 96.0 to
10032.0 26412.0 604.0 108.0 Columbus
10736.0 26419.0 124.0 100.0 of
10948.0 26423.0 352.0 104.0 S63.0
11384.0 26412.0 688.0 120.0 wiongfully
12160.0 26419.0 492.0 124.0 charged

9876.0 26535.0 172.0 96.0 for
10092.0 26531.0 184.0 100.0 the
10324.0 26535.0 668.0 124.0 registering
11028.0 26543.0 128.0 100.0 of
11196.0 26539.0 344.0 108.0 water
11572.0 26531.0 356.0 104.0 bonds
11980.0 26531.0 140.0 116.0 by
12168.0 26535.0 188.0 100.0 tlm
12468.0 26559.0 140.0 80.0 au-

9868.0 26648.0 296.0 104.0 ditor
10164.0 26719.0 32.0 48.0 ,
10252.0 26671.0 228.0 80.0 was
10524.0 26651.0 428.0 116.0 passed.

9988.0 26763.0 204.0 104.0 Mr.
10260.0 26759.0 368.0 112.0 While
10676.0 26771.0 112.0 100.0 ot
10836.0 26771.0 276.0 100.0 Cass
11164.0 26771.0 388.0 104.0 moved
11668.0 26767.0 116.0 96.0 to
11868.0 26784.0 196.0 84.0 sus
12076.0 26791.0 28.0 92.0 |
12120.0 26795.0 24.0 60.0 >
12140.0 26767.0 224.0 100.0 cnd
12464.0 26763.0 192.0 108.0 tlm

9868.0 26879.0 332.0 104.0 order
10236.0 26883.0 128.0 96.0 of
10412.0 26887.0 508.0 96.0 business
10960.0 26887.0 228.0 104.0 and
11232.0 26891.0 328.0 100.0 listen
11620.0 26883.0 112.0 96.0 to
11780.0 26876.0 188.0 108.0 the
12072.0 26887.0 380.0 116.0 report
12532.0 26887.0 124.0 96.0 ot

9872.0 26999.0 184.0 100.0 the
10100.0 26995.0 412.0 124.0 special
10556.0 26999.0 644.0 108.0 committee
11240.0 27027.0 148.0 80.0 nn
11440.0 27003.0 184.0 100.0 the
11672.0 26991.0 472.0 108.0 number
12188.0 26999.0 124.0 96.0 of
12416.0 27023.0 240.0 80.0 cm-

9872.0 27111.0 380.0 124.0 plojes
10308.0 27111.0 112.0 108.0 In
10476.0 27111.0 184.0 104.0 the
10708.0 27111.0 376.0 116.0 house.
11152.0 27123.0 240.0 100.0 Tlio
11440.0 27115.0 424.0 104.0 motion
11920.0 27135.0 228.0 80.0 was
12220.0 27111.0 248.0 104.0 lost.

9984.0 27231.0 172.0 104.0 On
10204.0 27231.0 416.0 104.0 motion
10676.0 27231.0 124.0 100.0 of
10892.0 27231.0 200.0 112.0 Mr.
11188.0 27227.0 532.0 116.0 Caldwell
11828.0 27231.0 124.0 96.0 of
12048.0 27227.0 612.0 104.0 Lancaster

9868.0 27339.0 184.0 108.0 the
10088.0 27343.0 412.0 112.0 special
10548.0 27347.0 328.0 108.0 order
10976.0 27355.0 180.0 100.0 tor
11260.0 27347.0 272.0 108.0 to-ui
11620.0 27343.0 116.0 104.0 ht
11724.0 27415.0 44.0 40.0 ,
11888.0 27339.0 192.0 108.0 the
12172.0 27343.0 472.0 108.0 Lincoln

9868.0 27463.0 436.0 104.0 charter
10304.0 27531.0 24.0 56.0 ,
10452.0 27487.0 228.0 80.0 was
10744.0 27468.0 560.0 108.0 extended
11408.0 27472.0 116.0 100.0 to
11620.0 27468.0 640.0 104.0 tomorrow
12344.0 27472.0 112.0 96.0 at
12544.0 27468.0 116.0 96.0 10

9868.0 27575.0 472.0 108.0 o'clock.

9984.0 27695.0 220.0 104.0 Mr.
10268.0 27691.0 392.0 108.0 Lord's
10708.0 27691.0 192.0 112.0 bill
10948.0 27695.0 616.0 112.0 amending
11640.0 27691.0 424.0 108.0 flection
12156.0 27695.0 112.0 96.0 R4
12280.0 27763.0 28.0 48.0 ,
12400.0 27691.0 208.0 108.0 arti-

9864.0 27807.0 172.0 104.0 cle
10084.0 27815.0 28.0 96.0 1
10136.0 27879.0 28.0 48.0 ,
10220.0 27811.0 460.0 124.0 chapter
10724.0 27819.0 112.0 96.0 18
10836.0 27888.0 32.0 44.0 ,
10924.0 27840.0 228.0 84.0 was
11196.0 27811.0 428.0 140.0 passed.
11744.0 27807.0 108.0 108.0 It
11900.0 27811.0 516.0 120.0 provides
12476.0 27815.0 180.0 96.0 for

9868.0 27928.0 192.0 100.0 the
10104.0 27928.0 436.0 104.0 regular
10588.0 27928.0 556.0 124.0 meetlpKs
11228.0 27935.0 128.0 104.0 of
11436.0 27928.0 700.0 124.0 supervisors
12224.0 27951.0 144.0 76.0 on
12468.0 27928.0 188.0 104.0 the

9872.0 28051.0 232.0 100.0 br-t
10160.0 28039.0 716.0 136.0 Wednesday
10916.0 28059.0 300.0 108.0 alter
11296.0 28059.0 160.0 104.0 tat
11456.0 28075.0 28.0 80.0 )
11568.0 28051.0 244.0 100.0 first
11904.0 28039.0 532.0 128.0 Tuesday
12532.0 28068.0 116.0 84.0 in

12924.0 2724.0 520.0 108.0 .lanuarv
13512.0 2736.0 220.0 104.0 nnd
13788.0 2760.0 136.0 80.0 on
13984.0 2736.0 508.0 104.0 theStlrst
14584.0 2732.0 524.0 124.0 Tuesddy
15160.0 2732.0 292.0 108.0 after
15503.0 2744.0 184.0 96.0 the

12892.0 2848.0 408.0 100.0 s-'cond
13348.0 2836.0 492.0 140.0 Monday
13892.0 2856.0 112.0 100.0 In
14056.0 2856.0 336.0 104.0 June.

13016.0 2964.0 208.0 104.0 Mr.
13280.0 2972.0 40.0 92.0 (
13336.0 2968.0 472.0 100.0 lltlnrd's
13855.0 2964.0 192.0 108.0 bill
14103.0 2980.0 172.0 92.0 tor
14324.0 2972.0 188.0 104.0 the
14548.0 2964.0 320.0 108.0 relief
14960.0 2972.0 124.0 96.0 of
15188.0 2964.0 500.0 104.0 Dcitilcn

12896.0 3080.0 116.0 100.0 to
13051.0 3084.0 180.0 96.0 the
13280.0 3088.0 468.0 100.0 amount
13792.0 3088.0 120.0 96.0 of
14019.0 3088.0 260.0 104.0 S'-'OO
14364.0 3088.0 112.0 100.0 In
14572.0 3116.0 60.0 72.0 o
14716.0 3112.0 256.0 76.0 case
15060.0 3084.0 408.0 104.0 simllai
15572.0 3092.0 116.0 92.0 to

12900.0 3200.0 240.0 96.0 that
13228.0 3200.0 120.0 96.0 of
13456.0 3200.0 604.0 104.0 Columbus
14068.0 3272.0 28.0 44.0 ,
14207.0 3200.0 344.0 108.0 above
14656.0 3200.0 640.0 104.0 mentioned
15312.0 3272.0 24.0 52.0 ,
15460.0 3228.0 228.0 76.0 was

12896.0 3328.0 428.0 104.0 passed.

13016.0 3424.0 204.0 108.0 Mr.
13284.0 3424.0 456.0 112.0 Watson
13796.0 3432.0 120.0 104.0 of
14004.0 3436.0 280.0 104.0 Otoo
14371.0 3432.0 392.0 108.0 moved
14860.0 3444.0 112.0 96.0 to
15071.0 3456.0 420.0 80.0 concur
15556.0 3428.0 116.0 108.0 In

12896.0 3540.0 188.0 104.0 the
13132.0 3556.0 384.0 96.0 senate
13564.0 3544.0 724.0 112.0 amendment
14340.0 3564.0 112.0 92.0 ot
14508.0 3556.0 512.0 112.0 83,0..73
14768.0 3564.0 28.0 84.0 !
15071.0 3548.0 436.0 108.0 Instead
15560.0 3552.0 124.0 96.0 of

12896.0 3664.0 320.0 104.0 ijo.Otx
13215.0 3668.0 32.0 88.0 )
13292.0 3672.0 112.0 92.0 to
13452.0 3668.0 604.0 100.0 relmbutso
14103.0 3668.0 284.0 104.0 Otoe
14436.0 3680.0 416.0 112.0 county
14924.0 3676.0 172.0 92.0 lor
15188.0 3688.0 496.0 104.0 expense

12900.0 3776.0 508.0 108.0 Incurred
13463.0 3784.0 112.0 100.0 In
13656.0 3788.0 180.0 100.0 the
13908.0 3788.0 712.0 120.0 prosecution
14676.0 3796.0 112.0 92.0 ot
14843.0 3788.0 296.0 120.0 Quin
15244.0 3784.0 440.0 100.0 Holian-

12896.0 3912.0 268.0 84.0 non.

13020.0 4008.0 240.0 104.0 'Iho
13319.0 4012.0 408.0 116.0 special
13780.0 4016.0 636.0 104.0 committee
14464.0 4040.0 144.0 80.0 on
14664.0 4016.0 572.0 120.0 cmplojes
15284.0 4020.0 120.0 96.0 of
15492.0 4016.0 188.0 100.0 the

12896.0 4124.0 344.0 104.0 house
13296.0 4132.0 320.0 100.0 made
13668.0 4132.0 504.0 124.0 majoritv
14244.0 4136.0 224.0 100.0 and
14564.0 4136.0 536.0 120.0 minority
15208.0 4140.0 464.0 116.0 repoiK

12892.0 4240.0 244.0 104.0 Tlm
13184.0 4252.0 420.0 96.0 tciimer
13604.0 4320.0 24.0 40.0 ,
13728.0 4248.0 400.0 124.0 signed
14240.0 4252.0 140.0 116.0 by
14488.0 4248.0 460.0 104.0 Mcysis.
15084.0 4244.0 364.0 104.0 Uhlto
15560.0 4256.0 120.0 92.0 of

12896.0 4360.0 304.0 116.0 Cass
13252.0 4364.0 220.0 100.0 and
13532.0 4364.0 372.0 104.0 Peters
13912.0 4436.0 28.0 48.0 ,
13996.0 4368.0 120.0 100.0 of
14196.0 4364.0 372.0 104.0 Hoone
14575.0 4440.0 24.0 44.0 ,
14692.0 4364.0 452.0 104.0 snowed
15252.0 4368.0 432.0 120.0 cluht.v-

12896.0 4476.0 308.0 104.0 three
13248.0 4480.0 568.0 124.0 employes
13860.0 4508.0 144.0 76.0 on
14060.0 4484.0 184.0 100.0 tlm
14292.0 4508.0 212.0 100.0 pay
14555.0 4480.0 192.0 104.0 roll
14763.0 4552.0 24.0 36.0 ,
14843.0 4480.0 148.0 104.0 all
15080.0 4484.0 124.0 96.0 of
15312.0 4484.0 364.0 100.0 which

12896.0 4596.0 80.0 96.0 It
13028.0 4599.0 840.0 100.0 iccommcndcd
13920.0 4599.0 684.0 112.0 discharged.
14736.0 4596.0 204.0 108.0 Mi.
15048.0 4592.0 400.0 104.0 Dlckln
15527.0 4620.0 140.0 76.0 on

12892.0 4708.0 124.0 96.0 of
13068.0 4704.0 600.0 112.0 Lancaster
13748.0 4716.0 400.0 108.0 signed
14196.0 4720.0 188.0 96.0 the
14431.0 4720.0 532.0 116.0 minority
15011.0 4720.0 368.0 100.0 report
15452.0 4712.0 224.0 104.0 and

12892.0 4820.0 576.0 108.0 dissented
13524.0 4836.0 280.0 96.0 from
13855.0 4836.0 188.0 96.0 thu
14096.0 4832.0 520.0 120.0 majority
14684.0 4852.0 140.0 76.0 on
14944.0 4828.0 188.0 104.0 the
15235.0 4844.0 436.0 104.0 ground

12896.0 4940.0 236.0 100.0 that
13184.0 4940.0 188.0 104.0 the
13456.0 4944.0 568.0 116.0 tinploves
14136.0 4972.0 288.0 76.0 were
14532.0 4944.0 620.0 124.0 absolutely
15244.0 4944.0 432.0 104.0 needed

12896.0 5076.0 256.0 80.0 now
13244.0 5059.0 240.0 100.0 that
13584.0 5059.0 648.0 136.0 expedition
14348.0 5088.0 228.0 76.0 was
14679.0 5059.0 504.0 128.0 icqiilrud
15299.0 5059.0 112.0 104.0 in
15492.0 5059.0 188.0 104.0 tlm

12896.0 5180.0 684.0 96.0 transaction
13632.0 5200.0 120.0 76.0 or
13820.0 5176.0 552.0 108.0 business.

13012.0 5288.0 196.0 108.0 Mr.
13272.0 5288.0 368.0 104.0 White
13688.0 5296.0 240.0 100.0 said
13979.0 5296.0 232.0 100.0 that
14272.0 5296.0 112.0 100.0 In
14440.0 5292.0 280.0 108.0 view
14803.0 5292.0 120.0 104.0 of
15031.0 5292.0 188.0 104.0 tlm
15284.0 5296.0 396.0 100.0 cnten-

12892.0 5400.0 248.0 104.0 slon
13195.0 5412.0 104.0 96.0 ol
13364.0 5416.0 184.0 96.0 the
13584.0 5408.0 384.0 124.0 length
14016.0 5416.0 120.0 96.0 of
14184.0 5408.0 184.0 104.0 thti
14411.0 5412.0 432.0 100.0 session
14940.0 5432.0 144.0 84.0 no
15192.0 5416.0 488.0 96.0 member

12904.0 5544.0 224.0 76.0 was
13175.0 5519.0 432.0 108.0 willing
13656.0 5532.0 116.0 96.0 to
13820.0 5536.0 316.0 92.0 tavor
14184.0 5528.0 184.0 100.0 the
14416.0 5528.0 584.0 104.0 discharge
15040.0 5528.0 120.0 96.0 eit
15240.0 5548.0 228.0 92.0 any
15556.0 5524.0 124.0 96.0 ot

12892.0 5636.0 188.0 100.0 the
13128.0 5640.0 388.0 120.0 people
13564.0 5644.0 136.0 96.0 ho
13748.0 5640.0 212.0 104.0 had
13999.0 5644.0 448.0 100.0 secured
14492.0 5644.0 356.0 120.0 places
14892.0 5644.0 472.0 100.0 toreach
15416.0 5664.0 256.0 80.0 man

12900.0 5752.0 424.0 120.0 tceling
13376.0 5756.0 232.0 100.0 that
13660.0 5756.0 168.0 100.0 his
13916.0 5760.0 656.0 120.0 appointees
14668.0 5784.0 284.0 76.0 weie
15040.0 5756.0 624.0 120.0 absolutely

12896.0 5876.0 664.0 116.0 nece'ss.irj.l
13604.0 5872.0 128.0 100.0 To
13776.0 5880.0 180.0 112.0 got
14004.0 5900.0 272.0 76.0 over
14320.0 5876.0 184.0 100.0 tlm
14548.0 5872.0 540.0 124.0 difllcutty
15096.0 5944.0 24.0 48.0 ,
15160.0 5876.0 260.0 96.0 thev
15463.0 5872.0 212.0 100.0 had

12892.0 5988.0 592.0 116.0 suggested
13536.0 5988.0 184.0 104.0 the
13768.0 5988.0 580.0 116.0 discharge
14396.0 5992.0 120.0 96.0 of
14564.0 5992.0 148.0 100.0 all
14763.0 5992.0 224.0 100.0 and
15100.0 5992.0 184.0 96.0 the
15396.0 6012.0 276.0 76.0 ICMI-

12892.0 6100.0 480.0 120.0 tanging
13416.0 6108.0 112.0 92.0 ol
13580.0 6104.0 312.0 100.0 thosei
13944.0 6108.0 248.0 96.0 who
14247.0 6132.0 284.0 76.0 weio
14639.0 6112.0 292.0 96.0 most
15036.0 6108.0 636.0 116.0 competent

12888.0 6220.0 224.0 96.0 ami
13168.0 6224.0 472.0 96.0 needed.

13008.0 6332.0 204.0 104.0 Mr.
13276.0 6332.0 376.0 104.0 Peters
13696.0 6340.0 124.0 100.0 of
13872.0 6336.0 380.0 104.0 Hoone
14296.0 6332.0 240.0 104.0 said
14628.0 6336.0 304.0 100.0 theio
14980.0 6360.0 288.0 80.0 wcio
15336.0 6356.0 340.0 96.0 many

12892.0 6452.0 388.0 136.0 people
13324.0 6476.0 144.0 76.0 on
13520.0 6452.0 184.0 104.0 the
13760.0 6480.0 212.0 100.0 pay
14019.0 6452.0 200.0 104.0 roll
14272.0 6460.0 252.0 92.0 who
14608.0 6452.0 212.0 100.0 had
14880.0 6460.0 192.0 92.0 not
15120.0 6448.0 292.0 100.0 done
15460.0 6472.0 220.0 76.0 one

12888.0 6556.0 312.0 116.0 dav's
13252.0 6564.0 300.0 104.0 work
13604.0 6572.0 312.0 100.0 since
13968.0 6572.0 180.0 96.0 the
14196.0 6568.0 656.0 112.0 openln.'of
14924.0 6568.0 184.0 100.0 tlm
15195.0 6564.0 432.0 100.0 session
15644.0 6636.0 24.0 40.0 ,

12888.0 6708.0 308.0 76.0 some
13244.0 6680.0 108.0 104.0 in
13412.0 6684.0 216.0 104.0 fact
13684.0 6688.0 244.0 100.0 who
13979.0 6684.0 212.0 104.0 had
14244.0 6692.0 192.0 92.0 not
14488.0 6680.0 404.0 128.0 dipped
14947.0 6712.0 64.0 72.0 ti
15064.0 6704.0 208.0 96.0 pen
15324.0 6704.0 144.0 76.0 on
15524.0 6700.0 144.0 80.0 an

12896.0 6796.0 196.0 104.0 ink
13144.0 6800.0 368.0 104.0 bottle.
13640.0 6800.0 364.0 104.0 There
14056.0 6828.0 284.0 76.0 were
14388.0 6800.0 480.0 100.0 thirteen
14932.0 6824.0 332.0 96.0 piges
15324.0 6796.0 104.0 100.0 in
15488.0 6800.0 188.0 96.0 the

12888.0 6916.0 192.0 100.0 roll
13096.0 6988.0 20.0 36.0 ,
13168.0 6916.0 224.0 100.0 and
13443.0 6916.0 136.0 100.0 he
13627.0 6916.0 212.0 104.0 had
13900.0 6943.0 340.0 76.0 never
14280.0 6940.0 260.0 80.0 seen
14628.0 6940.0 300.0 76.0 moie
15036.0 6920.0 268.0 92.0 than
15428.0 6920.0 248.0 92.0 lour

12888.0 7052.0 140.0 76.0 on
13084.0 7028.0 180.0 104.0 thu
13316.0 7032.0 404.0 104.0 lloorot
13768.0 7035.0 188.0 100.0 the
13988.0 7035.0 376.0 100.0 house.
14420.0 7032.0 452.0 100.0 Tosave
14904.0 7028.0 220.0 104.0 this
15155.0 7052.0 492.0 88.0 expense

12888.0 7144.0 136.0 100.0 he
13132.0 7148.0 448.0 104.0 favored
13668.0 7152.0 184.0 100.0 the
13959.0 7152.0 744.0 116.0 disclmgool
14792.0 7148.0 152.0 100.0 all
14991.0 7148.0 224.0 100.0 and
15272.0 7148.0 384.0 112.0 hiring

12888.0 7264.0 296.0 100.0 them
13232.0 7267.0 324.0 112.0 again
13616.0 7272.0 320.0 100.0 when
13992.0 7264.0 456.0 104.0 needed.

13004.0 7376.0 240.0 104.0 The
13336.0 7384.0 588.0 116.0 following
14008.0 7384.0 252.0 100.0 bills
14371.0 7408.0 280.0 76.0 were
14743.0 7376.0 652.0 108.0 intioduced
15443.0 7376.0 228.0 104.0 and

12888.0 7495.0 256.0 100.0 read
13200.0 7504.0 164.0 92.0 toi
13416.0 7500.0 184.0 96.0 the
13648.0 7500.0 232.0 100.0 lirst
13932.0 7500.0 272.0 100.0 time
14227.0 7524.0 24.0 76.0 :

13008.0 7608.0 376.0 104.0 House
13432.0 7612.0 200.0 104.0 roll
13704.0 7620.0 136.0 88.0 I'll
13860.0 7684.0 24.0 48.0 ,
13979.0 7616.0 428.0 120.0 setting
14452.0 7612.0 184.0 104.0 the
14723.0 7612.0 472.0 100.0 number
15279.0 7612.0 120.0 100.0 of
15448.0 7608.0 176.0 104.0 olll

12880.0 7752.0 240.0 76.0 cers
13164.0 7732.0 104.0 92.0 ol
13319.0 7727.0 184.0 100.0 the
13548.0 7727.0 340.0 100.0 house
13936.0 7732.0 216.0 100.0 and
14212.0 7756.0 132.0 96.0 pa
14356.0 7756.0 40.0 92.0 }
14436.0 7732.0 308.0 96.0 uient
14783.0 7736.0 120.0 92.0 of
14976.0 7740.0 184.0 88.0 the
15208.0 7752.0 332.0 76.0 sum1.

12996.0 7844.0 384.0 96.0 House
13424.0 7848.0 196.0 96.0 toll
13724.0 7848.0 180.0 92.0 4W
13912.0 7920.0 20.0 32.0 ,
14008.0 7848.0 852.0 112.0 apnrniiilating
14936.0 7848.0 736.0 104.0 fe.VU.4llor
15040.0 7856.0 28.0 84.0 !

12884.0 7952.0 184.0 108.0 the
13116.0 7960.0 324.0 100.0 lellef
13480.0 7968.0 112.0 92.0 ol
13640.0 7960.0 392.0 100.0 James
14083.0 7940.0 160.0 124.0 W.
14312.0 7940.0 580.0 124.0 Wheaton.

12996.0 8072.0 380.0 104.0 House
13424.0 8076.0 204.0 100.0 loll
13672.0 8084.0 120.0 88.0 4i
13736.0 8084.0 24.0 88.0 !
13824.0 8080.0 24.0 84.0 1
13852.0 8148.0 24.0 40.0 ,
13968.0 8076.0 496.0 120.0 limiting
14555.0 8080.0 184.0 96.0 the
14792.0 8076.0 252.0 120.0 levy
15091.0 8076.0 120.0 100.0 of
15256.0 8076.0 412.0 112.0 county

12880.0 8187.0 392.0 104.0 boatels
13319.0 8196.0 312.0 104.0 tofrl.
13644.0 8196.0 40.0 88.0 :
13684.0 8236.0 20.0 48.0 >
13704.0 8200.0 244.0 92.0 0on
13999.0 8196.0 356.0 116.0 81,001)
14324.0 8200.0 32.0 88.0 )
14360.0 8268.0 20.0 28.0 .

13004.0 8304.0 372.0 104.0 House
13424.0 8308.0 200.0 104.0 loll
13711.0 8312.0 176.0 96.0 4'.U
13904.0 8380.0 20.0 40.0 ,
14036.0 8292.0 740.0 124.0 establishing
14828.0 8312.0 220.0 100.0 two
15096.0 8308.0 284.0 104.0 state
15432.0 8328.0 204.0 76.0 nor-

12880.0 8424.0 216.0 100.0 mal
13144.0 8424.0 468.0 104.0 schools.

12996.0 8536.0 380.0 104.0 House
13424.0 8544.0 196.0 96.0 roll
13704.0 8548.0 52.0 92.0 4
13768.0 8548.0 24.0 88.0 !
13800.0 8548.0 24.0 72.0 >
13835.0 8548.0 40.0 24.0 "
13860.0 8584.0 24.0 52.0 >
13888.0 8616.0 24.0 40.0 ,
13968.0 8540.0 420.0 128.0 setting
14456.0 8540.0 184.0 104.0 the
14720.0 8540.0 372.0 124.0 salary
15140.0 8540.0 108.0 96.0 ol
15304.0 8560.0 372.0 100.0 supet-

12880.0 8656.0 348.0 100.0 vlsots
13272.0 8664.0 112.0 96.0 at
13436.0 8680.0 68.0 80.0 5
13544.0 8664.0 28.0 84.0 i
13607.0 8664.0 124.0 88.0 00
13776.0 8684.0 192.0 92.0 per
14012.0 8660.0 260.0 120.0 day.

13000.0 8768.0 376.0 104.0 House
13424.0 8776.0 196.0 96.0 roll
13691.0 8780.0 176.0 88.0 4K'
13756.0 8783.0 24.0 84.0 !
13852.0 8816.0 20.0 52.0 >
13880.0 8852.0 24.0 36.0 ,
13959.0 8772.0 532.0 108.0 cranting
14584.0 8800.0 352.0 96.0 powei
15048.0 8772.0 112.0 100.0 to
15248.0 8768.0 424.0 104.0 license

12872.0 8888.0 224.0 100.0 and
13148.0 8892.0 488.0 100.0 rojiiltte
13728.0 8888.0 188.0 104.0 the
14019.0 8892.0 412.0 116.0 selling
14535.0 8919.0 108.0 68.0 en
14740.0 8888.0 392.0 120.0 giving
15175.0 8912.0 320.0 96.0 away
15547.0 8892.0 116.0 96.0 ot

12888.0 9004.0 208.0 108.0 spit
13132.0 9028.0 272.0 76.0 nous
13452.0 9032.0 104.0 72.0 01
13620.0 9004.0 400.0 104.0 vinous
14068.0 9032.0 124.0 72.0 or
14240.0 9004.0 272.0 104.0 malt
14560.0 9008.0 448.0 120.0 liquois.

12992.0 9128.0 172.0 92.0 On
13220.0 9120.0 416.0 100.0 motion
13711.0 9124.0 124.0 100.0 of
13920.0 9124.0 220.0 100.0 Mi.
14276.0 9124.0 460.0 104.0 Watson
14852.0 9124.0 120.0 92.0 of
15080.0 9120.0 276.0 104.0 Otoc
15364.0 9192.0 24.0 48.0 ,
15483.0 9120.0 184.0 100.0 the

12876.0 9236.0 344.0 104.0 house
13268.0 9236.0 652.0 124.0 adjourned.

13228.0 9504.0 740.0 120.0 Important
14048.0 9508.0 400.0 92.0 CIISPR
14524.0 9515.0 140.0 84.0 nt
14752.0 9500.0 516.0 100.0 U'nlioo.

13000.0 9640.0 484.0 108.0 WAIIOO
13492.0 9720.0 24.0 40.0 ,
13620.0 9640.0 280.0 104.0 Neb.
13920.0 9716.0 28.0 48.0 ,
14039.0 9640.0 384.0 104.0 Maich
14484.0 9648.0 96.0 92.0 2.
14728.0 9640.0 28.0 124.0 [
14772.0 9640.0 440.0 120.0 Special
15279.0 9644.0 112.0 100.0 to
15480.0 9640.0 188.0 104.0 the

12880.0 9784.0 128.0 104.0 Hi
13068.0 9795.0 152.0 116.0 K.J
13368.0 9784.0 460.0 104.0 Distiict
13932.0 9791.0 316.0 96.0 court
14312.0 9784.0 584.0 104.0 convened
15011.0 9784.0 260.0 100.0 heio
15352.0 9784.0 316.0 100.0 Mon-

12868.0 9964.0 28.0 64.0 <
12907.0 9931.0 180.0 100.0 lav
13140.0 9928.0 152.0 104.0 foi
13356.0 9956.0 136.0 76.0 an
13548.0 9928.0 308.0 104.0 extia
13968.0 9931.0 436.0 100.0 session
14515.0 9931.0 112.0 96.0 to
14676.0 9928.0 444.0 124.0 dispose
15168.0 9928.0 120.0 100.0 of
15356.0 9952.0 308.0 76.0 some

12868.0 10071.0 380.0 120.0 equity
13299.0 10075.0 456.0 100.0 matteis
13764.0 10144.0 24.0 48.0 ,
13844.0 10067.0 228.0 104.0 and
14123.0 10100.0 120.0 68.0 so
14292.0 10067.0 408.0 104.0 relieve
14748.0 10075.0 112.0 92.0 to
14907.0 10096.0 304.0 76.0 some
15256.0 10071.0 400.0 100.0 extent

12868.0 10216.0 192.0 100.0 tlm
13160.0 10211.0 780.0 104.0 overcrowded
14044.0 10211.0 580.0 104.0 condition
14704.0 10216.0 120.0 96.0 of
14916.0 10216.0 184.0 96.0 the
15212.0 10211.0 440.0 104.0 docket.

12868.0 10356.0 240.0 100.0 The
13160.0 10364.0 276.0 96.0 most
13496.0 10356.0 608.0 124.0 impoitant
14207.0 10351.0 328.0 124.0 thing
14584.0 10351.0 236.0 104.0 that
14880.0 10351.0 228.0 104.0 will
15200.0 10351.0 132.0 104.0 bo
15420.0 10351.0 176.0 104.0 dis-

12872.0 10500.0 336.0 124.0 posed
13260.0 10504.0 108.0 96.0 ol
13448.0 10496.0 88.0 104.0 Is
13584.0 10524.0 144.0 76.0 an
13820.0 10496.0 372.0 104.0 action
14287.0 10496.0 136.0 104.0 bv
14535.0 10496.0 184.0 104.0 the
14763.0 10496.0 228.0 124.0 city
15044.0 10504.0 112.0 96.0 to
15244.0 10496.0 412.0 104.0 extend

12872.0 10644.0 140.0 100.0 its
13056.0 10656.0 572.0 104.0 corporate
13736.0 10636.0 348.0 104.0 limits
14192.0 10667.0 124.0 72.0 so
14400.0 10667.0 124.0 76.0 as
14568.0 10648.0 112.0 96.0 to
14768.0 10640.0 260.0 100.0 take.
15076.0 10640.0 112.0 100.0 In
15240.0 10636.0 144.0 104.0 all
15480.0 10640.0 184.0 100.0 llm

12872.0 10784.0 572.0 104.0 additions
13564.0 10788.0 112.0 96.0 to
13776.0 10780.0 188.0 104.0 the
14008.0 10792.0 228.0 112.0 city
14344.0 10784.0 220.0 100.0 and
14639.0 10807.0 304.0 76.0 some
14991.0 10780.0 668.0 112.0 continuous

12872.0 10928.0 512.0 120.0 tonitory
13432.0 10924.0 464.0 104.0 besides.
14028.0 10924.0 240.0 100.0 'Iho
14324.0 10928.0 288.0 96.0 most
14688.0 10928.0 520.0 108.0 vigorous
15264.0 10924.0 256.0 104.0 kick
15567.0 10924.0 88.0 100.0 Is

12872.0 11068.0 332.0 120.0 being
13312.0 11068.0 316.0 104.0 made
13736.0 11068.0 140.0 116.0 by
13984.0 11068.0 188.0 100.0 the
14267.0 11072.0 424.0 96.0 Ounin
14772.0 11064.0 100.0 96.0 &
14972.0 11064.0 680.0 124.0 Republican

12880.0 11208.0 396.0 124.0 Valley
13328.0 11212.0 460.0 100.0 i.illioad
13880.0 11208.0 460.0 104.0 because
14431.0 11212.0 80.0 96.0 it
14599.0 11208.0 388.0 116.0 biings
15076.0 11236.0 64.0 72.0 a
15192.0 11204.0 260.0 104.0 mile
15540.0 11208.0 120.0 100.0 of

12872.0 11328.0 308.0 104.0 track
13235.0 11332.0 236.0 96.0 Into
13520.0 11332.0 188.0 96.0 the
13812.0 11324.0 696.0 124.0 coipoiatlon
14544.0 11348.0 28.0 96.0 ;
14639.0 11324.0 236.0 100.0 also
14988.0 11332.0 188.0 92.0 the
15224.0 11324.0 424.0 100.0 motion

12876.0 11444.0 280.0 100.0 fora
13264.0 11468.0 232.0 76.0 new
13560.0 11440.0 252.0 108.0 tilal
13928.0 11444.0 116.0 100.0 in
14156.0 11444.0 188.0 96.0 the
14388.0 11444.0 468.0 112.0 damage
14904.0 11440.0 220.0 100.0 suit
15212.0 11451.0 108.0 84.0 ot
15420.0 11440.0 244.0 104.0 Mc-

12876.0 11564.0 36.0 88.0 (
12927.0 11560.0 512.0 120.0 'lonagan
13512.0 11560.0 444.0 100.0 a.'ainst
14008.0 11556.0 184.0 100.0 the
14276.0 11560.0 92.0 96.0 O
14424.0 11560.0 284.0 96.0 uaha
14792.0 11556.0 852.0 120.0 Republican

12876.0 11675.0 400.0 120.0 Valley
13348.0 11672.0 468.0 104.0 i.illioad
13880.0 11675.0 176.0 96.0 tor
14143.0 11679.0 408.0 112.0 820,000
14555.0 11748.0 24.0 44.0 ,
14679.0 11672.0 352.0 100.0 which
15091.0 11696.0 228.0 76.0 was
15364.0 11672.0 288.0 100.0 tiled

12872.0 11800.0 116.0 92.0 at
13032.0 11796.0 184.0 96.0 the
13268.0 11792.0 204.0 100.0 last
13576.0 11796.0 280.0 96.0 teim
13964.0 11796.0 112.0 92.0 ot
14148.0 11804.0 316.0 88.0 court
14515.0 11784.0 264.0 108.0 with
14832.0 11815.0 56.0 72.0 a
15008.0 11788.0 412.0 104.0 verdict
15520.0 11788.0 112.0 100.0 In

12880.0 11911.0 296.0 96.0 tavoi
13235.0 11907.0 120.0 96.0 of
13416.0 11911.0 656.0 96.0 defendant.
14204.0 11907.0 332.0 100.0 Some
14632.0 11903.0 688.0 100.0 sensational
15379.0 11911.0 268.0 92.0 mat-

12876.0 12032.0 220.0 92.0 tcis
13140.0 12047.0 184.0 76.0 tire
13428.0 12020.0 588.0 124.0 presented
14076.0 12024.0 108.0 96.0 in
14244.0 12024.0 188.0 100.0 the
14475.0 12020.0 560.0 104.0 allid.ivlts
15084.0 12043.0 144.0 76.0 on
15288.0 12020.0 360.0 104.0 which

12876.0 12139.0 184.0 100.0 the
13112.0 12139.0 412.0 100.0 motion
13584.0 12143.0 88.0 92.0 Is
13724.0 12139.0 364.0 100.0 based.
14227.0 12139.0 92.0 100.0 It
14376.0 12139.0 88.0 100.0 Is
14532.0 12135.0 428.0 112.0 alleged
15008.0 12135.0 240.0 100.0 that
15296.0 12132.0 364.0 104.0 bribes

12884.0 12283.0 284.0 72.0 were
13215.0 12256.0 408.0 96.0 olteied
13680.0 12260.0 112.0 92.0 to
13840.0 12256.0 428.0 100.0 uuvci.il
14316.0 12260.0 124.0 92.0 of
14528.0 12256.0 184.0 96.0 the
14792.0 12252.0 376.0 124.0 jurois
15259.0 12260.0 108.0 92.0 to
15420.0 12252.0 228.0 100.0 find

12876.0 12380.0 176.0 92.0 tor
13232.0 12367.0 188.0 104.0 the
13596.0 12367.0 632.0 104.0 defendant
14376.0 12392.0 124.0 76.0 or
14679.0 12384.0 112.0 84.0 to
14980.0 12367.0 304.0 108.0 liang
15463.0 12371.0 184.0 96.0 the

12872.0 12488.0 292.0 120.0 juiy.
13215.0 12492.0 220.0 96.0 nnd
13492.0 12484.0 236.0 104.0 that
13828.0 12484.0 300.0 116.0 lau'e
14232.0 12511.0 308.0 72.0 sums
14639.0 12488.0 124.0 92.0 of
14872.0 12507.0 404.0 96.0 money
15372.0 12511.0 284.0 72.0 weie

12872.0 12603.0 408.0 100.0 otfcied
13336.0 12612.0 112.0 92.0 to
13536.0 12599.0 408.0 124.0 patties-
14036.0 12599.0 548.0 124.0 supposed
14696.0 12608.0 112.0 92.0 to
14916.0 12599.0 132.0 100.0 be
15140.0 12599.0 516.0 100.0 Intimate

12880.0 12720.0 260.0 100.0 with
13195.0 12743.0 304.0 76.0 some
13567.0 12728.0 112.0 88.0 ot
13776.0 12720.0 184.0 96.0 the
14060.0 12720.0 368.0 116.0 jntois
14440.0 12792.0 20.0 40.0 ,
14520.0 12724.0 108.0 92.0 to
14679.0 12743.0 380.0 72.0 socino
15104.0 12743.0 64.0 72.0 a
15235.0 12716.0 420.0 100.0 verdict

12872.0 12840.0 160.0 96.0 toi
13096.0 12835.0 184.0 100.0 the
13324.0 12831.0 472.0 104.0 ralltoid
13880.0 12860.0 524.0 96.0 coinpinv
14440.0 12904.0 20.0 48.0 ,
14568.0 12831.0 220.0 100.0 and
14840.0 12831.0 240.0 100.0 that
15124.0 12860.0 60.0 72.0 a
15235.0 12831.0 420.0 100.0 veidlet

12872.0 12976.0 232.0 76.0 was
13148.0 12948.0 256.0 104.0 thus
13443.0 12952.0 452.0 96.0 secmed
13992.0 12952.0 224.0 100.0 and
14328.0 12976.0 212.0 72.0 one
14644.0 12956.0 112.0 88.0 ot
14812.0 12952.0 188.0 96.0 tlie
15036.0 12948.0 368.0 120.0 jtuors
15456.0 12948.0 196.0 100.0 has

12872.0 13068.0 272.0 100.0 been
13200.0 13092.0 236.0 92.0 vcrj
13508.0 13063.0 332.0 124.0 itiipoi
13875.0 13072.0 388.0 96.0 lunate
14307.0 13068.0 324.0 96.0 about
14728.0 13063.0 172.0 96.0 his
14952.0 13088.0 404.0 96.0 money
15359.0 13136.0 24.0 44.0 ,
15440.0 13063.0 196.0 100.0 but

12876.0 13188.0 192.0 96.0 not
13120.0 13188.0 412.0 100.0 having
13620.0 13180.0 496.0 104.0 received
14232.0 13184.0 76.0 100.0 it
14324.0 13256.0 20.0 40.0 ,
14391.0 13180.0 616.0 100.0 concluded
15111.0 13184.0 112.0 92.0 to
15348.0 13180.0 308.0 100.0 lvelt

12868.0 13324.0 348.0 92.0 away.
13348.0 13295.0 692.0 100.0 'Ihesheiltf
14128.0 13295.0 88.0 100.0 is
14324.0 13295.0 232.0 100.0 also
14659.0 13295.0 520.0 100.0 involved
15296.0 13320.0 112.0 76.0 in
15463.0 13295.0 188.0 100.0 the

12872.0 13423.0 400.0 88.0 matter
13276.0 13488.0 24.0 40.0 ,
13356.0 13412.0 80.0 100.0 it
13524.0 13416.0 340.0 100.0 beinir
13952.0 13412.0 428.0 116.0 alleged
14472.0 13412.0 232.0 100.0 that
14780.0 13412.0 132.0 100.0 ho
14956.0 13412.0 460.0 100.0 entered
15468.0 13412.0 184.0 100.0 the

12860.0 13532.0 260.0 116.0 jury
13164.0 13556.0 300.0 72.0 room
13552.0 13528.0 228.0 100.0 and
13888.0 13528.0 276.0 104.0 iticd
14272.0 13528.0 172.0 100.0 his
14552.0 13523.0 556.0 104.0 influence
15220.0 13528.0 152.0 96.0 foi
15456.0 13532.0 188.0 96.0 the

12864.0 13644.0 476.0 100.0 lailrond
13352.0 13716.0 28.0 52.0 ,
13428.0 13644.0 224.0 100.0 and
13700.0 13644.0 588.0 104.0 tuinlshed
14380.0 13644.0 184.0 100.0 the
14639.0 13644.0 260.0 120.0 jury
14956.0 13644.0 268.0 100.0 with
15276.0 13644.0 380.0 100.0 diink-

12860.0 13760.0 684.0 104.0 ablcKof-an
13644.0 13760.0 748.0 112.0 Intoxicating
14500.0 13772.0 400.0 88.0 nature
15008.0 13760.0 412.0 116.0 during
15468.0 13760.0 188.0 96.0 tlm

12864.0 13876.0 268.0 96.0 tlmo
13235.0 13876.0 124.0 92.0 of
13472.0 13872.0 284.0 100.0 their
13864.0 13872.0 828.0 100.0 deliberations.
14823.0 13876.0 108.0 96.0 A
15040.0 13896.0 252.0 76.0 new
15403.0 13872.0 248.0 100.0 ttial

12864.0 13988.0 228.0 100.0 will
13144.0 13983.0 528.0 124.0 piobably
13724.0 13988.0 132.0 96.0 bj
13900.0 13988.0 324.0 120.0 grant
14307.0 13988.0 96.0 100.0 U.

12860.0 14255.0 912.0 112.0 Tomperanoo
13880.0 14255.0 532.0 92.0 WOIIIIMI
14540.0 14259.0 128.0 88.0 In
14783.0 14255.0 860.0 96.0 Contention.

12980.0 14387.0 432.0 100.0 EWINO
13428.0 14460.0 20.0 48.0 ,
13503.0 14387.0 272.0 100.0 Neb.
13792.0 14460.0 28.0 40.0 ,
13875.0 14387.0 384.0 100.0 .Match
14300.0 14391.0 88.0 96.0 2.
14535.0 14387.0 480.0 116.0 ISpcchl
15068.0 14387.0 580.0 104.0 Telegram

12864.0 14535.0 108.0 92.0 to
13020.0 14535.0 184.0 92.0 the
13256.0 14523.0 344.0 116.0 Hr.r.I
13740.0 14523.0 244.0 104.0 The
14039.0 14523.0 572.0 108.0 Women's
14699.0 14527.0 560.0 100.0 Chiistian
15339.0 14527.0 268.0 100.0 Tem-

12860.0 14696.0 472.0 96.0 perance
13420.0 14663.0 356.0 104.0 union
13875.0 14671.0 124.0 96.0 of
14088.0 14667.0 184.0 104.0 the
14360.0 14667.0 352.0 100.0 'lliird
14803.0 14667.0 844.0 112.0 congiession.il

12856.0 14811.0 432.0 100.0 district
13339.0 14816.0 220.0 96.0 met
13648.0 14811.0 112.0 100.0 in
13848.0 14807.0 188.0 104.0 tlm
14083.0 14811.0 156.0 100.0 M.
14307.0 14807.0 116.0 108.0 K.
14475.0 14811.0 412.0 100.0 chinch
14940.0 14807.0 524.0 124.0 Tuesday
15536.0 14820.0 112.0 96.0 at

12848.0 14956.0 60.0 92.0 2
12952.0 14951.0 424.0 104.0 o'clock
13428.0 14980.0 96.0 84.0 p.
13580.0 14980.0 136.0 76.0 m.
13852.0 14951.0 356.0 100.0 Them
14264.0 14951.0 84.0 100.0 is
14396.0 14951.0 308.0 124.0 quite
14800.0 14983.0 64.0 68.0 a
14920.0 14951.0 204.0 104.0 lull
15220.0 14956.0 384.0 100.0 attend-

12852.0 15119.0 280.0 76.0 ance
13280.0 15104.0 116.0 88.0 ot
13544.0 15092.0 492.0 104.0 workers
14207.0 15096.0 676.0 116.0 throughout
15004.0 15092.0 184.0 104.0 the
15316.0 15100.0 320.0 100.0 state.

12856.0 15211.0 424.0 104.0 Nearlv
13328.0 15236.0 324.0 76.0 eveiv
13704.0 15211.0 448.0 120.0 locality
14200.0 15215.0 120.0 92.0 of
14388.0 15211.0 184.0 100.0 the
14616.0 15211.0 440.0 100.0 e'.istiict
14659.0 15211.0 20.0 64.0 '
15111.0 15211.0 88.0 100.0 is
15268.0 15240.0 312.0 88.0 repre-

12852.0 15319.0 388.0 108.0 sented
13248.0 15399.0 24.0 40.0 ,
13308.0 15332.0 224.0 96.0 and
13567.0 15328.0 256.0 100.0 thev
13855.0 15328.0 612.0 100.0 constitute
14512.0 15328.0 184.0 100.0 the
14748.0 15332.0 872.0 104.0 lepiesentativo

12856.0 15443.0 348.0 100.0 ladles
13248.0 15443.0 224.0 100.0 and
13544.0 15451.0 488.0 92.0 motheis
14076.0 15447.0 100.0 92.0 of
14280.0 15443.0 216.0 100.0 tills
14544.0 15447.0 460.0 96.0 section.
15152.0 15443.0 268.0 104.0 Mis.
15483.0 15451.0 36.0 92.0 (
15540.0 15447.0 80.0 100.0 i.

12860.0 15556.0 164.0 104.0 W.
13100.0 15560.0 328.0 100.0 Clailc
13436.0 15631.0 24.0 44.0 ,
13556.0 15564.0 124.0 92.0 of
13764.0 15556.0 428.0 104.0 Oimha
14220.0 15579.0 24.0 96.0 ;
14360.0 15560.0 256.0 100.0 Mis.
14708.0 15560.0 104.0 100.0 J.
14916.0 15560.0 112.0 100.0 F.
15132.0 15560.0 464.0 104.0 Holmes
15604.0 15639.0 24.0 40.0 ,

12852.0 15675.0 572.0 120.0 president
13468.0 15675.0 124.0 96.0 of
13652.0 15675.0 188.0 96.0 the
13888.0 15679.0 284.0 96.0 slate
14220.0 15675.0 348.0 100.0 union
14588.0 15748.0 20.0 40.0 ,
14664.0 15671.0 224.0 104.0 and
14964.0 15675.0 276.0 104.0 Mis.
15308.0 15679.0 112.0 100.0 C.
15480.0 15679.0 148.0 100.0 M.

12860.0 15792.0 648.0 100.0 Woodward
13524.0 15859.0 24.0 44.0 ,
13604.0 15796.0 288.0 96.0 state
13944.0 15792.0 476.0 100.0 lecturer
14420.0 15863.0 24.0 44.0 ,
14495.0 15815.0 188.0 72.0 are
14732.0 15796.0 484.0 112.0 present.
15352.0 15796.0 112.0 100.0 C.
15520.0 15800.0 108.0 100.0 .1.

12860.0 15907.0 264.0 96.0 Holt
13132.0 15980.0 28.0 48.0 ,
13215.0 15907.0 568.0 120.0 president
13835.0 15907.0 124.0 96.0 of
14048.0 15911.0 40.0 92.0 (
14103.0 15911.0 284.0 96.0 iates
14431.0 15907.0 416.0 120.0 college
14856.0 15980.0 28.0 40.0 ,
14956.0 15907.0 408.0 120.0 Neligh
15383.0 15980.0 20.0 52.0 ,
15456.0 15911.0 144.0 100.0 de-

12852.0 16028.0 416.0 96.0 livered
13324.0 16051.0 64.0 72.0 a
13432.0 16024.0 468.0 120.0 Stirling
13948.0 16024.0 416.0 100.0 lecture
14408.0 16036.0 220.0 88.0 last
14668.0 16024.0 524.0 124.0 e\enlnjj.

13584.0 16267.0 104.0 92.0 A
13764.0 16264.0 752.0 96.0 Fortmmto
14588.0 16264.0 268.0 96.0 Fire
14852.0 16292.0 40.0 40.0 *
14900.0 16336.0 28.0 32.0 .

12960.0 16404.0 608.0 104.0 Nonroi.K
13576.0 16476.0 24.0 48.0 ,
13680.0 16400.0 276.0 104.0 Neb.
13972.0 16472.0 24.0 52.0 ,
14052.0 16404.0 380.0 104.0 Marcli
14515.0 16407.0 84.0 100.0 2.
14752.0 16404.0 28.0 120.0 [
14796.0 16404.0 436.0 124.0 Special
15284.0 16411.0 116.0 96.0 to
15448.0 16404.0 188.0 104.0 the

12844.0 16547.0 292.0 104.0 Bir.
12988.0 16572.0 28.0 80.0 :
13148.0 16543.0 40.0 128.0 ]
13328.0 16543.0 64.0 104.0 'I
13432.0 16543.0 172.0 104.0 his
13652.0 16543.0 528.0 120.0 morning
14252.0 16543.0 464.0 104.0 citl/ens
14812.0 16572.0 284.0 76.0 were
15140.0 16547.0 492.0 104.0 alarmed

12844.0 16695.0 136.0 116.0 by
13028.0 16720.0 64.0 72.0 a
13132.0 16716.0 192.0 96.0 cry
13372.0 16687.0 120.0 100.0 of
13540.0 16695.0 188.0 92.0 hie
13731.0 16768.0 24.0 36.0 ,
13808.0 16687.0 360.0 100.0 which
14220.0 16695.0 396.0 96.0 catiseel
14659.0 16716.0 296.0 76.0 more
14988.0 16687.0 272.0 104.0 than
15316.0 16691.0 316.0 100.0 usual

12840.0 16831.0 584.0 104.0 solicitude
13476.0 16835.0 460.0 96.0 because
14044.0 16831.0 120.0 100.0 of
14267.0 16831.0 188.0 100.0 thu
14544.0 16835.0 224.0 100.0 fact
14840.0 16831.0 244.0 100.0 that
15128.0 16844.0 504.0 108.0 astiong

12840.0 17003.0 76.0 72.0 vv
12952.0 16971.0 192.0 104.0 Ind
13195.0 17000.0 228.0 76.0 was
13492.0 16971.0 528.0 112.0 blowing.
14156.0 16971.0 728.0 124.0 I'oiInnately
14936.0 16971.0 88.0 100.0 It
15068.0 16980.0 408.0 120.0 proved
15520.0 16988.0 116.0 88.0 to

12836.0 17092.0 136.0 100.0 be
13020.0 17095.0 268.0 112.0 only
13336.0 17120.0 60.0 72.0 a
13488.0 17088.0 316.0 104.0 small
13880.0 17092.0 304.0 100.0 bla/e
14192.0 17164.0 24.0 40.0 ,
14300.0 17092.0 220.0 100.0 and
14572.0 17088.0 464.0 124.0 slightly
15080.0 17092.0 548.0 124.0 damaged

12836.0 17212.0 564.0 116.0 Attorney
13448.0 17203.0 136.0 108.0 II.
13644.0 17208.0 128.0 96.0 C.
13840.0 17203.0 500.0 104.0 Hrome's
14408.0 17208.0 620.0 104.0 residence.

12848.0 17680.0 440.0 100.0 Itufus
13400.0 17684.0 620.0 112.0 nioclffctt
14044.0 17743.0 32.0 48.0 ,
14244.0 17684.0 708.0 92.0 Democrat
14967.0 17743.0 28.0 44.0 ,
15111.0 17688.0 516.0 96.0 ClioNcn

13416.0 17824.0 476.0 92.0 United
13956.0 17828.0 444.0 88.0 Stales
14452.0 17828.0 604.0 96.0 Senator.

12956.0 17964.0 632.0 104.0 TIIKNTOV.
13700.0 17956.0 144.0 104.0 N.
13952.0 17956.0 120.0 104.0 J.
14096.0 18031.0 28.0 44.0 ,
14236.0 17960.0 380.0 100.0 Maich
14776.0 17964.0 104.0 96.0 2.
15020.0 17960.0 236.0 104.0 The
15339.0 17964.0 296.0 124.0 Joint

12848.0 18104.0 484.0 120.0 meeting
13376.0 18104.0 124.0 96.0 of
13528.0 18104.0 188.0 100.0 the
13764.0 18100.0 644.0 124.0 legislature1
14500.0 18104.0 620.0 100.0 assembled
15164.0 18107.0 116.0 100.0 at
15332.0 18132.0 300.0 76.0 noon

12840.0 18247.0 416.0 120.0 to-day.
13384.0 18243.0 904.0 104.0 Throckmoiton
14400.0 18247.0 228.0 100.0 and
14736.0 18247.0 344.0 100.0 Hedlo
15195.0 18251.0 36.0 116.0 (
15244.0 18247.0 332.0 104.0 demo-

12836.0 18395.0 292.0 100.0 crats
13136.0 18395.0 36.0 116.0 )
13235.0 18387.0 392.0 104.0 moved
13740.0 18387.0 112.0 100.0 to
13959.0 18387.0 264.0 100.0 take
14304.0 18416.0 64.0 72.0 n
14416.0 18412.0 360.0 80.0 recess
14884.0 18391.0 296.0 100.0 until
15228.0 18395.0 52.0 92.0 4
15332.0 18420.0 100.0 96.0 p.
15492.0 18420.0 136.0 76.0 m.

12840.0 18531.0 224.0 104.0 and
13212.0 18531.0 508.0 100.0 Gardner
13875.0 18531.0 36.0 112.0 (
13928.0 18531.0 644.0 120.0 republican
14588.0 18535.0 40.0 116.0 )
14788.0 18531.0 556.0 108.0 seconded
15452.0 18539.0 188.0 100.0 the

12840.0 18680.0 424.0 100.0 motion
13332.0 18671.0 352.0 104.0 which
13736.0 18700.0 232.0 76.0 was
14028.0 18675.0 468.0 100.0 carried.

12956.0 18820.0 160.0 100.0 At
13168.0 18815.0 184.0 104.0 tlm
13384.0 18815.0 652.0 104.0 conclusion
14116.0 18820.0 108.0 96.0 ot
14328.0 18815.0 188.0 100.0 tlm
14564.0 18815.0 236.0 104.0 first
14843.0 18815.0 344.0 104.0 billet
15279.0 18820.0 84.0 104.0 it
15412.0 18847.0 228.0 76.0 was

12836.0 18964.0 456.0 100.0 evident
13339.0 18960.0 240.0 100.0 that
13624.0 18960.0 184.0 100.0 tlm
13855.0 18951.0 712.0 128.0 republicans
14604.0 18956.0 212.0 104.0 had
14867.0 18960.0 772.0 108.0 consolidated

12840.0 19127.0 144.0 76.0 on
13028.0 19131.0 64.0 72.0 a
13136.0 19100.0 564.0 104.0 democrat
13740.0 19104.0 116.0 96.0 to
13904.0 19100.0 384.0 100.0 detect
14351.0 19100.0 448.0 104.0 Abbctt.
14927.0 19100.0 192.0 100.0 All
15168.0 19100.0 124.0 100.0 of
15336.0 19104.0 300.0 104.0 them

12836.0 19244.0 396.0 116.0 except
13272.0 19244.0 224.0 100.0 two
13540.0 19244.0 556.0 124.0 \oted.for
14148.0 19240.0 1036.0 120.0 Hloduottmaking
15232.0 19244.0 412.0 124.0 thirty-

12836.0 19388.0 176.0 100.0 six
13020.0 19459.0 24.0 48.0 ,
13100.0 19399.0 224.0 88.0 and
13408.0 19388.0 124.0 96.0 of
13620.0 19380.0 188.0 104.0 thu
13912.0 19388.0 624.0 100.0 dcmociats
14644.0 19384.0 312.0 104.0 three
15040.0 19388.0 332.0 104.0 voted
15468.0 19391.0 176.0 96.0 for

12840.0 19528.0 276.0 104.0 him.
13180.0 19583.0 44.0 44.0 .
13316.0 19528.0 240.0 100.0 The
13624.0 19528.0 408.0 100.0 second
14088.0 19524.0 332.0 104.0 ballot
14508.0 19551.0 232.0 84.0 was
14783.0 19524.0 464.0 108.0 oidercd
15336.0 19528.0 300.0 104.0 amid

12844.0 19667.0 320.0 104.0 much
13272.0 19671.0 708.0 100.0 excitement.
14176.0 19664.0 160.0 104.0 Be
14356.0 19671.0 24.0 92.0 I
14400.0 19696.0 184.0 72.0 ore
14692.0 19667.0 188.0 100.0 the
14972.0 19667.0 340.0 104.0 result
15412.0 19696.0 228.0 80.0 was

12840.0 19788.0 664.0 100.0 announced
13672.0 19807.0 144.0 80.0 an
14012.0 19788.0 480.0 116.0 attempt
14652.0 19811.0 232.0 76.0 was
15040.0 19792.0 324.0 96.0 made
15524.0 19796.0 116.0 92.0 to

12840.0 19911.0 572.0 112.0 stampede
13596.0 19899.0 184.0 104.0 the
13948.0 19899.0 708.0 124.0 republicans
14840.0 19903.0 116.0 96.0 to
15160.0 19907.0 484.0 96.0 Senator

12840.0 20020.0 396.0 104.0 Sewell
13248.0 20091.0 28.0 44.0 ,
13412.0 20016.0 112.0 100.0 in
13696.0 20024.0 340.0 112.0 hopes
14196.0 20020.0 124.0 96.0 of
14500.0 20039.0 296.0 96.0 eatrj
14832.0 20020.0 196.0 112.0 Ing
15188.0 20024.0 444.0 112.0 enough

12836.0 20135.0 672.0 100.0 domociatlc
13688.0 20143.0 316.0 92.0 votes
14196.0 20131.0 116.0 100.0 to
14515.0 20131.0 280.0 100.0 elect
14984.0 20131.0 260.0 112.0 him.
15440.0 20135.0 196.0 104.0 but

12840.0 20252.0 264.0 100.0 thus
13195.0 20248.0 328.0 104.0 tailed
13540.0 20323.0 24.0 44.0 ,
13680.0 20275.0 120.0 76.0 its
13908.0 20248.0 188.0 100.0 the
14200.0 20248.0 704.0 124.0 republicans
14976.0 20252.0 376.0 100.0 feared
15403.0 20252.0 236.0 104.0 that

12840.0 20371.0 36.0 96.0 (
12896.0 20371.0 524.0 100.0 iovernor
13460.0 20363.0 424.0 104.0 Abbott
13932.0 20363.0 364.0 104.0 would
14380.0 20371.0 320.0 128.0 pioht
14792.0 20367.0 140.0 116.0 by
15024.0 20367.0 88.0 100.0 It
15220.0 20388.0 112.0 80.0 in
15452.0 20371.0 184.0 100.0 the

12836.0 20488.0 644.0 100.0 contusion.
13616.0 20484.0 108.0 100.0 A
13764.0 20484.0 448.0 100.0 ntimbei
14276.0 20484.0 112.0 96.0 ot
14440.0 20480.0 492.0 116.0 changes
14980.0 20507.0 284.0 76.0 were
15316.0 20488.0 324.0 100.0 made

12840.0 20603.0 220.0 100.0 and
13172.0 20599.0 184.0 104.0 the
13468.0 20603.0 252.0 96.0 vote
13828.0 20624.0 120.0 76.0 ns
14060.0 20595.0 384.0 104.0 hnallv
14552.0 20599.0 676.0 100.0 announced
15279.0 20603.0 308.0 100.0 stood
15604.0 20672.0 24.0 52.0 ,

12844.0 20716.0 512.0 124.0 Hlodgett
13372.0 20791.0 24.0 40.0 ,
13463.0 20720.0 116.0 92.0 4J
13607.0 20739.0 28.0 92.0 ;
13740.0 20716.0 408.0 100.0 Abbett
14160.0 20783.0 20.0 40.0 ,
14280.0 20720.0 116.0 88.0 'tt
14420.0 20735.0 28.0 92.0 ;
14564.0 20716.0 36.0 96.0 i
14619.0 20716.0 28.0 96.0 :
14659.0 20783.0 20.0 32.0 .
14800.0 20716.0 120.0 100.0 K.
15048.0 20716.0 376.0 100.0 Potter
15428.0 20791.0 24.0 44.0 ,
15536.0 20723.0 80.0 100.0 1.

12840.0 20835.0 528.0 104.0 HloeUett
13416.0 20819.0 776.0 116.0 w.isdetlued
14272.0 20831.0 420.0 100.0 electeel
14780.0 20831.0 304.0 104.0 amid
15135.0 20831.0 264.0 104.0 wild
15452.0 20860.0 136.0 72.0 ex

12836.0 20955.0 568.0 100.0 citement.
13548.0 20948.0 516.0 104.0 Hlodgett
14160.0 20971.0 224.0 76.0 was
14472.0 20948.0 420.0 100.0 elected
15000.0 20948.0 68.0 100.0 b
15076.0 20975.0 44.0 92.0 >
15248.0 20952.0 392.0 108.0 thiitv-

12836.0 21067.0 308.0 112.0 eUht
13188.0 21067.0 636.0 120.0 republican
13880.0 21080.0 312.0 84.0 votes
14236.0 21063.0 224.0 100.0 and
14552.0 21063.0 140.0 116.0 by
14780.0 21063.0 320.0 100.0 those
15144.0 21067.0 496.0 116.0 Speaker

12840.0 21183.0 332.0 100.0 Haiid
13188.0 21255.0 20.0 48.0 ,
13324.0 21183.0 440.0 100.0 ClMttlc
13771.0 21255.0 24.0 52.0 ,
13904.0 21180.0 888.0 104.0 Throckmorton
14907.0 21180.0 224.0 104.0 and
15240.0 21183.0 356.0 100.0 Chase
15607.0 21260.0 20.0 44.0 ,

12836.0 21304.0 648.0 100.0 democrats.

12967.0 21415.0 360.0 104.0 Huttis
13384.0 21412.0 516.0 120.0 Hlodgett
13904.0 21488.0 28.0 44.0 ,
13988.0 21412.0 188.0 100.0 the
14232.0 21435.0 248.0 76.0 now
14528.0 21412.0 456.0 104.0 senator
14988.0 21488.0 24.0 44.0 ,
15068.0 21439.0 232.0 76.0 was
15352.0 21415.0 268.0 104.0 born

12844.0 21531.0 112.0 104.0 In
13020.0 21531.0 656.0 108.0 Dorchester
13680.0 21603.0 28.0 44.0 ,
13764.0 21531.0 136.0 100.0 N.
14008.0 21527.0 92.0 104.0 H
14120.0 21603.0 20.0 44.0 ,
14160.0 21599.0 20.0 40.0 ,
14244.0 21527.0 628.0 104.0 November
14976.0 21603.0 24.0 44.0 ,
15060.0 21536.0 252.0 100.0 1S.I4.
15463.0 21531.0 172.0 100.0 Ho

12840.0 21676.0 228.0 76.0 was
13116.0 21680.0 64.0 72.0 a
13228.0 21647.0 488.0 104.0 member
13760.0 21647.0 124.0 96.0 eif
13928.0 21647.0 188.0 100.0 the
14163.0 21636.0 344.0 112.0 lower
14552.0 21647.0 352.0 100.0 house
14952.0 21647.0 120.0 96.0 of
15120.0 21647.0 184.0 104.0 the
15348.0 21647.0 284.0 108.0 New

12832.0 21768.0 400.0 116.0 Jerseiy
13352.0 21764.0 640.0 120.0 legislature
14083.0 21768.0 112.0 96.0 in
14296.0 21768.0 228.0 96.0 Ib78
14608.0 21764.0 224.0 104.0 and
14920.0 21768.0 240.0 96.0 IbVJ
15168.0 21839.0 20.0 44.0 ,
15279.0 21791.0 320.0 100.0 repre-

12840.0 21879.0 456.0 116.0 senting
13384.0 21887.0 364.0 96.0 Ocean
13844.0 21887.0 424.0 112.0 county
14272.0 21948.0 20.0 40.0 ,
14472.0 21879.0 172.0 100.0 He
14728.0 21879.0 272.0 100.0 altei
15036.0 21887.0 360.0 96.0 wards
15488.0 21908.0 108.0 76.0 re-

12840.0 22000.0 388.0 104.0 moved
13288.0 22011.0 108.0 88.0 to
13448.0 21996.0 664.0 104.0 Monmouth
14180.0 22004.0 420.0 112.0 eountj1
14608.0 22067.0 24.0 40.0 ,
14688.0 22000.0 372.0 100.0 where
15148.0 21996.0 136.0 104.0 ho
15379.0 22023.0 256.0 76.0 now

12840.0 22115.0 448.0 108.0 resides.
13428.0 22111.0 172.0 104.0 Ho
13696.0 22111.0 92.0 100.0 Is
13880.0 22111.0 572.0 104.0 iduntllicd
14552.0 22111.0 264.0 104.0 with
14867.0 22115.0 192.0 100.0 the
15108.0 22111.0 532.0 112.0 Interests

12836.0 22239.0 112.0 92.0 ol
13008.0 22228.0 416.0 104.0 several
13476.0 22228.0 472.0 104.0 laihoad
13996.0 22232.0 652.0 124.0 companies
14688.0 22239.0 228.0 92.0 anil
14967.0 22232.0 200.0 100.0 has
15215.0 22232.0 420.0 108.0 alvvavs

12836.0 22347.0 276.0 100.0 bean
13168.0 22347.0 652.0 104.0 recognized
13868.0 22372.0 120.0 76.0 an
14056.0 22372.0 64.0 76.0 n
14204.0 22347.0 472.0 100.0 staunch
14772.0 22347.0 596.0 104.0 democrat.
15516.0 22351.0 116.0 104.0 In

12840.0 22464.0 188.0 100.0 the
13071.0 22464.0 548.0 120.0 assembly
13676.0 22468.0 136.0 96.0 ho
13868.0 22487.0 224.0 76.0 was
14180.0 22464.0 188.0 100.0 the
14452.0 22464.0 672.0 104.0 democratic
15232.0 22464.0 400.0 108.0 leadei.

12844.0 22579.0 172.0 100.0 Ho
13071.0 22583.0 92.0 96.0 Is
13208.0 22607.0 64.0 76.0 a
13324.0 22579.0 348.0 100.0 llncnt
13716.0 22579.0 480.0 116.0 speaker
14236.0 22579.0 224.0 100.0 and
14512.0 22579.0 240.0 100.0 Isot
14836.0 22583.0 804.0 116.0 commanding

12840.0 22707.0 372.0 104.0 figure.
13352.0 22696.0 172.0 100.0 Ho
13576.0 22719.0 228.0 76.0 was
13844.0 22696.0 152.0 100.0 foi
14060.0 22692.0 420.0 104.0 soveial
14528.0 22719.0 316.0 88.0 jears
14892.0 22723.0 60.0 72.0 n
15000.0 22696.0 624.0 104.0 nicmberot

12836.0 22815.0 188.0 96.0 the
13068.0 22811.0 668.0 100.0 democratic
13780.0 22819.0 288.0 92.0 state
14112.0 22824.0 432.0 88.0 rential
14592.0 22815.0 688.0 100.0 commltteo.
15460.0 22811.0 180.0 104.0 He

12840.0 22931.0 96.0 96.0 Is
12984.0 22928.0 944.0 108.0 superintendent
13972.0 22928.0 124.0 96.0 of
14160.0 22931.0 188.0 96.0 tlm
14444.0 22924.0 280.0 104.0 New
14808.0 22924.0 304.0 104.0 York
15164.0 22928.0 68.0 100.0 A
15228.0 22960.0 28.0 68.0 :
15312.0 22924.0 324.0 128.0 Long

12836.0 23043.0 444.0 104.0 Branch
13332.0 23043.0 524.0 104.0 railroad.

12988.0 23288.0 600.0 108.0 Military
13664.0 23288.0 756.0 96.0 Movement
14436.0 23311.0 36.0 64.0 *
14472.0 23311.0 24.0 68.0 )
14575.0 23284.0 132.0 100.0 In
14776.0 23288.0 712.0 120.0 Germany.

12960.0 23420.0 512.0 112.0 Hnui.i.v.
13528.0 23424.0 388.0 104.0 March
13959.0 23428.0 92.0 96.0 2.
14188.0 23428.0 184.0 100.0 An
14428.0 23424.0 504.0 128.0 Imperial
15004.0 23424.0 388.0 108.0 decree
15436.0 23428.0 204.0 104.0 has

12836.0 23564.0 276.0 108.0 been
13168.0 23564.0 368.0 108.0 Issued
13587.0 23564.0 528.0 128.0 ordering
14163.0 23568.0 176.0 100.0 for
14384.0 23564.0 188.0 104.0 the
14659.0 23568.0 164.0 100.0 liit
14823.0 23619.0 20.0 48.0 >
14860.0 23571.0 36.0 96.0 t
14944.0 23579.0 224.0 92.0 and
15215.0 23571.0 420.0 100.0 second

12832.0 23735.0 324.0 100.0 corps
13244.0 23711.0 120.0 100.0 of
13452.0 23708.0 188.0 104.0 tlm
13736.0 23708.0 532.0 104.0 Prussian
14324.0 23727.0 316.0 104.0 urmy
14679.0 23735.0 68.0 76.0 a
14792.0 23708.0 412.0 112.0 special
15292.0 23711.0 344.0 100.0 series

12828.0 23855.0 124.0 96.0 of
13071.0 23851.0 556.0 104.0 exercises
13756.0 23851.0 728.0 124.0 preparatory
14604.0 23851.0 120.0 100.0 to
14848.0 23851.0 192.0 100.0 the
15160.0 23855.0 468.0 100.0 autumn

12832.0 24015.0 644.0 80.0 maiHc'iivro
13480.0 24068.0 28.0 44.0 ,
13592.0 23999.0 192.0 96.0 the
13875.0 23991.0 516.0 120.0 Infantiy
14468.0 23991.0 564.0 104.0 divisions
15080.0 23991.0 220.0 104.0 and
15392.0 24015.0 204.0 80.0 cav-

12828.0 24112.0 240.0 124.0 alry
13160.0 24112.0 516.0 100.0 brlL'adcs
13760.0 24116.0 116.0 96.0 to
13964.0 24131.0 648.0 80.0 mami'iivre
14704.0 24107.0 452.0 104.0 at'alnst
15235.0 24135.0 64.0 76.0 a
15388.0 24131.0 212.0 100.0 sup-

12832.0 24223.0 340.0 140.0 posed
13235.0 24252.0 436.0 96.0 euemy.
13812.0 24227.0 476.0 116.0 Keports
14376.0 24227.0 120.0 96.0 of
14584.0 24231.0 188.0 96.0 the
14860.0 24231.0 732.0 108.0 government
15604.0 24300.0 20.0 40.0 ,

12832.0 24323.0 336.0 132.0 doing
13256.0 24367.0 256.0 76.0 sure
13596.0 24340.0 128.0 100.0 of
13804.0 24367.0 68.0 76.0 a
13964.0 24335.0 520.0 124.0 majority
14560.0 24344.0 116.0 100.0 In
14772.0 24344.0 188.0 96.0 tbo
15048.0 24340.0 556.0 124.0 leichstag
15607.0 24415.0 24.0 44.0 ,

12832.0 24459.0 540.0 124.0 pioposed
13468.0 24459.0 116.0 96.0 to
13672.0 24459.0 648.0 136.0 perpetuate
14408.0 24455.0 188.0 100.0 tlm
14704.0 24455.0 500.0 120.0 military
15272.0 24455.0 192.0 104.0 bill
15532.0 24444.0 96.0 116.0 Is

12836.0 24572.0 696.0 104.0 unfounded.
13676.0 24567.0 100.0 108.0 It
13864.0 24580.0 96.0 96.0 Is
14012.0 24583.0 512.0 92.0 rumored
14619.0 24572.0 112.0 100.0 In
14788.0 24572.0 404.0 100.0 ofllclal
15240.0 24567.0 392.0 108.0 circles

12832.0 24695.0 240.0 100.0 that
13160.0 24691.0 488.0 108.0 changes
13740.0 24712.0 188.0 76.0 are
14019.0 24687.0 596.0 104.0 imminent
14708.0 24687.0 112.0 100.0 in
14936.0 24691.0 184.0 100.0 tlm
15212.0 24683.0 424.0 112.0 Fiench

12832.0 24808.0 484.0 104.0 cabinet.
13448.0 24804.0 740.0 116.0 Boulanger's
14280.0 24804.0 556.0 104.0 inlluence
14840.0 24879.0 28.0 40.0 ,
14988.0 24804.0 76.0 104.0 it
15152.0 24808.0 96.0 96.0 Is
15348.0 24808.0 240.0 100.0 .said
15604.0 24875.0 24.0 44.0 ,

12832.0 24919.0 200.0 104.0 has
13080.0 24948.0 124.0 76.0 so
13296.0 24919.0 572.0 104.0 increased
13875.0 24992.0 28.0 40.0 ,
13964.0 24923.0 240.0 96.0 that
14252.0 24919.0 192.0 104.0 the
14532.0 24919.0 572.0 104.0 ministers
15152.0 24919.0 112.0 100.0 In
15319.0 24923.0 324.0 100.0 favor

12832.0 25043.0 124.0 92.0 of
13036.0 25067.0 68.0 72.0 a
13188.0 25063.0 332.0 100.0 peace
13572.0 25036.0 368.0 120.0 policy
13999.0 25036.0 220.0 104.0 will
14312.0 25059.0 272.0 80.0 soon
14656.0 25043.0 132.0 92.0 be
14836.0 25036.0 392.0 104.0 driven
15304.0 25043.0 112.0 92.0 to
15483.0 25059.0 112.0 80.0 re-

12828.0 25155.0 252.0 116.0 sign
13096.0 25227.0 28.0 48.0 ,
13188.0 25139.0 620.0 116.0 HonlaiiL'ci
13920.0 25151.0 264.0 104.0 thus
14267.0 25151.0 604.0 120.0 obtaining
14952.0 25151.0 684.0 108.0 dominance

12836.0 25271.0 116.0 104.0 In
13008.0 25275.0 184.0 100.0 the
13256.0 25271.0 480.0 100.0 cabinet.

13348.0 25511.0 308.0 96.0 \\s\r
13704.0 25507.0 128.0 100.0 in
13895.0 25515.0 228.0 92.0 thn
14176.0 25511.0 432.0 96.0 Inthor
14676.0 25511.0 316.0 96.0 Gain
15020.0 25536.0 108.0 92.0 p.

12952.0 25647.0 696.0 108.0 PiTTHiiuiio
13664.0 25720.0 24.0 44.0 ,
13744.0 25643.0 380.0 108.0 March
14207.0 25647.0 92.0 100.0 2.
14428.0 25643.0 244.0 104.0 The
14752.0 25655.0 376.0 96.0 reiwnt
15172.0 25643.0 464.0 128.0 dispute

12828.0 25799.0 116.0 96.0 at
12988.0 25783.0 964.0 124.0 MingoJunctlon
13996.0 25787.0 500.0 100.0 between
14544.0 25787.0 188.0 100.0 the
14760.0 25787.0 876.0 116.0 Amalgamated

12828.0 25931.0 712.0 108.0 Association
13592.0 25931.0 124.0 100.0 of
13771.0 25927.0 252.0 108.0 Iron
14076.0 25927.0 224.0 104.0 and
14408.0 25927.0 304.0 104.0 Steel
14828.0 25927.0 504.0 104.0 workers
15383.0 25931.0 228.0 104.0 and

12828.0 26071.0 188.0 108.0 tlm
13068.0 26071.0 492.0 112.0 Knights
13616.0 26071.0 120.0 100.0 of
13792.0 26067.0 360.0 108.0 Libor
14256.0 26096.0 232.0 80.0 was
14575.0 26067.0 268.0 120.0 only
14936.0 26067.0 188.0 104.0 tlm
15235.0 26071.0 332.0 120.0 begin-

12832.0 26191.0 284.0 116.0 ning
13160.0 26191.0 124.0 96.0 of
13328.0 26215.0 60.0 72.0 a
13456.0 26211.0 228.0 76.0 war
13796.0 26191.0 500.0 96.0 between
14411.0 26188.0 184.0 100.0 the
14692.0 26191.0 224.0 96.0 two
14952.0 26199.0 312.0 92.0 great
15316.0 26188.0 324.0 100.0 labor

12828.0 26303.0 832.0 112.0 or.'anl/atioiiB
13668.0 26375.0 24.0 36.0 ,
13875.0 26299.0 96.0 108.0 It
14088.0 26303.0 92.0 100.0 Is
14287.0 26307.0 188.0 96.0 the
14588.0 26299.0 572.0 104.0 Intention
15256.0 26303.0 116.0 104.0 cf
15448.0 26303.0 196.0 100.0 tlm

12832.0 26419.0 496.0 120.0 Knights
13368.0 26423.0 124.0 96.0 of
13567.0 26416.0 364.0 108.0 Labor
13968.0 26419.0 452.0 116.0 general
14492.0 26416.0 584.0 108.0 executive
15128.0 26419.0 336.0 104.0 boaid
15516.0 26427.0 120.0 92.0 to

12828.0 26539.0 264.0 100.0 take
13140.0 26531.0 640.0 108.0 immediate
13828.0 26535.0 304.0 116.0 steps
14192.0 26535.0 172.0 100.0 for
14408.0 26531.0 184.0 104.0 the
14639.0 26531.0 784.0 120.0 organisation
15503.0 26535.0 124.0 96.0 of

12828.0 26679.0 64.0 76.0 u
13000.0 26651.0 508.0 108.0 national
13616.0 26651.0 448.0 100.0 district
14172.0 26648.0 560.0 120.0 assembly
14836.0 26655.0 108.0 92.0 ot
15048.0 26651.0 244.0 100.0 Iron
15412.0 26648.0 228.0 104.0 and

12832.0 26767.0 272.0 104.0 steel
13156.0 26767.0 524.0 100.0 woikcrti.
13736.0 26767.0 368.0 100.0 which
14196.0 26763.0 228.0 108.0 will
14500.0 26767.0 280.0 100.0 have
14820.0 26763.0 440.0 108.0 control
15312.0 26771.0 112.0 96.0 ot
15483.0 26767.0 152.0 100.0 all

12832.0 26887.0 384.0 104.0 all'airs
13256.0 26883.0 128.0 100.0 of
13428.0 26887.0 188.0 100.0 the
13664.0 26887.0 240.0 108.0 Iron
13988.0 26887.0 224.0 96.0 and
14260.0 26879.0 276.0 108.0 steel
14592.0 26883.0 528.0 100.0 worker.

13592.0 27123.0 336.0 100.0 Dills
13992.0 27127.0 408.0 92.0 Mudo

12947.0 27263.0 880.0 112.0 W.vsiii.NOTO.v
13832.0 27332.0 24.0 56.0 ,
13976.0 27259.0 376.0 108.0 Mnrcn
14456.0 27263.0 88.0 100.0 2.
14676.0 27259.0 244.0 104.0 The
15060.0 27255.0 576.0 132.0 president

12828.0 27407.0 376.0 124.0 to-day
13252.0 27403.0 560.0 132.0 appioved
13864.0 27403.0 188.0 104.0 tlm
14100.0 27403.0 472.0 120.0 mllitarj
14656.0 27399.0 540.0 108.0 academy
15244.0 27428.0 352.0 104.0 appro-

12828.0 27547.0 484.0 116.0 priation
13364.0 27547.0 188.0 108.0 bill
13567.0 27619.0 24.0 52.0 ,
13648.0 27547.0 188.0 108.0 tlm
13928.0 27571.0 112.0 80.0 re
14120.0 27543.0 224.0 108.0 ukii
14452.0 27543.0 476.0 132.0 pension
14980.0 27543.0 600.0 132.0 appropria-

12828.0 27691.0 240.0 108.0 tion
13168.0 27691.0 184.0 104.0 bill
13368.0 27763.0 24.0 48.0 ,
13463.0 27687.0 188.0 108.0 tlm
13720.0 27695.0 176.0 96.0 act
14004.0 27695.0 112.0 96.0 to
14224.0 27687.0 528.0 108.0 oa'nni/o
14860.0 27683.0 188.0 108.0 tlm
15155.0 27683.0 488.0 124.0 hospital

12828.0 27836.0 320.0 100.0 corps
13192.0 27811.0 124.0 96.0 of
13364.0 27803.0 184.0 108.0 tlm
13600.0 27803.0 432.0 108.0 United
14120.0 27803.0 376.0 108.0 States
14508.0 27879.0 16.0 44.0 ,
14580.0 27803.0 228.0 104.0 and
14860.0 27803.0 184.0 100.0 the
15091.0 27819.0 176.0 88.0 act
15319.0 27803.0 112.0 100.0 In
15492.0 27827.0 112.0 80.0 re-

12828.0 27928.0 272.0 120.0 gard
13148.0 27928.0 116.0 100.0 to
13308.0 27923.0 188.0 104.0 llm
13604.0 27923.0 728.0 120.0 impoitatlon
14424.0 27928.0 120.0 96.0 of
14616.0 27919.0 548.0 104.0 inaekeiel
15215.0 27923.0 420.0 116.0 during

12832.0 28043.0 188.0 108.0 the
13064.0 28063.0 612.0 108.0 spawning
13720.0 28063.0 404.0 84.0 season
14128.0 28112.0 36.0 44.0 ,

15872.0 2740.0 180.0 232.0 IN
16176.0 2740.0 824.0 240.0 DEFENSE
17095.0 2748.0 204.0 236.0 OF
17388.0 2748.0 364.0 236.0 THE
17828.0 2740.0 784.0 248.0 KNIGHTS
18632.0 2928.0 28.0 56.0 ,

15864.0 3272.0 532.0 132.0 Cardinal
16480.0 3276.0 500.0 132.0 Gibbons
17088.0 3280.0 388.0 132.0 Makes
17576.0 3328.0 68.0 84.0 a
17760.0 3288.0 416.0 160.0 Strong
18251.0 3288.0 424.0 156.0 Report

16723.0 3488.0 120.0 104.0 to
16916.0 3468.0 192.0 128.0 tbo
17195.0 3468.0 288.0 164.0 Holy
17560.0 3476.0 236.0 124.0 See.

15868.0 3856.0 208.0 108.0 HE
16212.0 3860.0 552.0 112.0 URGES
16884.0 3868.0 224.0 104.0 NO
17239.0 3872.0 1420.0 116.0 CONDEMNATION.

15855.0 4296.0 276.0 100.0 The
16207.0 4300.0 400.0 108.0 Snlrlt
16696.0 4304.0 156.0 96.0 of
16947.0 4304.0 228.0 100.0 tlio
17292.0 4308.0 436.0 100.0 Order
17828.0 4308.0 240.0 100.0 Not
18212.0 4308.0 448.0 100.0 Incoin

16092.0 4472.0 936.0 116.0 palllileVKIi
17135.0 4480.0 196.0 92.0 tin
17336.0 4504.0 28.0 40.0 *
17432.0 4476.0 752.0 120.0 TcMtcliliiKH
18284.0 4484.0 160.0 92.0 of

16408.0 4652.0 200.0 88.0 the
16604.0 4672.0 36.0 68.0 ?
16712.0 4644.0 540.0 100.0 Cliurcli
17388.0 4652.0 100.0 92.0 A
17572.0 4652.0 536.0 96.0 Prccltu-

16683.0 4816.0 276.0 92.0 tliii
16843.0 4840.0 24.0 64.0 )
17031.0 4816.0 152.0 92.0 or
17248.0 4816.0 576.0 104.0 ItcsultN.

16267.0 5220.0 640.0 100.0 Cnrillnnl
16988.0 5232.0 40.0 88.0 <
17044.0 5228.0 564.0 96.0 3Hilions'
17700.0 5232.0 532.0 112.0 Koporf.

16672.0 5364.0 204.0 92.0 tw
16927.0 5364.0 32.0 84.0 I
16964.0 5396.0 24.0 52.0 >
16996.0 5388.0 392.0 84.0 niiiiir
17503.0 5384.0 32.0 68.0 (
17524.0 5368.0 952.0 104.0 VimfinIrmirf.l
17979.0 5372.0 32.0 88.0 /
18360.0 5372.0 28.0 88.0 /

15976.0 5484.0 356.0 108.0 HOMP
16340.0 5560.0 24.0 52.0 ,
16415.0 5488.0 384.0 104.0 March
16847.0 5496.0 88.0 100.0 2.
17084.0 5492.0 304.0 116.0 fXew
17492.0 5496.0 308.0 104.0 Yoik
17859.0 5496.0 408.0 104.0 llt'inld
18324.0 5496.0 336.0 104.0 Cablet

15972.0 5628.0 436.0 124.0 Special
16464.0 5652.0 112.0 84.0 to
16632.0 5632.0 188.0 104.0 tlio
16912.0 5632.0 288.0 112.0 Bir.
17051.0 5660.0 28.0 80.0 :
17228.0 5636.0 28.0 124.0 ]
17416.0 5640.0 36.0 100.0 I
17516.0 5652.0 272.0 92.0 send
17840.0 5668.0 224.0 92.0 jou
18116.0 5636.0 540.0 108.0 herewith

15848.0 5772.0 148.0 104.0 nil
16043.0 5776.0 180.0 100.0 the
16264.0 5776.0 528.0 104.0 essential
16840.0 5804.0 520.0 88.0 passages
17400.0 5784.0 112.0 100.0 In
17564.0 5780.0 524.0 108.0 Caidliml
18127.0 5780.0 500.0 104.0 Clbhnns

15852.0 5924.0 372.0 108.0 toi'ort
16023.0 5952.0 20.0 56.0 '
16272.0 5924.0 112.0 96.0 to
16431.0 5916.0 188.0 104.0 tlio
16712.0 5924.0 668.0 124.0 popaganda
17487.0 5952.0 144.0 76.0 on
17728.0 5924.0 180.0 104.0 tlio
18003.0 5924.0 492.0 124.0 Knights
18535.0 5928.0 124.0 100.0 of

15860.0 6056.0 352.0 104.0 Labor
16236.0 6084.0 28.0 80.0 :

15968.0 6196.0 168.0 104.0 To
16183.0 6196.0 168.0 104.0 his
16428.0 6200.0 620.0 108.0 Kmlnence
17056.0 6284.0 20.0 44.0 ,
17155.0 6207.0 528.0 108.0 Cardinal
17760.0 6207.0 500.0 108.0 Slinoonl
18276.0 6284.0 24.0 44.0 ,
18391.0 6212.0 248.0 100.0 Pro-

15855.0 6336.0 216.0 104.0 fret
16123.0 6344.0 120.0 96.0 of
16291.0 6344.0 192.0 100.0 tlio
16535.0 6344.0 288.0 124.0 Holy
16896.0 6347.0 820.0 116.0 Congregation
17771.0 6360.0 124.0 92.0 of
17992.0 6360.0 184.0 96.0 tlm
18236.0 6352.0 400.0 124.0 Piopa-

15848.0 6480.0 376.0 116.0 gandi
16351.0 6480.0 320.0 108.0 Your
16756.0 6488.0 612.0 104.0 Kminence
17400.0 6516.0 28.0 84.0 :
17567.0 6492.0 128.0 104.0 In
17800.0 6492.0 676.0 120.0 submitting
18539.0 6500.0 116.0 96.0 to

15852.0 6620.0 188.0 104.0 tlio
16092.0 6620.0 260.0 124.0 holy
16400.0 6652.0 180.0 76.0 sco
16632.0 6628.0 184.0 100.0 tlm
16860.0 6632.0 724.0 104.0 conclusions
17631.0 6632.0 360.0 104.0 which
18008.0 6708.0 20.0 44.0 ,
18088.0 6640.0 292.0 96.0 aftnr
18428.0 6660.0 192.0 76.0 sev-

15848.0 6764.0 224.0 104.0 eral
16128.0 6768.0 488.0 104.0 months'
16668.0 6772.0 124.0 100.0 of
16856.0 6772.0 696.0 104.0 observation
17572.0 6848.0 24.0 40.0 ,
17651.0 6780.0 228.0 100.0 mid
17932.0 6780.0 280.0 120.0 deep
18280.0 6772.0 372.0 104.0 lellec-

15852.0 6904.0 232.0 104.0 tlon
16100.0 6980.0 24.0 44.0 ,
16180.0 6940.0 296.0 72.0 seem
16532.0 6924.0 116.0 92.0 to
16696.0 6940.0 176.0 76.0 mo
16956.0 6920.0 112.0 96.0 to
17152.0 6940.0 244.0 80.0 sum
17492.0 6940.0 148.0 104.0 up
17688.0 6920.0 184.0 100.0 the
17964.0 6920.0 520.0 124.0 question
18535.0 6916.0 124.0 100.0 of

15852.0 7048.0 900.0 112.0 tlionssoclatlon
16812.0 7060.0 124.0 100.0 of
16980.0 7060.0 184.0 104.0 the
17199.0 7060.0 488.0 112.0 Knights
17735.0 7064.0 120.0 100.0 of
17912.0 7060.0 356.0 104.0 Labor
18271.0 7136.0 24.0 44.0 ,
18364.0 7060.0 28.0 100.0 I
18472.0 7083.0 176.0 76.0 nm

15852.0 7200.0 512.0 120.0 stronglv
16415.0 7204.0 628.0 100.0 convinced
17091.0 7208.0 120.0 96.0 of
17264.0 7204.0 184.0 104.0 the
17503.0 7212.0 228.0 96.0 vast
17795.0 7204.0 688.0 132.0 liniuiitaiu'o
18532.0 7216.0 124.0 100.0 of

15848.0 7336.0 228.0 104.0 tills
16123.0 7336.0 504.0 132.0 question
16644.0 7416.0 24.0 48.0 ,
16776.0 7344.0 356.0 104.0 which
17228.0 7352.0 352.0 96.0 fonus
17660.0 7348.0 184.0 104.0 but
17936.0 7376.0 220.0 80.0 ono
18227.0 7352.0 256.0 112.0 rlnc
18535.0 7356.0 108.0 104.0 In

15848.0 7480.0 188.0 104.0 the
16076.0 7495.0 316.0 112.0 great
16475.0 7484.0 332.0 108.0 chain
16864.0 7488.0 124.0 100.0 of
17056.0 7488.0 180.0 104.0 the
17284.0 7492.0 340.0 104.0 social
17684.0 7492.0 556.0 124.0 problems
18284.0 7500.0 124.0 96.0 of
18451.0 7524.0 200.0 76.0 our

15844.0 7624.0 140.0 100.0 da
15999.0 7652.0 44.0 96.0 >
16072.0 7700.0 24.0 48.0 ,
16152.0 7624.0 224.0 108.0 and
16428.0 7628.0 600.0 124.0 esnecl.illy
17075.0 7631.0 120.0 100.0 of
17259.0 7656.0 204.0 80.0 our
17507.0 7640.0 504.0 124.0 countij.
18160.0 7635.0 124.0 104.0 In
18331.0 7635.0 280.0 128.0 judg-

15852.0 7768.0 196.0 100.0 ing
16096.0 7764.0 224.0 108.0 this
16396.0 7776.0 516.0 120.0 question
16971.0 7771.0 40.0 104.0 1
17071.0 7776.0 284.0 104.0 hu\o
17467.0 7780.0 336.0 100.0 taken
17888.0 7796.0 312.0 108.0 pic.it
18244.0 7812.0 248.0 76.0 caio
18539.0 7792.0 108.0 92.0 to

15844.0 7932.0 200.0 80.0 "so
16316.0 7940.0 124.0 76.0 as
16723.0 7940.0 184.0 96.0 my
17111.0 7928.0 532.0 96.0 constant
17892.0 7924.0 340.0 120.0 guide
18460.0 7928.0 184.0 100.0 the

15844.0 8047.0 324.0 124.0 spirit
16508.0 8056.0 124.0 100.0 of
17000.0 8068.0 184.0 92.0 the
17516.0 8068.0 704.0 116.0 enevcljcals
18524.0 8068.0 112.0 104.0 In

15848.0 8192.0 360.0 104.0 which
16304.0 8224.0 200.0 72.0 our
16624.0 8200.0 264.0 124.0 holy
17000.0 8204.0 368.0 104.0 father
17372.0 8279.0 24.0 40.0 ,
17544.0 8208.0 300.0 100.0 Pone
17979.0 8208.0 224.0 104.0 Leo
18304.0 8208.0 328.0 108.0 XIII.

15848.0 8332.0 200.0 104.0 bus
16096.0 8364.0 124.0 72.0 so
16267.0 8340.0 608.0 124.0 admirablj
16944.0 8348.0 488.0 120.0 exposed
17487.0 8348.0 188.0 100.0 the
17760.0 8348.0 640.0 124.0 dangcisof
18440.0 8380.0 184.0 76.0 oni

15848.0 8476.0 268.0 104.0 time
16160.0 8480.0 220.0 100.0 and
16424.0 8480.0 292.0 104.0 their
16803.0 8484.0 536.0 104.0 lemcdles
17352.0 8564.0 24.0 40.0 ,
17428.0 8492.0 224.0 100.0 and
17751.0 8492.0 196.0 104.0 has
18032.0 8492.0 600.0 124.0 explained

15844.0 8620.0 188.0 100.0 the
16080.0 8620.0 608.0 124.0 principles
16780.0 8628.0 140.0 112.0 by
16971.0 8624.0 356.0 108.0 which
17428.0 8656.0 160.0 76.0 we
17656.0 8632.0 280.0 104.0 shall
18012.0 8640.0 128.0 92.0 be
18231.0 8636.0 404.0 116.0 Kidded

15852.0 8760.0 108.0 104.0 In
16016.0 8760.0 900.0 132.0 distinguishing
16947.0 8768.0 184.0 100.0 the
17168.0 8772.0 740.0 104.0 associations
17939.0 8776.0 696.0 104.0 condemned

15844.0 8904.0 140.0 100.0 bv
16036.0 8904.0 184.0 104.0 the
16267.0 8904.0 240.0 116.0 holv
16579.0 8936.0 212.0 80.0 see.
16924.0 8908.0 296.0 108.0 Such
17312.0 8916.0 236.0 100.0 also
17556.0 8992.0 24.0 36.0 ,
17640.0 8944.0 284.0 76.0 WPIO
18019.0 8919.0 184.0 100.0 the
18247.0 8919.0 388.0 104.0 clinics

15840.0 9048.0 124.0 100.0 of
16008.0 9048.0 188.0 100.0 the
16244.0 9048.0 296.0 108.0 "did
16596.0 9052.0 472.0 124.0 plcnaiy
17132.0 9055.0 436.0 108.0 council
17651.0 9064.0 120.0 96.0 of
17868.0 9059.0 604.0 108.0 Haltlinoro
18519.0 9064.0 112.0 100.0 In

15848.0 9188.0 140.0 104.0 Its
16039.0 9192.0 580.0 128.0 teachings
16664.0 9195.0 340.0 104.0 about
17051.0 9195.0 188.0 104.0 the
17328.0 9199.0 612.0 124.0 principles
18012.0 9212.0 112.0 96.0 to
18220.0 9208.0 128.0 100.0 bo
18400.0 9204.0 152.0 104.0 fol-

15844.0 9331.0 352.0 104.0 lowed
16247.0 9340.0 216.0 100.0 and
16520.0 9335.0 188.0 104.0 the
16756.0 9335.0 484.0 112.0 danireis
17292.0 9344.0 108.0 100.0 to
17487.0 9344.0 132.0 100.0 bo
17704.0 9348.0 468.0 104.0 avoided
18264.0 9348.0 140.0 100.0 bv
18455.0 9348.0 184.0 100.0 the

15848.0 9471.0 460.0 108.0 faithful
16364.0 9480.0 112.0 100.0 In
16532.0 9480.0 184.0 100.0 the
16807.0 9484.0 596.0 100.0 foimitlon
17500.0 9488.0 124.0 96.0 of
17708.0 9488.0 736.0 104.0 associations
18492.0 9492.0 112.0 96.0 to-

15844.0 9632.0 300.0 92.0 ward
16196.0 9616.0 356.0 108.0 which
16599.0 9620.0 184.0 100.0 the
16827.0 9620.0 328.0 128.0 spirit
17199.0 9628.0 116.0 96.0 of
17383.0 9652.0 180.0 76.0 out
17636.0 9628.0 464.0 120.0 popular
18196.0 9628.0 444.0 104.0 Itistitu-

15795.0 9756.0 348.0 104.0 .lions
16192.0 9791.0 124.0 68.0 so
16420.0 9768.0 508.0 116.0 strongly
17040.0 9768.0 428.0 120.0 impels.
17607.0 9772.0 752.0 116.0 Considering
18451.0 9772.0 188.0 100.0 the

15848.0 9900.0 268.0 104.0 lat.il
16163.0 9928.0 828.0 100.0 consequences
17064.0 9912.0 244.0 100.0 that
17356.0 9912.0 352.0 104.0 ink-lit
17755.0 9912.0 344.0 104.0 result
18156.0 9916.0 476.0 116.0 through

15844.0 10044.0 652.0 104.0 ancriorln
16599.0 10056.0 184.0 96.0 the
16876.0 10052.0 600.0 104.0 tieatmcnt
17564.0 10056.0 120.0 100.0 of
17788.0 10056.0 188.0 104.0 the
18076.0 10056.0 556.0 112.0 oiganl/n-

15840.0 10184.0 300.0 104.0 tlons
16148.0 10264.0 20.0 48.0 ,
16232.0 10188.0 360.0 108.0 which
16672.0 10196.0 312.0 100.0 olien
17056.0 10211.0 344.0 88.0 count
17492.0 10200.0 296.0 100.0 their
17875.0 10200.0 528.0 104.0 nnmbeis
18495.0 10200.0 136.0 100.0 bv

15840.0 10332.0 620.0 104.0 thousands
16659.0 10340.0 228.0 96.0 and
17148.0 10336.0 576.0 108.0 hundieds
17932.0 10347.0 124.0 96.0 of
18267.0 10343.0 328.0 104.0 thous-

15835.0 10476.0 284.0 100.0 ands
16132.0 10548.0 20.0 48.0 ,
16368.0 10479.0 188.0 100.0 the
16783.0 10479.0 440.0 104.0 council
17428.0 10483.0 276.0 104.0 cleat
17735.0 10483.0 108.0 124.0 ly
18048.0 10487.0 456.0 104.0 oidorrd

15835.0 10616.0 208.0 108.0 No.
16096.0 10623.0 176.0 96.0 2.15
16396.0 10619.0 244.0 104.0 that
16692.0 10623.0 320.0 100.0 when
17068.0 10648.0 140.0 76.0 an
17259.0 10627.0 668.0 104.0 association
17983.0 10627.0 200.0 104.0 has
18231.0 10632.0 392.0 124.0 spiead

15840.0 10759.0 240.0 100.0 into
16183.0 10763.0 420.0 100.0 several
16699.0 10759.0 500.0 108.0 dioceses
17296.0 10792.0 144.0 76.0 no
17547.0 10768.0 368.0 104.0 sin.'lo
18028.0 10772.0 396.0 128.0 bishop
18508.0 10780.0 124.0 92.0 of

15835.0 10899.0 316.0 100.0 those
16196.0 10903.0 504.0 104.0 dlooesus
16800.0 10932.0 252.0 88.0 may
17135.0 10908.0 556.0 104.0 condemn
17812.0 10908.0 72.0 104.0 It
17899.0 10984.0 24.0 44.0 ,
18048.0 10912.0 196.0 104.0 but
18336.0 10920.0 292.0 96.0 must

15835.0 11044.0 296.0 100.0 refer
16180.0 11044.0 180.0 100.0 the
16404.0 11072.0 252.0 76.0 case
16703.0 11052.0 112.0 96.0 to
16864.0 11044.0 188.0 104.0 the
17140.0 11064.0 672.0 96.0 permanent
17892.0 11052.0 728.0 104.0 commission

15835.0 11188.0 120.0 96.0 of
15999.0 11184.0 140.0 100.0 all
16196.0 11188.0 184.0 100.0 the
16424.0 11184.0 720.0 128.0 archbishops
17192.0 11192.0 120.0 96.0 of
17420.0 11188.0 184.0 104.0 the
17708.0 11188.0 420.0 112.0 United
18212.0 11196.0 372.0 104.0 States
18596.0 11271.0 24.0 40.0 ,

15840.0 11328.0 248.0 100.0 who
16096.0 11403.0 24.0 40.0 ,
16176.0 11352.0 112.0 76.0 in
16344.0 11328.0 268.0 104.0 thcli
16676.0 11336.0 256.0 96.0 tuin
16947.0 11403.0 24.0 36.0 ,
17028.0 11359.0 184.0 72.0 uie
17259.0 11340.0 196.0 96.0 not
17500.0 11332.0 644.0 108.0 atithou/cd
18183.0 11344.0 112.0 96.0 to
18331.0 11359.0 296.0 80.0 issue

15832.0 11468.0 872.0 108.0 condemnation
16760.0 11476.0 380.0 100.0 unless
17192.0 11480.0 292.0 96.0 timir
17524.0 11476.0 500.0 104.0 decision
18083.0 11480.0 92.0 100.0 is
18267.0 11504.0 304.0 80.0 unan-

15840.0 11612.0 356.0 100.0 imous
16204.0 11688.0 20.0 48.0 ,
16272.0 11616.0 220.0 100.0 nml
16588.0 11612.0 108.0 104.0 in
16788.0 11616.0 436.0 104.0 default
17328.0 11620.0 124.0 100.0 of
17564.0 11620.0 264.0 100.0 such
17924.0 11620.0 656.0 124.0 unanimity
18588.0 11696.0 24.0 36.0 ,

15832.0 11756.0 248.0 120.0 onlj
16152.0 11756.0 184.0 100.0 tlio
16388.0 11756.0 232.0 104.0 hol\
16692.0 11788.0 184.0 72.0 see
16967.0 11760.0 308.0 104.0 Itself
17372.0 11788.0 208.0 76.0 can
17680.0 11771.0 432.0 116.0 impose
18212.0 11764.0 264.0 100.0 such
18568.0 11792.0 64.0 72.0 n

15828.0 11900.0 864.0 100.0 condemnation
16712.0 11976.0 24.0 44.0 ,
16792.0 11928.0 124.0 68.0 so
16960.0 11900.0 232.0 104.0 tint
17284.0 11928.0 308.0 76.0 error
17680.0 11907.0 220.0 100.0 and
17999.0 11911.0 620.0 96.0 contusion

15840.0 12043.0 104.0 104.0 In
15999.0 12043.0 792.0 104.0 eoclcsiastlc.il
16847.0 12040.0 600.0 116.0 discipline
17496.0 12072.0 256.0 76.0 mav
17800.0 12047.0 132.0 100.0 be
17996.0 12043.0 508.0 108.0 avoided.

15952.0 12187.0 280.0 100.0 This
16371.0 12183.0 724.0 108.0 commission
17239.0 12191.0 112.0 96.0 ol
17503.0 12216.0 148.0 76.0 an
17696.0 12187.0 544.0 124.0 liblshops
18408.0 12200.0 216.0 96.0 met

15835.0 12336.0 196.0 100.0 tow
16063.0 12327.0 192.0 104.0 aid
16307.0 12332.0 184.0 100.0 the
16540.0 12327.0 220.0 104.0 end
16800.0 12332.0 120.0 96.0 of
16967.0 12327.0 184.0 104.0 the
17199.0 12332.0 392.0 100.0 month
17644.0 12348.0 108.0 84.0 ot
17855.0 12336.0 472.0 100.0 October
18415.0 12336.0 212.0 100.0 last

15835.0 12480.0 108.0 100.0 to
15992.0 12472.0 596.0 128.0 especially
16636.0 12500.0 204.0 76.0 con
16924.0 12472.0 212.0 104.0 idet
17224.0 12476.0 188.0 100.0 the
17496.0 12476.0 668.0 104.0 association
18224.0 12480.0 132.0 96.0 of
18444.0 12480.0 184.0 100.0 the

15844.0 12616.0 488.0 124.0 Knights
16376.0 12620.0 124.0 96.0 of
16548.0 12616.0 388.0 104.0 Laboi.
17115.0 12612.0 200.0 108.0 We
17388.0 12643.0 288.0 76.0 were
17724.0 12628.0 196.0 92.0 not
17972.0 12620.0 172.0 104.0 led
18200.0 12624.0 108.0 100.0 to
18360.0 12620.0 256.0 104.0 hold

15832.0 12760.0 220.0 104.0 tills
16100.0 12760.0 496.0 112.0 meeting
16644.0 12760.0 116.0 120.0 bj
16836.0 12783.0 228.0 96.0 any
17128.0 12772.0 440.0 112.0 request
17656.0 12783.0 144.0 76.0 on
17899.0 12764.0 184.0 100.0 the
18180.0 12776.0 232.0 104.0 part
18508.0 12776.0 104.0 88.0 ot

15832.0 12904.0 184.0 100.0 tlic
16063.0 12900.0 452.0 104.0 bishous
16524.0 12976.0 24.0 40.0 ,
16608.0 12904.0 172.0 100.0 lur
16836.0 12923.0 296.0 76.0 none
17180.0 12908.0 108.0 92.0 ot
17383.0 12900.0 296.0 104.0 them
17731.0 12900.0 188.0 104.0 did
17972.0 12908.0 476.0 100.0 demand
18508.0 12912.0 68.0 96.0 it
18596.0 12984.0 20.0 44.0 ,

15828.0 13044.0 224.0 104.0 and
16108.0 13044.0 80.0 104.0 it
16240.0 13055.0 292.0 88.0 must
16584.0 13044.0 132.0 100.0 bo
16760.0 13044.0 364.0 104.0 added
17175.0 13044.0 240.0 104.0 that
17500.0 13052.0 108.0 96.0 ot
17691.0 13044.0 144.0 104.0 all
17892.0 13055.0 188.0 92.0 the
18167.0 13048.0 460.0 116.0 bishops

15828.0 13188.0 272.0 124.0 only
16148.0 13195.0 220.0 96.0 two
16415.0 13212.0 124.0 76.0 or
16588.0 13188.0 308.0 100.0 thieo
16947.0 13212.0 288.0 76.0 were
17328.0 13188.0 420.0 104.0 Known
17828.0 13191.0 112.0 104.0 to
18028.0 13188.0 364.0 108.0 deslie
18440.0 13191.0 188.0 104.0 the

15828.0 13327.0 924.0 104.0 condemnation.
16896.0 13327.0 220.0 104.0 Hut
17164.0 13335.0 184.0 96.0 tlio
18472.0 13327.0 68.0 44.0 *

16220.0 13496.0 444.0 80.0 IMI'OKI
16699.0 13492.0 340.0 84.0 ANCK
17088.0 13492.0 156.0 80.0 OK
17316.0 13500.0 24.0 72.0 I
17379.0 13496.0 120.0 80.0 III
17516.0 13500.0 28.0 76.0 :
17591.0 13504.0 28.0 68.0 (
17631.0 13496.0 584.0 100.0 Jl'KSTIOJt

15835.0 13615.0 108.0 100.0 In
16043.0 13615.0 296.0 100.0 itsolt
16356.0 13688.0 24.0 36.0 ,
16431.0 13615.0 232.0 100.0 and
16748.0 13615.0 188.0 108.0 the
16980.0 13615.0 576.0 100.0 estimates
17624.0 13620.0 128.0 96.0 of
17835.0 13624.0 188.0 96.0 the
18072.0 13620.0 260.0 116.0 holy
18400.0 13648.0 188.0 72.0 f-cc
18592.0 13692.0 28.0 44.0 ,

15832.0 13755.0 1144.0 104.0 niadni'1cWllliiu
16748.0 13768.0 28.0 88.0 !
17056.0 13743.0 872.0 132.0 irilCltH'tTlc"Kr
17999.0 13760.0 288.0 100.0 atest
18331.0 13787.0 284.0 72.0 care.

15832.0 13900.0 336.0 100.0 After
16207.0 13920.0 200.0 76.0 our
16448.0 13891.0 496.0 104.0 decision
16964.0 13964.0 24.0 48.0 ,
17044.0 13896.0 188.0 100.0 the
17296.0 13896.0 408.0 100.0 results
17748.0 13900.0 120.0 96.0 of
17924.0 13896.0 360.0 104.0 vvhleh
18340.0 13900.0 284.0 100.0 havu

15832.0 14036.0 448.0 116.0 alieady
16331.0 14040.0 272.0 100.0 been
16659.0 14031.0 904.0 108.0 eommunicatud
17651.0 14040.0 112.0 100.0 to
17815.0 14040.0 188.0 100.0 the
18076.0 14040.0 260.0 120.0 holy
18384.0 14067.0 204.0 76.0 con-

15832.0 14180.0 572.0 120.0 gregation
16460.0 14184.0 108.0 92.0 ol
16628.0 14176.0 188.0 104.0 the
16867.0 14180.0 712.0 120.0 propaganda
17596.0 14251.0 24.0 44.0 ,
17680.0 14184.0 276.0 108.0 only
17999.0 14188.0 228.0 96.0 two
18271.0 14188.0 196.0 96.0 out
18512.0 14188.0 120.0 96.0 of

15832.0 14320.0 184.0 104.0 the
16063.0 14324.0 396.0 96.0 twelve
16504.0 14347.0 152.0 72.0 arc
16696.0 14316.0 532.0 128.0 hblshops
17279.0 14320.0 324.0 104.0 voted
17660.0 14320.0 176.0 100.0 for
17884.0 14324.0 184.0 100.0 the
18116.0 14324.0 468.0 100.0 condem-

15832.0 14464.0 388.0 96.0 nation
16356.0 14456.0 244.0 104.0 thit
16688.0 14460.0 96.0 96.0 is
16860.0 14464.0 112.0 96.0 to
17016.0 14483.0 204.0 92.0 say
17224.0 14531.0 24.0 40.0 ,
17304.0 14460.0 188.0 100.0 the
17536.0 14460.0 672.0 128.0 archbishop
18267.0 14468.0 112.0 96.0 ol
18455.0 14464.0 160.0 104.0 St.

15828.0 14600.0 344.0 104.0 Louis
16220.0 14600.0 224.0 100.0 and
16532.0 14600.0 188.0 100.0 the
16768.0 14600.0 668.0 120.0 archbishop
17480.0 14608.0 108.0 92.0 ot
17688.0 14600.0 356.0 108.0 Santi
18100.0 14604.0 152.0 100.0 Fe
18256.0 14680.0 28.0 44.0 ,
18360.0 14608.0 252.0 100.0 who

15828.0 14744.0 524.0 100.0 lollovved
16440.0 14740.0 224.0 104.0 suit
16800.0 14744.0 156.0 100.0 foi
17040.0 14767.0 460.0 76.0 leasons
17556.0 14744.0 364.0 104.0 which
17972.0 14748.0 120.0 100.0 in
18167.0 14772.0 144.0 76.0 no
18375.0 14776.0 248.0 80.0 v\av

15824.0 14884.0 616.0 112.0 pcisitaded
16636.0 14888.0 192.0 100.0 the
17008.0 14888.0 372.0 100.0 others
17564.0 14888.0 340.0 100.0 elthei
18103.0 14891.0 116.0 96.0 ot
18435.0 14891.0 188.0 100.0 the

15815.0 15027.0 404.0 124.0 justice
16460.0 15056.0 128.0 72.0 or
16827.0 15027.0 568.0 124.0 prudence
17640.0 15031.0 124.0 96.0 of
18048.0 15031.0 268.0 104.0 such
18564.0 15068.0 64.0 72.0 a

15820.0 15167.0 916.0 104.0 condemnation.
17031.0 15167.0 136.0 104.0 In
17363.0 15171.0 188.0 104.0 the
17715.0 15175.0 912.0 104.0 cousldctiitlons

15828.0 15311.0 352.0 104.0 which
16236.0 15311.0 380.0 104.0 follow
16723.0 15311.0 56.0 104.0 1
16832.0 15340.0 276.0 76.0 vvisii
17164.0 15315.0 112.0 96.0 to
17323.0 15315.0 228.0 116.0 give
17556.0 15344.0 28.0 72.0 )
17636.0 15315.0 492.0 104.0 link-tail
18176.0 15319.0 184.0 104.0 the
18408.0 15348.0 224.0 72.0 lea-

15820.0 15484.0 268.0 76.0 sons
16132.0 15455.0 368.0 104.0 \\liich
16548.0 15451.0 700.0 104.0 deteimined
17296.0 15460.0 188.0 96.0 thn
17536.0 15468.0 252.0 92.0 vote
17868.0 15464.0 128.0 96.0 of
18088.0 15464.0 544.0 116.0 thugicat

15824.0 15600.0 520.0 124.0 majority
16428.0 15600.0 124.0 100.0 of
16616.0 15600.0 188.0 100.0 the
16892.0 15600.0 720.0 100.0 commission
17631.0 15671.0 24.0 40.0 ,
17755.0 15604.0 184.0 96.0 the
18028.0 15604.0 300.0 100.0 tiuth
18404.0 15612.0 220.0 96.0 and

15820.0 15744.0 296.0 100.0 force
16163.0 15744.0 124.0 100.0 of
16336.0 15740.0 356.0 104.0 which
16748.0 15740.0 140.0 100.0 do
16927.0 15744.0 200.0 100.0 not
17172.0 15767.0 296.0 76.0 seem
17544.0 15752.0 108.0 88.0 to
17704.0 15767.0 172.0 76.0 me
17924.0 15744.0 220.0 100.0 loss
18196.0 15775.0 436.0 96.0 powei-

15820.0 15888.0 164.0 100.0 liit
16043.0 15888.0 404.0 120.0 to-day.
16584.0 15884.0 160.0 104.0 At
16792.0 15884.0 188.0 100.0 the
17044.0 15907.0 304.0 80.0 same
17396.0 15884.0 272.0 104.0 time
17720.0 15884.0 48.0 100.0 I
17828.0 15888.0 224.0 100.0 will
18103.0 15896.0 172.0 92.0 tiv
18328.0 15896.0 112.0 96.0 to
18492.0 15892.0 144.0 100.0 do

15812.0 16028.0 408.0 124.0 justice
16264.0 16036.0 116.0 92.0 to
16428.0 16024.0 188.0 104.0 the
16664.0 16032.0 664.0 116.0 arguments
17396.0 16028.0 580.0 104.0 advanced
18028.0 16032.0 120.0 120.0 hi
18212.0 16032.0 188.0 104.0 the
18448.0 16060.0 144.0 96.0 op-

15815.0 16168.0 488.0 128.0 position
16348.0 16172.0 356.0 124.0 party.

15928.0 16312.0 580.0 116.0 Although
16683.0 16312.0 312.0 100.0 there
17208.0 16340.0 252.0 96.0 may
17671.0 16315.0 132.0 100.0 bo
17972.0 16315.0 352.0 104.0 found
18508.0 16319.0 112.0 100.0 In

15815.0 16459.0 184.0 100.0 the
16160.0 16451.0 740.0 108.0 constitution
16916.0 16524.0 28.0 48.0 ,
17111.0 16455.0 188.0 100.0 the
17467.0 16459.0 460.0 112.0 by-laws
18092.0 16459.0 224.0 104.0 and
18475.0 16463.0 120.0 100.0 of

15815.0 16599.0 284.0 104.0 liclal
16252.0 16595.0 756.0 104.0 declarations
17204.0 16599.0 120.0 96.0 of
17492.0 16599.0 188.0 100.0 the
17852.0 16599.0 500.0 120.0 Knights
18515.0 16616.0 104.0 88.0 ol

15815.0 16739.0 364.0 104.0 Labor
16340.0 16739.0 420.0 104.0 certain
16887.0 16739.0 620.0 104.0 assertions
17671.0 16768.0 120.0 76.0 or
17915.0 16748.0 680.0 120.0 regulations
18604.0 16819.0 36.0 24.0 ,

15812.0 16888.0 360.0 104.0 which
16227.0 16908.0 168.0 76.0 wo
16488.0 16879.0 356.0 120.0 might
16931.0 16888.0 200.0 96.0 not
17215.0 16908.0 488.0 96.0 nppiovc
17711.0 16959.0 24.0 40.0 ,
17795.0 16911.0 164.0 76.0 we
18052.0 16892.0 280.0 100.0 have
18424.0 16904.0 196.0 92.0 not

15812.0 17028.0 356.0 104.0 found
16220.0 17024.0 428.0 104.0 therein
16703.0 17028.0 188.0 96.0 tlio
16936.0 17024.0 492.0 104.0 element
17480.0 17024.0 360.0 108.0 which
17892.0 17028.0 188.0 104.0 the
18127.0 17032.0 264.0 124.0 holy
18440.0 17063.0 184.0 76.0 see

15812.0 17168.0 560.0 116.0 soclearlj
16444.0 17168.0 652.0 116.0 designates
17199.0 17195.0 124.0 72.0 us
17368.0 17168.0 888.0 128.0 condemnatory
18264.0 17247.0 24.0 44.0 ,
18404.0 17180.0 228.0 104.0 and

15808.0 17316.0 188.0 104.0 the
16088.0 17308.0 488.0 104.0 formula
16664.0 17312.0 128.0 96.0 of
16876.0 17308.0 292.0 104.0 their
17235.0 17312.0 776.0 100.0 onianl/atlon
18103.0 17324.0 532.0 96.0 contains

15815.0 17452.0 760.0 112.0 ncltlmi'oath
16679.0 17471.0 200.0 84.0 1101
16980.0 17452.0 1028.0 124.0 obllgationlwhlch
18103.0 17460.0 524.0 124.0 piccludo

15812.0 17603.0 316.0 100.0 those
16176.0 17599.0 252.0 100.0 who
16480.0 17596.0 140.0 104.0 do
16672.0 17596.0 196.0 100.0 not
16916.0 17592.0 396.0 108.0 belon.
17396.0 17599.0 116.0 96.0 to
17591.0 17603.0 80.0 92.0 it
17680.0 17672.0 28.0 44.0 ,
17792.0 17624.0 124.0 76.0 or
17964.0 17624.0 280.0 80.0 even
18344.0 17603.0 276.0 104.0 theii

15808.0 17743.0 496.0 104.0 enemies
16311.0 17816.0 24.0 44.0 ,
16460.0 17755.0 288.0 88.0 troui
16860.0 17736.0 588.0 124.0 becoming
17552.0 17743.0 672.0 120.0 acquainted
18368.0 17747.0 264.0 100.0 with

15812.0 17887.0 268.0 104.0 tlioii
16143.0 17883.0 420.0 104.0 affaiis.
17892.0 17975.0 40.0 44.0 .

16163.0 18048.0 964.0 84.0 CATHOLICS
17148.0 18052.0 24.0 76.0 :
17256.0 18048.0 228.0 80.0 NOi
17547.0 18052.0 416.0 80.0 roinn
17764.0 18059.0 20.0 72.0 :
17983.0 18059.0 24.0 68.0 >
18019.0 18052.0 264.0 84.0 Div
18167.0 18056.0 20.0 80.0 :

15812.0 18171.0 608.0 124.0 todivulgo
16504.0 18167.0 588.0 120.0 evorjtlnn
17111.0 18199.0 24.0 68.0 :
17135.0 18247.0 32.0 40.0 ,
17144.0 18196.0 36.0 44.0 '
17268.0 18180.0 112.0 92.0 to
17467.0 18180.0 640.0 116.0 competent
18192.0 18171.0 392.0 112.0 ecclesi-

15812.0 18312.0 388.0 108.0 astical
16247.0 18312.0 664.0 104.0 authoiitios
16924.0 18387.0 20.0 32.0 ,
16996.0 18335.0 288.0 80.0 even
17376.0 18312.0 444.0 104.0 outside
17908.0 18320.0 120.0 96.0 of
18132.0 18316.0 184.0 104.0 the
18375.0 18343.0 208.0 76.0 con-

15815.0 18456.0 536.0 104.0 fessional
16364.0 18527.0 28.0 44.0 ,
16520.0 18452.0 276.0 104.0 This
16847.0 18460.0 196.0 96.0 has
17095.0 18452.0 272.0 104.0 been
17423.0 18456.0 536.0 116.0 specially
18012.0 18460.0 600.0 124.0 explained

15815.0 18608.0 112.0 96.0 to
16032.0 18623.0 128.0 80.0 us
16247.0 18600.0 144.0 120.0 by
16480.0 18596.0 184.0 104.0 the
16752.0 18596.0 456.0 104.0 olliceis.
17348.0 18596.0 176.0 104.0 No
17591.0 18604.0 488.0 112.0 piomiso
18132.0 18604.0 124.0 100.0 of
18316.0 18604.0 312.0 104.0 blind

15812.0 18744.0 608.0 104.0 obedience
16468.0 18740.0 92.0 104.0 Is
16608.0 18736.0 536.0 124.0 required.
17276.0 18736.0 240.0 104.0 The
17564.0 18740.0 424.0 120.0 objects
18032.0 18744.0 124.0 96.0 of
18224.0 18744.0 188.0 100.0 the
18455.0 18772.0 128.0 72.0 as-

15812.0 18884.0 544.0 104.0 sociation
16408.0 18880.0 228.0 104.0 and
16688.0 18880.0 140.0 100.0 its
16876.0 18880.0 296.0 100.0 lilies
17215.0 18903.0 184.0 76.0 are
17448.0 18880.0 248.0 100.0 well
17748.0 18887.0 224.0 96.0 and
18023.0 18884.0 576.0 120.0 dlstlnctlj

15812.0 19020.0 672.0 104.0 established
16495.0 19096.0 24.0 40.0 ,
16575.0 19016.0 224.0 108.0 and
16847.0 19016.0 188.0 104.0 the
17084.0 19020.0 688.0 100.0 oblisations
17835.0 19023.0 124.0 96.0 of
18019.0 19023.0 608.0 104.0 obedience

15812.0 19163.0 144.0 100.0 do
15999.0 19167.0 204.0 100.0 not
16247.0 19175.0 544.0 112.0 ticsspass
16840.0 19160.0 292.0 104.0 their
17224.0 19156.0 380.0 108.0 limits.
17744.0 19160.0 220.0 104.0 Not
18016.0 19163.0 272.0 124.0 only
18340.0 19167.0 268.0 104.0 theli

15812.0 19307.0 428.0 124.0 objects
16280.0 19303.0 224.0 104.0 and
16552.0 19303.0 296.0 104.0 their
16887.0 19303.0 300.0 100.0 rules
17232.0 19328.0 188.0 76.0 are
17512.0 19307.0 196.0 100.0 not
17800.0 19303.0 404.0 108.0 hostile
18296.0 19311.0 120.0 100.0 to
18468.0 19336.0 116.0 76.0 re-

15812.0 19451.0 344.0 120.0 ligion
16212.0 19476.0 128.0 72.0 or
16384.0 19443.0 624.0 108.0 thechuich
17024.0 19520.0 24.0 40.0 ,
17100.0 19447.0 192.0 100.0 but
17343.0 19447.0 188.0 100.0 the
17580.0 19472.0 264.0 96.0 very
17888.0 19455.0 552.0 120.0 contrary.

15928.0 19591.0 244.0 104.0 'Ihe
16220.0 19591.0 300.0 104.0 third
16572.0 19591.0 464.0 124.0 plenary
17080.0 19591.0 440.0 108.0 council
17616.0 19591.0 428.0 104.0 forbids
18132.0 19591.0 244.0 108.0 that
18455.0 19623.0 168.0 76.0 we

15812.0 19735.0 404.0 104.0 should
16256.0 19767.0 28.0 68.0 (
16316.0 19731.0 500.0 104.0 omlcmu
16864.0 19756.0 228.0 104.0 any
17135.0 19735.0 680.0 104.0 association
17875.0 19735.0 476.0 108.0 without
18400.0 19740.0 188.0 120.0 giv-

15815.0 19880.0 204.0 112.0 ing
16068.0 19875.0 144.0 104.0 Its
16284.0 19875.0 428.0 104.0 olllceis
16756.0 19899.0 132.0 76.0 or
16951.0 19875.0 880.0 120.0 representative
17939.0 19907.0 64.0 76.0 a
18116.0 19880.0 500.0 120.0 hearing.

15824.0 20028.0 36.0 116.0 (
15872.0 20020.0 616.0 124.0 Corypheis
16592.0 20020.0 176.0 104.0 vel
16856.0 20020.0 336.0 104.0 socils
17299.0 20020.0 560.0 120.0 nteeipuls
17872.0 20099.0 24.0 44.0 ,
18012.0 20024.0 212.0 108.0 No.
18331.0 20032.0 180.0 96.0 ail
18528.0 20043.0 36.0 108.0 )
18584.0 20099.0 28.0 32.0 .

15812.0 20164.0 352.0 108.0 Their
16212.0 20168.0 416.0 100.0 master
16736.0 20168.0 576.0 100.0 workman
17332.0 20239.0 24.0 44.0 ,
17452.0 20168.0 116.0 100.0 In
17684.0 20168.0 488.0 124.0 sending
18284.0 20195.0 172.0 76.0 mo
18564.0 20204.0 60.0 72.0 a

15812.0 20335.0 288.0 96.0 copy
16148.0 20311.0 124.0 100.0 of
16320.0 20304.0 288.0 108.0 their
16656.0 20308.0 736.0 104.0 constitution
17408.0 20384.0 24.0 44.0 ,
17516.0 20311.0 264.0 100.0 took
17888.0 20311.0 508.0 104.0 occasion
18515.0 20319.0 112.0 96.0 to

15815.0 20480.0 196.0 96.0 siy
16072.0 20451.0 236.0 104.0 that
16360.0 20451.0 132.0 100.0 ho
16548.0 20451.0 584.0 116.0 professed
17199.0 20451.0 176.0 100.0 his
17483.0 20451.0 472.0 116.0 religion
18043.0 20455.0 584.0 128.0 faithfully

15812.0 20595.0 228.0 104.0 anil
16092.0 20591.0 488.0 108.0 receives
16632.0 20591.0 188.0 108.0 the
16892.0 20611.0 692.0 88.0 sacraments
17680.0 20595.0 556.0 124.0 regularly
18264.0 20620.0 28.0 100.0 ;
18388.0 20599.0 240.0 104.0 that

15812.0 20739.0 140.0 100.0 ho
15999.0 20739.0 464.0 112.0 belongs
16512.0 20739.0 112.0 96.0 to
16676.0 20760.0 144.0 76.0 no
16872.0 20731.0 512.0 104.0 Masonic
17476.0 20739.0 688.0 104.0 association
18276.0 20768.0 132.0 76.0 or
18512.0 20747.0 112.0 96.0 to

15808.0 20904.0 232.0 96.0 any
16192.0 20879.0 320.0 100.0 other
16672.0 20875.0 596.0 104.0 othcivvlso
17372.0 20879.0 704.0 104.0 condemned
18187.0 20883.0 140.0 120.0 by
18440.0 20883.0 184.0 100.0 the

15808.0 21019.0 412.0 104.0 church
16247.0 21044.0 32.0 100.0 ;
16524.0 21019.0 244.0 100.0 th.it
16964.0 21015.0 140.0 104.0 ho
17288.0 21019.0 404.0 100.0 Knows
17855.0 21023.0 124.0 96.0 of
18143.0 21023.0 480.0 120.0 nothing

15815.0 21168.0 116.0 100.0 in
16108.0 21159.0 184.0 104.0 the
16540.0 21159.0 424.0 124.0 society
17248.0 21168.0 116.0 92.0 ot
17651.0 21168.0 192.0 96.0 the
18127.0 21163.0 496.0 120.0 Knights

15808.0 21308.0 128.0 100.0 of
15984.0 21308.0 344.0 104.0 Laboi
16391.0 21312.0 528.0 112.0 contrary
16971.0 21308.0 112.0 96.0 to
17175.0 21304.0 188.0 104.0 the
17452.0 21304.0 668.0 108.0 regulation'
18120.0 21331.0 28.0 76.0 )
18227.0 21312.0 124.0 96.0 of
18435.0 21308.0 188.0 104.0 the

15808.0 21452.0 408.0 104.0 chinch
16232.0 21527.0 24.0 40.0 ,
16336.0 21459.0 224.0 92.0 and
16636.0 21448.0 268.0 104.0 with
17004.0 21448.0 264.0 100.0 lillal
17363.0 21448.0 676.0 104.0 submission
18140.0 21452.0 132.0 100.0 he
18360.0 21452.0 264.0 120.0 begs

15812.0 21596.0 188.0 104.0 the
16060.0 21599.0 432.0 120.0 pastois
16540.0 21596.0 104.0 96.0 oi
16740.0 21592.0 188.0 100.0 the
17008.0 21592.0 412.0 100.0 chinch
17472.0 21596.0 116.0 96.0 to
17671.0 21592.0 524.0 104.0 examine
18240.0 21592.0 148.0 104.0 all
18440.0 21596.0 184.0 100.0 tlio

15812.0 21735.0 408.0 108.0 details
16267.0 21735.0 124.0 100.0 of
16440.0 21732.0 272.0 108.0 theli
16780.0 21735.0 776.0 120.0 organi/atlon
17651.0 21732.0 224.0 108.0 and
17948.0 21764.0 256.0 76.0 sus
18251.0 21735.0 236.0 104.0 that
18539.0 21735.0 76.0 104.0 it

15815.0 21887.0 264.0 120.0 they
16132.0 21875.0 236.0 108.0 llnil
16455.0 21875.0 436.0 112.0 theicln
16988.0 21904.0 200.0 100.0 anj
17224.0 21875.0 324.0 112.0 thing
17640.0 21875.0 824.0 128.0 repiehenslblo
18512.0 21883.0 116.0 100.0 to

15812.0 22023.0 328.0 128.0 point
16187.0 22023.0 300.0 104.0 them
16544.0 22023.0 188.0 104.0 out
16783.0 22019.0 224.0 108.0 and
17060.0 22019.0 136.0 104.0 ho
17248.0 22019.0 224.0 108.0 will
17520.0 22019.0 584.0 128.0 faithfully
18143.0 22027.0 484.0 116.0 promise

15812.0 22175.0 120.0 96.0 to
16043.0 22167.0 280.0 104.0 have
16451.0 22167.0 188.0 100.0 thu
16788.0 22192.0 384.0 96.0 propel
17339.0 22163.0 820.0 108.0 modifications
18267.0 22167.0 352.0 104.0 made.

15824.0 22307.0 624.0 124.0 Assuredly
16532.0 22307.0 228.0 104.0 this
16832.0 22307.0 268.0 104.0 does
17195.0 22324.0 200.0 88.0 not
17463.0 22307.0 252.0 100.0 look
17812.0 22307.0 224.0 108.0 like
18123.0 22311.0 504.0 124.0 hostility

15815.0 22456.0 428.0 108.0 toward
16311.0 22456.0 188.0 100.0 the
16564.0 22447.0 580.0 124.0 antlioilty
17212.0 22460.0 104.0 92.0 ol
17420.0 22447.0 188.0 108.0 the
17671.0 22451.0 408.0 108.0 church
18096.0 22527.0 20.0 52.0 ,
18196.0 22456.0 192.0 104.0 but
18475.0 22479.0 144.0 80.0 on

15820.0 22604.0 184.0 100.0 the
16048.0 22615.0 528.0 104.0 contrary

16072.0 22763.0 76.0 84.0 A
16236.0 22759.0 1464.0 84.0 rini'icii.I.AIJDAIII.I
16356.0 22767.0 28.0 76.0 :
16604.0 22763.0 28.0 80.0 :
17711.0 22763.0 28.0 84.0 :
17808.0 22763.0 432.0 84.0 SIMIIIT.

15932.0 22887.0 336.0 104.0 Alter
16356.0 22883.0 292.0 108.0 their
16728.0 22891.0 696.0 96.0 convention
17527.0 22883.0 112.0 104.0 in
17724.0 22883.0 616.0 104.0 Richmond
18415.0 22891.0 216.0 100.0 last

15815.0 23056.0 44.0 96.0 >
15892.0 23056.0 168.0 76.0 cai
16128.0 23052.0 340.0 100.0 many
16520.0 23027.0 124.0 100.0 of
16740.0 23023.0 272.0 108.0 theli
17075.0 23027.0 784.0 104.0 inoitealous
17908.0 23027.0 428.0 104.0 olliceis
18400.0 23020.0 228.0 112.0 aild

15815.0 23171.0 504.0 104.0 Catholic
16408.0 23175.0 552.0 100.0 membeis
17040.0 23167.0 324.0 104.0 made
17456.0 23171.0 196.0 104.0 the
17735.0 23196.0 308.0 76.0 same
18147.0 23167.0 444.0 108.0 declara-

15815.0 23315.0 300.0 104.0 tions
16163.0 23311.0 600.0 120.0 regarding
16816.0 23315.0 292.0 100.0 their
17152.0 23311.0 716.0 108.0 hentiments.
18003.0 23319.0 164.0 96.0 As
18216.0 23311.0 180.0 100.0 lor
18440.0 23315.0 192.0 100.0 the

15815.0 23459.0 744.0 124.0 pioceedlngs
16648.0 23455.0 124.0 100.0 of
16876.0 23455.0 188.0 104.0 thu
17164.0 23451.0 688.0 104.0 convention
17956.0 23455.0 676.0 104.0 themselves

15824.0 23604.0 36.0 116.0 (
15880.0 23599.0 360.0 108.0 which
16400.0 23623.0 164.0 76.0 wo
16728.0 23608.0 396.0 108.0 expect
17332.0 23619.0 276.0 80.0 POOH
17820.0 23595.0 120.0 104.0 to
18107.0 23595.0 424.0 108.0 reecho
18539.0 23604.0 36.0 116.0 )
18596.0 23671.0 24.0 52.0 ,

15815.0 23767.0 168.0 80.0 wo
16260.0 23767.0 204.0 76.0 can
16743.0 23763.0 152.0 76.0 no
17160.0 23763.0 308.0 76.0 more
17711.0 23739.0 236.0 104.0 find
18192.0 23739.0 432.0 108.0 therein

15812.0 23911.0 224.0 96.0 any
16280.0 23880.0 516.0 120.0 hostility
17040.0 23880.0 112.0 104.0 to
17416.0 23880.0 188.0 108.0 the
17844.0 23884.0 412.0 104.0 church
18504.0 23911.0 128.0 76.0 or

15815.0 24035.0 112.0 96.0 to
16167.0 24031.0 188.0 96.0 the
16564.0 24028.0 280.0 100.0 laws
17064.0 24024.0 124.0 100.0 of
17436.0 24024.0 184.0 104.0 the
17848.0 24024.0 300.0 108.0 land.
18404.0 24028.0 228.0 104.0 Not

15808.0 24171.0 272.0 120.0 only
16128.0 24168.0 292.0 104.0 their
16460.0 24164.0 752.0 104.0 constitution
17264.0 24168.0 224.0 100.0 and
17584.0 24195.0 28.0 72.0 i
17640.0 24191.0 24.0 68.0 (
17671.0 24164.0 608.0 128.0 'filiations
18371.0 24195.0 208.0 76.0 con-

15812.0 24311.0 236.0 104.0 tain
16103.0 24307.0 484.0 120.0 nothing
16639.0 24311.0 120.0 96.0 of
16807.0 24307.0 188.0 104.0 the
17040.0 24315.0 224.0 96.0 fort
17279.0 24379.0 28.0 40.0 ,
17363.0 24307.0 196.0 104.0 but
17607.0 24307.0 188.0 104.0 the
17844.0 24307.0 344.0 108.0 heads
18236.0 24315.0 116.0 100.0 of
18428.0 24335.0 208.0 80.0 our

15808.0 24451.0 264.0 104.0 civil
16180.0 24451.0 664.0 104.0 authorities
16960.0 24455.0 288.0 100.0 treat
17368.0 24447.0 300.0 108.0 them
17780.0 24451.0 224.0 104.0 and
18056.0 24451.0 188.0 104.0 the
18291.0 24480.0 332.0 76.0 cause

15812.0 24595.0 200.0 124.0 thy
16060.0 24599.0 580.0 116.0 ri'presont
16696.0 24591.0 264.0 104.0 with
17008.0 24591.0 192.0 104.0 the
17272.0 24599.0 984.0 120.0 greatesticspect.
18388.0 24595.0 244.0 100.0 The

15815.0 24735.0 576.0 132.0 president
16455.0 24739.0 112.0 96.0 ol
16636.0 24735.0 188.0 104.0 the
16876.0 24731.0 428.0 108.0 United
17356.0 24735.0 380.0 104.0 States
17788.0 24735.0 228.0 104.0 told
18112.0 24764.0 172.0 76.0 me
18395.0 24764.0 196.0 100.0 per-

15812.0 24879.0 452.0 124.0 sonally
16311.0 24907.0 60.0 76.0 a
16428.0 24879.0 388.0 104.0 month
16872.0 24900.0 212.0 100.0 ago
17132.0 24875.0 240.0 104.0 that
17420.0 24875.0 136.0 104.0 he
17607.0 24879.0 212.0 104.0 had
17928.0 24879.0 264.0 104.0 then
18251.0 24879.0 356.0 104.0 under

15812.0 25019.0 840.0 108.0 consideration
16703.0 25047.0 64.0 72.0 a
16820.0 25023.0 404.0 100.0 matter
17272.0 25019.0 656.0 108.0 pertaining
18012.0 25027.0 116.0 96.0 to
18192.0 25023.0 424.0 104.0 coitaln

15812.0 25168.0 348.0 104.0 social
16448.0 25159.0 588.0 132.0 grlevanes
17048.0 25187.0 48.0 52.0 *
17104.0 25235.0 28.0 48.0 ,
17420.0 25163.0 224.0 100.0 and
17936.0 25163.0 112.0 104.0 til
18096.0 25172.0 84.0 96.0 it
18495.0 25163.0 136.0 104.0 ho

15812.0 25308.0 220.0 104.0 had
16404.0 25308.0 124.0 124.0 ju
16599.0 25312.0 44.0 96.0 t
16984.0 25299.0 216.0 104.0 had
17544.0 25327.0 68.0 80.0 a
17952.0 25303.0 676.0 108.0 conleienco

15815.0 25448.0 268.0 108.0 with
16200.0 25448.0 200.0 108.0 Mr.
16528.0 25444.0 588.0 120.0 Powderly
17120.0 25515.0 28.0 44.0 ,
17279.0 25444.0 188.0 104.0 the
17596.0 25444.0 452.0 112.0 general
18207.0 25463.0 428.0 92.0 m.iHter

15820.0 25592.0 580.0 104.0 worKfiian
16455.0 25592.0 124.0 100.0 of
16628.0 25584.0 188.0 108.0 the
16904.0 25584.0 500.0 120.0 KnUhtn
17467.0 25588.0 124.0 100.0 of
17704.0 25584.0 368.0 108.0 Labor
18068.0 25659.0 28.0 52.0 ,
18207.0 25611.0 144.0 80.0 on
18444.0 25595.0 188.0 100.0 the

15812.0 25735.0 468.0 124.0 subject.
16415.0 25731.0 244.0 104.0 Thu
16708.0 25731.0 700.0 116.0 congress.of
17492.0 25731.0 188.0 104.0 the
17731.0 25728.0 436.0 108.0 United
18220.0 25728.0 368.0 108.0 States
18599.0 25807.0 24.0 44.0 ,

15815.0 25875.0 592.0 108.0 following
16455.0 25871.0 188.0 108.0 the
16688.0 25868.0 388.0 108.0 advice
17120.0 25871.0 124.0 100.0 of
17332.0 25871.0 184.0 100.0 the
17567.0 25871.0 568.0 120.0 piesldunt
18147.0 25943.0 28.0 52.0 ,
18231.0 25871.0 92.0 104.0 IB
18375.0 25895.0 256.0 80.0 now

15812.0 26015.0 728.0 108.0 considering
16592.0 26039.0 568.0 76.0 measures
17208.0 26011.0 476.0 104.0 tcndliiL'
17775.0 26019.0 108.0 96.0 In
17983.0 26011.0 648.0 108.0 ameliorate

15815.0 26159.0 188.0 104.0 the
16108.0 26159.0 592.0 108.0 condition
16816.0 26155.0 124.0 100.0 of
17016.0 26155.0 188.0 108.0 the
17339.0 26151.0 520.0 120.0 working
17964.0 26155.0 288.0 104.0 class
18260.0 26228.0 32.0 48.0 ,
18444.0 26155.0 188.0 104.0 the

15820.0 26299.0 676.0 108.0 foundation
16555.0 26307.0 164.0 96.0 tot
16792.0 26324.0 336.0 76.0 nmnv
17180.0 26299.0 124.0 100.0 of
17392.0 26295.0 376.0 104.0 whoso
17812.0 26299.0 676.0 120.0 complaints
18539.0 26299.0 92.0 104.0 Is

15812.0 26467.0 284.0 100.0 open
16120.0 26443.0 24.0 104.0 !
16160.0 26467.0 44.0 100.0 }
16360.0 26439.0 920.0 116.0 nckiuiwliulgrd.
17460.0 26439.0 268.0 104.0 And
17859.0 26439.0 188.0 104.0 the
18132.0 26435.0 496.0 124.0 political

15815.0 26587.0 416.0 124.0 pirtles
16240.0 26659.0 24.0 40.0 ,
16384.0 26587.0 176.0 100.0 fur
16668.0 26579.0 288.0 104.0 fiom
17064.0 26579.0 472.0 124.0 looKMiu
17640.0 26600.0 300.0 100.0 upon
18116.0 26579.0 304.0 108.0 them
18508.0 26611.0 124.0 72.0 IIH

15812.0 26755.0 216.0 76.0 cur
16043.0 26736.0 276.0 96.0 mUs
16360.0 26727.0 124.0 100.0 of
16532.0 26723.0 188.0 104.0 the
16760.0 26736.0 484.0 108.0 country
17248.0 26795.0 28.0 52.0 ,
17328.0 26723.0 168.0 104.0 vie
17540.0 26719.0 264.0 104.0 with
17852.0 26719.0 268.0 108.0 each
18172.0 26727.0 316.0 100.0 other
18515.0 26736.0 116.0 92.0 to

15815.0 26867.0 388.0 108.0 obtain
16260.0 26876.0 176.0 96.0 tor
16535.0 26867.0 296.0 104.0 them
16887.0 26863.0 188.0 104.0 the
17124.0 26863.0 360.0 120.0 rights
17552.0 26867.0 268.0 116.0 they
17924.0 26891.0 188.0 76.0 are
18216.0 26863.0 412.0 128.0 clearly

15812.0 27012.0 480.0 108.0 emitted
16344.0 27016.0 112.0 100.0 to
16468.0 27083.0 20.0 48.0 ,
16544.0 27019.0 172.0 92.0 lor
16763.0 27008.0 80.0 104.0 It
16900.0 27003.0 92.0 108.0 Is
17060.0 27035.0 64.0 76.0 a
17212.0 27008.0 228.0 104.0 fuct
17532.0 27003.0 244.0 108.0 well
17875.0 27008.0 420.0 104.0 known
18388.0 27008.0 244.0 104.0 that

15820.0 27152.0 188.0 104.0 the
16060.0 27179.0 272.0 100.0 poor
16380.0 27152.0 384.0 104.0 tellers
16816.0 27152.0 284.0 104.0 have
17155.0 27175.0 104.0 76.0 in
17276.0 27179.0 28.0 64.0 *
17352.0 27148.0 676.0 104.0 inclination
18088.0 27163.0 116.0 88.0 to
18291.0 27152.0 336.0 104.0 resist-

15815.0 27323.0 132.0 76.0 or
15996.0 27295.0 340.0 104.0 bie.ik
16391.0 27292.0 188.0 104.0 the
16628.0 27295.0 276.0 104.0 laws
16951.0 27292.0 120.0 104.0 of
17124.0 27292.0 184.0 104.0 the
17359.0 27288.0 260.0 108.0 land
17636.0 27363.0 24.0 48.0 ,
17720.0 27292.0 188.0 104.0 but
18008.0 27288.0 416.0 128.0 simply
18515.0 27295.0 116.0 100.0 to

15895.0 27435.0 308.0 108.0 Main
16264.0 27435.0 560.0 128.0 equitable
16880.0 27431.0 636.0 124.0 legislation
17572.0 27435.0 144.0 120.0 by
17764.0 27431.0 864.0 104.0 constitutional

15820.0 27583.0 220.0 104.0 and
16096.0 27579.0 624.0 124.0 legitimate
16772.0 27603.0 420.0 80.0 means.
17323.0 27575.0 272.0 108.0 And
17647.0 27571.0 944.0 108.0 thooconsidera

15824.0 27723.0 308.0 104.0 tions
16140.0 27796.0 24.0 36.0 ,
16212.0 27715.0 360.0 108.0 which
16628.0 27723.0 312.0 100.0 show
16984.0 27715.0 248.0 108.0 that
17279.0 27715.0 184.0 104.0 the
17532.0 27715.0 776.0 112.0 orgnnl/atlon
18360.0 27715.0 268.0 108.0 does

15824.0 27871.0 200.0 96.0 not
16068.0 27859.0 460.0 108.0 contain
16584.0 27888.0 228.0 92.0 liny
16860.0 27863.0 120.0 100.0 of
17028.0 27859.0 188.0 104.0 the
17323.0 27863.0 548.0 104.0 elements
17983.0 27855.0 368.0 112.0 which
18444.0 27859.0 188.0 108.0 tlio

15824.0 28003.0 264.0 124.0 holy
16176.0 28031.0 188.0 80.0 see
16448.0 28015.0 624.0 96.0 condemns
17084.0 28079.0 24.0 56.0 ,
17228.0 28003.0 328.0 124.0 biilig
17656.0 28027.0 124.0 80.0 iis
17832.0 28007.0 244.0 100.0 fuco
18183.0 28011.0 112.0 96.0 to
18384.0 28007.0 248.0 100.0 toco

18860.0 2740.0 268.0 112.0 with
19184.0 2748.0 188.0 104.0 the
19416.0 2748.0 284.0 112.0 evils
19751.0 2756.0 184.0 104.0 the
20023.0 2756.0 424.0 132.0 society
20515.0 2764.0 92.0 104.0 Is
20696.0 2768.0 648.0 124.0 combating
21423.0 2776.0 236.0 116.0 ami

19051.0 2912.0 216.0 80.0 TIII
19279.0 2916.0 28.0 80.0 :
19359.0 2916.0 344.0 84.0 nr.Ai.
19755.0 2920.0 472.0 88.0 v.vrt'iu
20240.0 2928.0 32.0 80.0 :
20320.0 2928.0 156.0 84.0 OK
20524.0 2932.0 212.0 80.0 tin
20747.0 2932.0 28.0 84.0 :
20827.0 2940.0 648.0 88.0 cosrj.irT.

18971.0 3028.0 364.0 108.0 Theio
19379.0 3044.0 292.0 100.0 exist
19724.0 3036.0 112.0 108.0 In
19892.0 3064.0 204.0 84.0 our
20140.0 3060.0 480.0 112.0 country
20628.0 3124.0 24.0 48.0 ,
20707.0 3084.0 120.0 72.0 as
20880.0 3060.0 112.0 104.0 In
21048.0 3056.0 148.0 108.0 all
21243.0 3060.0 324.0 108.0 other
21571.0 3088.0 56.0 84.0 ?
21627.0 3136.0 32.0 56.0 ,

18852.0 3172.0 340.0 104.0 social
19276.0 3172.0 656.0 124.0 grievances
19992.0 3184.0 364.0 108.0 which
20444.0 3216.0 188.0 80.0 am
20679.0 3200.0 608.0 104.0 cravonnd
21363.0 3228.0 252.0 84.0 men-

18852.0 3316.0 336.0 124.0 acing
19215.0 3340.0 28.0 100.0 ;
19319.0 3316.0 376.0 128.0 public
19788.0 3316.0 588.0 132.0 Injustices
20431.0 3332.0 360.0 108.0 which
20884.0 3340.0 300.0 104.0 alike
21232.0 3344.0 436.0 128.0 require

18852.0 3456.0 244.0 104.0 linn
19188.0 3456.0 616.0 116.0 resistance
19904.0 3464.0 228.0 108.0 nml
20247.0 3468.0 284.0 112.0 legal
20632.0 3480.0 544.0 104.0 lomedles
21299.0 3488.0 148.0 100.0 all
21540.0 3492.0 128.0 100.0 of

18852.0 3596.0 376.0 112.0 which
19283.0 3628.0 300.0 80.0 none
19636.0 3604.0 356.0 108.0 would
20083.0 3608.0 484.0 132.0 gainsay
20572.0 3688.0 28.0 44.0 ,
20656.0 3620.0 220.0 100.0 and
20940.0 3616.0 180.0 112.0 the
21168.0 3624.0 300.0 108.0 truth
21536.0 3632.0 128.0 100.0 of

18852.0 3740.0 360.0 108.0 which
19383.0 3744.0 196.0 108.0 lias
19744.0 3748.0 460.0 132.0 already
20351.0 3756.0 272.0 104.0 been
20800.0 3760.0 548.0 112.0 admitted
21511.0 3768.0 152.0 124.0 by

18843.0 3908.0 536.0 100.0 congress
19564.0 3892.0 224.0 104.0 and
20019.0 3896.0 192.0 104.0 the
20395.0 3900.0 576.0 128.0 president
21155.0 3912.0 124.0 100.0 of
21463.0 3908.0 196.0 112.0 the

18856.0 4024.0 424.0 112.0 United
19407.0 4032.0 312.0 108.0 State
19731.0 4064.0 48.0 76.0 ?
19788.0 4108.0 28.0 36.0 .
20072.0 4036.0 516.0 116.0 Without
20752.0 4048.0 532.0 132.0 entering
21407.0 4056.0 252.0 108.0 Into

18847.0 4168.0 184.0 104.0 thn
19144.0 4172.0 444.0 124.0 painful
19715.0 4180.0 404.0 112.0 details
20227.0 4188.0 124.0 100.0 of
20475.0 4188.0 312.0 108.0 these
20884.0 4216.0 448.0 100.0 wiongs
21463.0 4196.0 196.0 112.0 thu

18843.0 4336.0 452.0 92.0 pic-sent
19339.0 4316.0 512.0 108.0 occasion
19912.0 4332.0 196.0 96.0 not
20176.0 4324.0 576.0 132.0 leqiilrlng
20800.0 4332.0 80.0 104.0 It
21015.0 4336.0 84.0 104.0 It
21152.0 4336.0 224.0 108.0 will
21423.0 4344.0 192.0 100.0 suf

18847.0 4452.0 192.0 104.0 lice
19091.0 4460.0 112.0 96.0 to
19252.0 4460.0 500.0 104.0 mention
19812.0 4460.0 188.0 112.0 the
20067.0 4472.0 220.0 100.0 tact
20380.0 4468.0 236.0 108.0 that
20668.0 4476.0 932.0 124.0 monopolies
21456.0 4504.0 24.0 80.0 \
21496.0 4508.0 24.0 76.0 \
21615.0 4484.0 52.0 104.0 \

18840.0 4604.0 272.0 112.0 only
19159.0 4596.0 144.0 124.0 by
19359.0 4596.0 688.0 112.0 Individuals
20056.0 4680.0 20.0 44.0 ,
20183.0 4608.0 188.0 104.0 but
20484.0 4620.0 776.0 116.0 corporations
21367.0 4620.0 244.0 108.0 also
21615.0 4696.0 36.0 52.0 ,

18843.0 4736.0 780.0 128.0 havealieady
19731.0 4744.0 436.0 108.0 excited
20276.0 4752.0 676.0 124.0 complaints
21064.0 4768.0 284.0 96.0 iioni
21463.0 4764.0 196.0 108.0 tlm

18847.0 4875.0 776.0 128.0 working-man
19735.0 4904.0 224.0 88.0 anil
20107.0 4892.0 636.0 124.0 opposition
20880.0 4904.0 288.0 100.0 from
21279.0 4900.0 376.0 128.0 publlo

18847.0 5044.0 248.0 80.0 men
19204.0 5024.0 220.0 104.0 and
19547.0 5024.0 508.0 112.0 national
20147.0 5032.0 624.0 116.0 IcgMatnis
20867.0 5068.0 120.0 72.0 as
21040.0 5044.0 248.0 104.0 well
21319.0 5064.0 28.0 104.0 ;
21403.0 5048.0 248.0 104.0 that

18836.0 5160.0 188.0 108.0 the
19135.0 5176.0 380.0 96.0 etloits
19620.0 5176.0 120.0 92.0 of
19852.0 5168.0 308.0 108.0 these
20311.0 5176.0 728.0 124.0 inonopiilists
21048.0 5256.0 24.0 44.0 ,
21188.0 5200.0 200.0 88.0 not
21496.0 5188.0 164.0 104.0 nl-

18840.0 5332.0 300.0 100.0 wa.vs
19192.0 5312.0 776.0 104.0 unsuccessful
19983.0 5384.0 24.0 48.0 ,
20063.0 5328.0 112.0 92.0 to
20260.0 5320.0 432.0 104.0 control
20767.0 5320.0 628.0 124.0 legislation
21467.0 5332.0 180.0 104.0 for

18836.0 5448.0 292.0 104.0 their
19292.0 5476.0 252.0 88.0 own
19720.0 5456.0 316.0 112.0 piotlt
20052.0 5532.0 24.0 44.0 ,
20247.0 5484.0 328.0 80.0 cause
20743.0 5492.0 64.0 76.0 a
20975.0 5484.0 308.0 100.0 great
21387.0 5472.0 256.0 108.0 deal

18836.0 5592.0 116.0 96.0 of
19004.0 5592.0 468.0 128.0 anxiety
19520.0 5604.0 112.0 96.0 to
19680.0 5596.0 188.0 104.0 the
19912.0 5596.0 792.0 112.0 disinterested
20752.0 5604.0 436.0 112.0 trlends
21235.0 5611.0 120.0 104.0 of
21443.0 5616.0 200.0 104.0 lib-

18832.0 5744.0 216.0 112.0 ettj
19100.0 5756.0 28.0 96.0 ;
19184.0 5736.0 232.0 104.0 that
19472.0 5736.0 296.0 108.0 their
19812.0 5740.0 532.0 108.0 healtless
20451.0 5748.0 440.0 108.0 avarice
21024.0 5752.0 356.0 104.0 which
21392.0 5832.0 24.0 40.0 ,
21511.0 5764.0 120.0 100.0 to

18840.0 5872.0 504.0 108.0 Increase
19456.0 5880.0 296.0 108.0 their
19835.0 5908.0 544.0 84.0 revenues
20472.0 5887.0 604.0 108.0 luthlesislv
21159.0 5896.0 464.0 108.0 ciiisht'S

18836.0 6036.0 188.0 84.0 not
19075.0 6016.0 264.0 124.0 only
19396.0 6023.0 184.0 100.0 the
19691.0 6023.0 772.0 112.0 woiKlngmen
20564.0 6040.0 780.0 124.0 representing
21440.0 6040.0 192.0 108.0 the

18843.0 6156.0 448.0 108.0 vailons
19343.0 6163.0 368.0 104.0 trades
19720.0 6240.0 24.0 40.0 ,
19799.0 6168.0 184.0 104.0 but
20039.0 6196.0 276.0 76.0 even
20391.0 6172.0 184.0 104.0 the
20628.0 6200.0 428.0 80.0 women
21155.0 6184.0 224.0 100.0 anil
21436.0 6180.0 192.0 108.0 the

18836.0 6324.0 392.0 100.0 .voting
19276.0 6304.0 496.0 108.0 chlldien
19895.0 6308.0 108.0 108.0 In
20092.0 6308.0 268.0 108.0 theli
20464.0 6316.0 448.0 124.0 employ
21044.0 6320.0 388.0 104.0 makes
21547.0 6328.0 92.0 104.0 It

18840.0 6439.0 304.0 124.0 plain
19204.0 6452.0 112.0 92.0 to
19363.0 6448.0 144.0 100.0 nil
19564.0 6448.0 252.0 100.0 who
19868.0 6456.0 240.0 96.0 love
20224.0 6456.0 596.0 124.0 humanity
20907.0 6464.0 220.0 100.0 and
21212.0 6460.0 416.0 124.0 justlco

18840.0 6580.0 240.0 104.0 that
19139.0 6588.0 192.0 100.0 not
19383.0 6588.0 188.0 100.0 enl
19587.0 6612.0 44.0 96.0 >
19744.0 6588.0 188.0 104.0 the
20023.0 6596.0 784.0 104.0 woil.lnuuian
20896.0 6600.0 196.0 104.0 has
21179.0 6632.0 64.0 72.0 a
21332.0 6604.0 304.0 112.0 tight

18836.0 6732.0 108.0 92.0 to
18996.0 6724.0 524.0 120.0 organize
19571.0 6736.0 152.0 92.0 toi
19791.0 6724.0 172.0 108.0 his
20012.0 6752.0 260.0 84.0 own
20351.0 6740.0 616.0 120.0 piotcction
20987.0 6812.0 20.0 52.0 ,
21104.0 6740.0 200.0 104.0 but
21387.0 6748.0 248.0 100.0 that

18836.0 6864.0 80.0 96.0 It
18976.0 6860.0 92.0 100.0 Is
19111.0 6868.0 184.0 100.0 tin.1
19348.0 6864.0 468.0 104.0 dulot
19936.0 6868.0 188.0 108.0 the
20236.0 6876.0 368.0 108.0 public
20712.0 6884.0 112.0 96.0 at
20931.0 6880.0 300.0 124.0 large
21299.0 6888.0 112.0 96.0 to
21447.0 6884.0 192.0 108.0 aid

18832.0 7004.0 300.0 104.0 them
19184.0 7012.0 112.0 96.0 in
19356.0 7012.0 436.0 116.0 lindlng
19835.0 7040.0 64.0 72.0 a
19948.0 7016.0 424.0 120.0 reitiedj
20428.0 7016.0 440.0 120.0 against
20924.0 7020.0 184.0 104.0 the
21155.0 7024.0 484.0 120.0 dangers

18836.0 7148.0 268.0 104.0 with
19164.0 7148.0 352.0 104.0 which
19567.0 7152.0 680.0 108.0 civilization
20344.0 7160.0 220.0 104.0 and
20619.0 7160.0 188.0 104.0 the
20896.0 7160.0 336.0 108.0 social
21303.0 7164.0 332.0 108.0 older

18827.0 7316.0 184.0 76.0 arc
19064.0 7296.0 528.0 104.0 menaced
19644.0 7292.0 116.0 128.0 bj
19832.0 7296.0 440.0 108.0 .ivatlee
20276.0 7376.0 28.0 44.0 ,
20395.0 7304.0 656.0 124.0 oppiesslon
21128.0 7308.0 228.0 104.0 and
21407.0 7336.0 184.0 76.0 cor

18827.0 7436.0 484.0 120.0 ruption.

18940.0 7572.0 184.0 108.0 No
19168.0 7604.0 216.0 76.0 one
19423.0 7580.0 328.0 104.0 could
19848.0 7584.0 480.0 104.0 truthful
20348.0 7587.0 24.0 100.0 !
20388.0 7612.0 44.0 96.0 }
20539.0 7587.0 308.0 112.0 deny
20896.0 7587.0 188.0 104.0 the
21164.0 7587.0 288.0 128.0 light
21503.0 7587.0 128.0 108.0 of

18823.0 7716.0 612.0 120.0 legitimate
19487.0 7727.0 608.0 104.0 lesistance
20103.0 7804.0 24.0 44.0 ,
20224.0 7727.0 220.0 104.0 and
20499.0 7727.0 184.0 104.0 the
20740.0 7736.0 560.0 120.0 necessity
21347.0 7740.0 288.0 100.0 fern

18823.0 7863.0 476.0 120.0 remedy.
19432.0 7863.0 244.0 104.0 'Iho
19764.0 7872.0 284.0 100.0 most
20143.0 7868.0 236.0 104.0 that
20455.0 7900.0 160.0 76.0 wo
20679.0 7872.0 324.0 104.0 could
21051.0 7876.0 144.0 104.0 do
21243.0 7876.0 376.0 108.0 would

18820.0 7999.0 132.0 104.0 bo
19000.0 8028.0 148.0 76.0 no
19195.0 8003.0 340.0 104.0 doubt
19627.0 8008.0 188.0 104.0 the
19904.0 8008.0 636.0 124.0 legitimacy
20628.0 8020.0 124.0 96.0 of
20823.0 8020.0 188.0 100.0 the
21064.0 8044.0 384.0 80.0 means
21496.0 8024.0 132.0 100.0 ot

18820.0 8144.0 604.0 108.0 leslstanco
19507.0 8152.0 580.0 124.0 emplujcd
20103.0 8228.0 24.0 44.0 ,
20231.0 8156.0 224.0 104.0 and
20568.0 8160.0 120.0 96.0 of
20796.0 8160.0 188.0 100.0 the
21084.0 8160.0 548.0 108.0 remedies

18816.0 8288.0 444.0 124.0 applied
19316.0 8288.0 140.0 128.0 by
19507.0 8292.0 184.0 104.0 the
19755.0 8292.0 488.0 112.0 Knights
20296.0 8304.0 120.0 92.0 of
20472.0 8300.0 388.0 104.0 Labor.
21000.0 8300.0 128.0 104.0 In
21188.0 8308.0 184.0 96.0 the
21432.0 8304.0 156.0 104.0 fol-

18836.0 8428.0 424.0 124.0 lowing
19268.0 8507.0 24.0 44.0 ,
19348.0 8436.0 260.0 100.0 then
19627.0 8504.0 20.0 52.0 ,
19708.0 8432.0 228.0 108.0 will
19988.0 8436.0 128.0 104.0 be
20196.0 8440.0 188.0 104.0 the
20451.0 8444.0 276.0 100.0 next
20816.0 8444.0 312.0 120.0 point
21219.0 8448.0 120.0 96.0 of
21427.0 8472.0 212.0 76.0 our

18823.0 8572.0 776.0 104.0 examination
19636.0 8599.0 24.0 80.0 :

19219.0 8739.0 188.0 76.0 mi
19512.0 8744.0 572.0 80.0 VIIIIIIODS
20136.0 8748.0 156.0 76.0 or
20364.0 8752.0 20.0 72.0 i
20428.0 8748.0 124.0 76.0 in
20568.0 8748.0 28.0 80.0 :
20648.0 8748.0 464.0 80.0 KNicim
21208.0 8800.0 24.0 28.0 .

18931.0 8860.0 20.0 92.0 !
18964.0 8860.0 24.0 84.0 '
18996.0 8928.0 20.0 32.0 .
19108.0 8856.0 100.0 100.0 It
19248.0 8884.0 204.0 76.0 can
19512.0 8860.0 464.0 124.0 searcolj
20047.0 8864.0 128.0 100.0 bo
20224.0 8864.0 488.0 104.0 doubted
20763.0 8868.0 248.0 104.0 that
21051.0 8868.0 192.0 104.0 the
21296.0 8872.0 288.0 100.0 form-

18823.0 9000.0 192.0 112.0 ing
19064.0 9000.0 120.0 96.0 of
19232.0 9000.0 748.0 104.0 associations
20028.0 9004.0 220.0 104.0 and
20291.0 9008.0 848.0 112.0 organl/atlons
21223.0 9015.0 124.0 96.0 of
21432.0 9011.0 192.0 104.0 the

18820.0 9136.0 408.0 120.0 paities
19272.0 9144.0 604.0 100.0 Intelested
19932.0 9144.0 96.0 104.0 Is
20076.0 9151.0 188.0 96.0 the
20311.0 9151.0 244.0 100.0 bcbt
20612.0 9176.0 388.0 76.0 HUMUS
21044.0 9151.0 120.0 96.0 of
21228.0 9151.0 356.0 104.0 attain-

18820.0 9280.0 192.0 120.0 ing
19060.0 9308.0 60.0 72.0 a
19172.0 9280.0 376.0 124.0 public
19591.0 9284.0 364.0 120.0 object
20043.0 9287.0 120.0 96.0 of
20264.0 9312.0 228.0 80.0 anv
20608.0 9287.0 280.0 104.0 kliui
21020.0 9291.0 184.0 100.0 the
21316.0 9296.0 300.0 104.0 most

18823.0 9420.0 436.0 100.0 natural
19312.0 9420.0 224.0 104.0 and
19584.0 9427.0 656.0 100.0 elllc.iclons.
20368.0 9427.0 280.0 104.0 This
20699.0 9427.0 92.0 100.0 Is
20904.0 9456.0 120.0 76.0 so
21111.0 9436.0 460.0 100.0 evident
21580.0 9508.0 28.0 44.0 ,

18820.0 9560.0 216.0 104.0 and
19095.0 9563.0 428.0 100.0 besides
19567.0 9596.0 128.0 68.0 so
19744.0 9572.0 328.0 96.0 much
20112.0 9567.0 108.0 100.0 In
20276.0 9572.0 392.0 100.0 aecotd
20723.0 9567.0 272.0 104.0 with
21048.0 9576.0 188.0 100.0 the
21279.0 9572.0 336.0 128.0 spirit

18816.0 9707.0 120.0 96.0 of
18980.0 9728.0 200.0 76.0 our
19219.0 9712.0 480.0 108.0 country
19744.0 9707.0 228.0 104.0 and
20036.0 9720.0 112.0 88.0 ol
20204.0 9707.0 420.0 128.0 society
20719.0 9712.0 116.0 100.0 In
20931.0 9716.0 448.0 104.0 ccncial
21396.0 9788.0 24.0 52.0 ,
21500.0 9740.0 128.0 80.0 su

18816.0 9843.0 656.0 108.0 essentially
19523.0 9848.0 468.0 124.0 popular
19992.0 9920.0 28.0 32.0 ,
20076.0 9852.0 244.0 100.0 that
20368.0 9880.0 164.0 72.0 we
20579.0 9852.0 288.0 104.0 need
20964.0 9872.0 192.0 88.0 not
21263.0 9856.0 340.0 108.0 dwell

18820.0 10012.0 292.0 100.0 upon
19168.0 9992.0 184.0 100.0 tlio
19403.0 9992.0 256.0 104.0 fact.
19804.0 9992.0 96.0 104.0 It
19952.0 9992.0 92.0 104.0 Is
20052.0 10067.0 24.0 44.0 ,
20136.0 10020.0 164.0 76.0 wo
20351.0 9996.0 356.0 104.0 mluht
20756.0 10023.0 200.0 80.0 sav
20964.0 10067.0 24.0 48.0 ,
21068.0 9996.0 184.0 104.0 the
21343.0 9996.0 280.0 128.0 only

18816.0 10156.0 388.0 76.0 means
19376.0 10132.0 136.0 124.0 by
19620.0 10132.0 364.0 108.0 which
20163.0 10136.0 372.0 112.0 public
20703.0 10140.0 560.0 104.0 attention
21392.0 10167.0 212.0 76.0 can

18807.0 10272.0 132.0 104.0 bo
19048.0 10272.0 540.0 104.0 attiacted
19700.0 10284.0 428.0 96.0 towaul
20240.0 10280.0 188.0 100.0 the
20552.0 10280.0 224.0 104.0 end
20947.0 10280.0 440.0 108.0 deslied
21503.0 10292.0 112.0 96.0 to

18812.0 10416.0 128.0 100.0 bo
18984.0 10416.0 492.0 104.0 attained
19492.0 10492.0 24.0 48.0 ,
19571.0 10420.0 144.0 116.0 by
19764.0 10416.0 356.0 108.0 which
20191.0 10424.0 304.0 100.0 force
20575.0 10448.0 208.0 80.0 c.in
20884.0 10435.0 128.0 92.0 be
21091.0 10424.0 332.0 124.0 given
21503.0 10428.0 120.0 104.0 to

18807.0 10556.0 184.0 104.0 the
19051.0 10571.0 284.0 92.0 most
19388.0 10560.0 612.0 120.0 legitimate
20083.0 10564.0 608.0 104.0 resistance
20699.0 10640.0 24.0 48.0 ,
20783.0 10564.0 404.0 124.0 weight
21268.0 10579.0 112.0 92.0 to
21432.0 10571.0 192.0 104.0 tie

18812.0 10711.0 280.0 88.0 most
19135.0 10700.0 236.0 124.0 just
19412.0 10704.0 580.0 104.0 demands.
20123.0 10704.0 360.0 104.0 Theio
20555.0 10708.0 352.0 100.0 exists
20975.0 10736.0 140.0 76.0 an
21172.0 10736.0 104.0 72.0 01
21303.0 10736.0 212.0 80.0 can
21540.0 10708.0 28.0 104.0 I
21576.0 10755.0 48.0 32.0 *

18803.0 10844.0 764.0 104.0 /titionwhich
19620.0 10855.0 440.0 112.0 present
20076.0 10872.0 48.0 48.0 *
20172.0 10876.0 68.0 72.0 a
20287.0 10847.0 560.0 100.0 thousand
20896.0 10851.0 704.0 124.0 attractions

18803.0 10984.0 672.0 104.0 atlumsind
19560.0 10987.0 720.0 116.0 adaaiitugcs.
20335.0 10991.0 192.0 100.0 but
20583.0 10987.0 360.0 100.0 which
21031.0 11016.0 208.0 76.0 our
21283.0 10991.0 280.0 100.0 Cath-

18803.0 11123.0 220.0 100.0 olic
19108.0 11123.0 380.0 100.0 toilets
19500.0 11200.0 20.0 40.0 ,
19580.0 11123.0 268.0 104.0 with
19928.0 11127.0 260.0 100.0 lillal
20280.0 11123.0 684.0 104.0 submission
20980.0 11200.0 24.0 44.0 ,
21060.0 11140.0 376.0 92.0 retire
21503.0 11140.0 116.0 92.0 to

18807.0 11271.0 408.0 116.0 accept.
19299.0 11263.0 96.0 104.0 It
19447.0 11263.0 88.0 100.0 Is
19587.0 11263.0 184.0 104.0 the
19819.0 11267.0 512.0 104.0 Masonic
20375.0 11267.0 772.0 120.0 organization
21168.0 11344.0 24.0 44.0 ,
21248.0 11267.0 376.0 104.0 which

18807.0 11407.0 460.0 120.0 spicads
19352.0 11403.0 148.0 104.0 all
19587.0 11432.0 260.0 76.0 over
19936.0 11436.0 200.0 72.0 our
20196.0 11416.0 480.0 116.0 country
20679.0 11484.0 24.0 44.0 ,
20767.0 11412.0 352.0 100.0 which
21135.0 11484.0 24.0 48.0 ,
21215.0 11440.0 124.0 76.0 as
21407.0 11412.0 208.0 112.0 Mr.

18816.0 11543.0 448.0 104.0 1'owdei
19296.0 11547.0 108.0 120.0 ly
19447.0 11547.0 584.0 128.0 explicitly
20080.0 11580.0 260.0 88.0 sijs
20348.0 11628.0 20.0 40.0 ,
20408.0 11552.0 376.0 100.0 unites
20823.0 11556.0 188.0 100.0 the
21051.0 11556.0 580.0 120.0 emplojer

18807.0 11688.0 224.0 104.0 and
19124.0 11692.0 512.0 120.0 emplove
19731.0 11692.0 112.0 100.0 in
19915.0 11723.0 64.0 72.0 a
20063.0 11692.0 600.0 124.0 fiateinlty
20760.0 11696.0 360.0 104.0 which
21195.0 11696.0 96.0 100.0 Is
21363.0 11723.0 268.0 96.0 very

18807.0 11832.0 852.0 120.0 advantageous
19768.0 11840.0 112.0 96.0 to
19963.0 11836.0 188.0 104.0 the
20240.0 11844.0 312.0 96.0 lattei
20575.0 11911.0 28.0 36.0 ,
20703.0 11836.0 192.0 104.0 but
20984.0 11836.0 364.0 108.0 which
21423.0 11840.0 204.0 112.0 IMS

18807.0 11976.0 488.0 116.0 scaicely
19343.0 11999.0 216.0 76.0 one
19607.0 11976.0 508.0 108.0 Catholic
20163.0 11976.0 108.0 104.0 In
20335.0 11980.0 136.0 100.0 Its
20519.0 11980.0 392.0 104.0 tanks.

19436.0 12143.0 348.0 104.0 DON.'i
19859.0 12172.0 112.0 76.0 in
19988.0 12168.0 24.0 84.0 :
20067.0 12172.0 924.0 80.0 t'x-AMi.nirA.v.

18920.0 12288.0 240.0 100.0 The
19208.0 12288.0 504.0 104.0 eaidinal
19768.0 12292.0 264.0 100.0 then
20120.0 12292.0 312.0 116.0 lings
20519.0 12319.0 308.0 72.0 some
20911.0 12292.0 496.0 112.0 changes
21460.0 12319.0 148.0 76.0 on

18803.0 12428.0 188.0 104.0 the
19088.0 12428.0 476.0 104.0 favorite
19656.0 12428.0 508.0 108.0 Catholic
20227.0 12432.0 368.0 100.0 theme
20723.0 12436.0 192.0 100.0 tlm
21000.0 12436.0 436.0 108.0 danger
21496.0 12440.0 128.0 100.0 of

18807.0 12580.0 184.0 92.0 the
19035.0 12572.0 504.0 104.0 Masonic
19580.0 12572.0 744.0 104.0 brotherhood
20455.0 12576.0 220.0 100.0 anil
20723.0 12580.0 264.0 100.0 next
21035.0 12576.0 132.0 100.0 he
21219.0 12580.0 400.0 120.0 passed

18807.0 12728.0 108.0 88.0 to
18964.0 12748.0 64.0 68.0 a
19075.0 12720.0 320.0 112.0 point
19447.0 12716.0 360.0 104.0 which
19859.0 12716.0 228.0 104.0 will
20140.0 12716.0 392.0 108.0 appeal
20592.0 12743.0 304.0 76.0 moro
20971.0 12720.0 476.0 124.0 diiectly
21503.0 12716.0 116.0 108.0 to

18803.0 12860.0 184.0 100.0 the
19095.0 12884.0 472.0 84.0 aveiagc
19680.0 12856.0 428.0 120.0 lecllng
20251.0 12864.0 124.0 96.0 of
20515.0 12856.0 704.0 108.0 Anieiicans.
21447.0 12864.0 172.0 100.0 lie

18807.0 13000.0 384.0 100.0 makes
19412.0 13032.0 64.0 72.0 a
19700.0 13000.0 468.0 124.0 stilling
20431.0 13004.0 392.0 120.0 appeal
21075.0 13011.0 112.0 92.0 to
21412.0 13004.0 196.0 104.0 the

18800.0 13144.0 412.0 104.0 church
19343.0 13147.0 112.0 100.0 to
19580.0 13140.0 436.0 108.0 hcwaio
20216.0 13147.0 124.0 96.0 of
20539.0 13144.0 448.0 120.0 getting
21195.0 13147.0 428.0 100.0 heiself

18803.0 13283.0 500.0 104.0 branded
19412.0 13316.0 120.0 72.0 as
19631.0 13283.0 880.0 108.0 "iin-An.eiican
20532.0 13360.0 20.0 48.0 ,
20572.0 13283.0 64.0 52.0 "
20727.0 13287.0 224.0 104.0 and
21055.0 13287.0 112.0 104.0 In
21272.0 13295.0 340.0 96.0 terms

18807.0 13427.0 348.0 104.0 which
19175.0 13500.0 20.0 44.0 ,
19252.0 13452.0 280.0 80.0 even
19587.0 13427.0 492.0 124.0 tluough
20172.0 13427.0 188.0 104.0 tlm
20435.0 13427.0 584.0 124.0 Impoifc'ct
21111.0 13427.0 512.0 108.0 medium

18800.0 13576.0 116.0 92.0 ol
18967.0 13567.0 664.0 104.0 Indilletont
19675.0 13571.0 432.0 104.0 I'lonch
20120.0 13644.0 24.0 44.0 ,
20191.0 13596.0 192.0 76.0 are
20420.0 13571.0 528.0 120.0 eloquent
20964.0 13644.0 28.0 52.0 ,
21108.0 13576.0 512.0 104.0 reminds

18807.0 13712.0 184.0 100.0 the
19035.0 13712.0 724.0 124.0 propaganda
19815.0 13712.0 240.0 104.0 that
20103.0 13716.0 188.0 96.0 thu
20335.0 13716.0 492.0 104.0 greatest
20867.0 13716.0 228.0 100.0 and
21208.0 13716.0 360.0 116.0 grand-

18807.0 13860.0 168.0 92.0 est
19020.0 13852.0 244.0 100.0 title
19308.0 13856.0 116.0 96.0 ol
19472.0 13852.0 188.0 100.0 the
19764.0 13852.0 412.0 104.0 church
20264.0 13860.0 116.0 92.0 to
20444.0 13852.0 192.0 100.0 the
20679.0 13847.0 596.0 108.0 affections
21279.0 13927.0 24.0 44.0 ,
21363.0 13856.0 248.0 100.0 love

18807.0 13992.0 228.0 100.0 and
19080.0 13992.0 532.0 104.0 dev'otlon
19664.0 13992.0 120.0 100.0 of
19832.0 13988.0 672.0 108.0 Anieiicans
20555.0 13992.0 208.0 100.0 lies
20820.0 13992.0 116.0 100.0 in
21008.0 13996.0 196.0 100.0 her
21252.0 13996.0 344.0 120.0 being
21600.0 14063.0 24.0 52.0 ,

18812.0 14136.0 344.0 100.0 above
19199.0 14136.0 144.0 100.0 all
19400.0 14136.0 224.0 100.0 tills
19631.0 14207.0 24.0 40.0 ,
19720.0 14136.0 260.0 100.0 "the
20096.0 14136.0 376.0 100.0 liiend
20579.0 14140.0 116.0 92.0 ot
20812.0 14136.0 188.0 100.0 the
21111.0 14140.0 428.0 120.0 people.
21556.0 14136.0 68.0 56.0 "

18812.0 14272.0 488.0 108.0 Various
19412.0 14276.0 908.0 104.0 considerations
20327.0 14351.0 24.0 44.0 ,
20528.0 14299.0 308.0 76.0 moio
20944.0 14303.0 104.0 72.0 01
21175.0 14292.0 216.0 84.0 less
21503.0 14280.0 132.0 100.0 of

18803.0 14416.0 792.0 100.0 ecclesiastical
19651.0 14416.0 476.0 104.0 Interest
20136.0 14487.0 24.0 48.0 ,
20224.0 14416.0 524.0 100.0 followed
20763.0 14487.0 24.0 44.0 ,
20847.0 14443.0 312.0 72.0 some
21208.0 14448.0 64.0 72.0 a
21323.0 14416.0 292.0 108.0 tilllo

18803.0 14556.0 636.0 100.0 icdundant
19456.0 14627.0 20.0 40.0 ,
19527.0 14556.0 228.0 100.0 and
19808.0 14556.0 260.0 104.0 then
20123.0 14560.0 188.0 96.0 the
20355.0 14556.0 508.0 104.0 caidln.il
20944.0 14556.0 412.0 108.0 closed.

19627.0 14751.0 208.0 76.0 TIII
19852.0 14748.0 32.0 80.0 :
19959.0 14748.0 104.0 80.0 M
20132.0 14748.0 400.0 80.0 MMI.NO
20592.0 14748.0 192.0 80.0 ri1.

18916.0 14868.0 168.0 100.0 To
19132.0 14891.0 240.0 80.0 sum
19432.0 14891.0 144.0 92.0 up
19587.0 14943.0 20.0 36.0 ,
19671.0 14876.0 84.0 92.0 It
19804.0 14891.0 364.0 80.0 seems
20216.0 14876.0 112.0 92.0 to
20415.0 14895.0 176.0 72.0 me
20688.0 14868.0 308.0 124.0 plain
21091.0 14868.0 236.0 104.0 that
21420.0 14872.0 124.0 104.0 th

18807.0 15012.0 260.0 120.0 holy
19111.0 15035.0 184.0 76.0 sec
19383.0 15020.0 424.0 92.0 cannot
19912.0 15012.0 564.0 104.0 onteitaln
20583.0 15012.0 188.0 104.0 tlio
20880.0 15016.0 524.0 120.0 proposal
21491.0 15024.0 120.0 96.0 to

18800.0 15152.0 552.0 104.0 condemn
19432.0 15152.0 184.0 104.0 the
19695.0 15152.0 672.0 108.0 association
20408.0 15179.0 24.0 76.0 :
21520.0 15179.0 28.0 48.0 '

18927.0 15300.0 80.0 96.0 1.
19084.0 15296.0 128.0 100.0 He
19248.0 15319.0 332.0 76.0 cause
19624.0 15296.0 268.0 104.0 such
19983.0 15319.0 64.0 80.0 a
20156.0 15296.0 884.0 104.0 condemnation
21091.0 15300.0 272.0 100.0 does
21412.0 15303.0 204.0 100.0 not

18807.0 15464.0 412.0 100.0 appear
19264.0 15443.0 116.0 96.0 to
19423.0 15440.0 132.0 100.0 bo
19596.0 15436.0 500.0 124.0 justlllcd
20143.0 15440.0 364.0 100.0 either
20552.0 15443.0 140.0 120.0 by
20780.0 15440.0 192.0 100.0 the
21055.0 15443.0 332.0 116.0 spirit
21483.0 15447.0 124.0 96.0 of

18812.0 15583.0 140.0 96.0 Its
18996.0 15579.0 732.0 104.0 constitution
19748.0 15656.0 24.0 44.0 ,
19824.0 15583.0 116.0 96.0 ot
19992.0 15579.0 148.0 104.0 its
20183.0 15579.0 272.0 104.0 laws
20468.0 15656.0 20.0 44.0 ,
20544.0 15579.0 292.0 124.0 orby
20887.0 15583.0 188.0 100.0 the
21119.0 15583.0 444.0 104.0 declara-

18812.0 15719.0 304.0 104.0 tions
19164.0 15727.0 104.0 96.0 ol
19332.0 15719.0 140.0 104.0 Its
19523.0 15723.0 372.0 104.0 heads.

18924.0 15871.0 88.0 96.0 2.
19148.0 15863.0 296.0 104.0 That
19487.0 15863.0 272.0 104.0 such
19795.0 15896.0 64.0 72.0 a
19908.0 15867.0 884.0 104.0 condemnation
20847.0 15867.0 268.0 104.0 docs
21164.0 15880.0 200.0 92.0 not
21407.0 15896.0 140.0 104.0 ap-

18816.0 16036.0 260.0 96.0 pear
19124.0 16032.0 592.0 100.0 necessaiy
19768.0 16012.0 116.0 96.0 In
19936.0 16007.0 292.0 104.0 view
20271.0 16012.0 124.0 96.0 of
20444.0 16012.0 188.0 100.0 the
20707.0 16012.0 564.0 100.0 ti.inslent
21328.0 16016.0 296.0 104.0 form

18812.0 16152.0 124.0 100.0 of
18984.0 16152.0 996.0 120.0 thooig-uii/itlon
20036.0 16152.0 228.0 100.0 and
20315.0 16156.0 124.0 96.0 of
20548.0 16152.0 184.0 100.0 the
20840.0 16152.0 340.0 108.0 social
21248.0 16156.0 340.0 104.0 condi-

18816.0 16292.0 236.0 100.0 tion
19108.0 16292.0 120.0 100.0 of
19276.0 16292.0 180.0 100.0 the
19520.0 16288.0 420.0 108.0 United
19996.0 16288.0 404.0 108.0 States.

18924.0 16440.0 88.0 96.0 3.
19144.0 16432.0 292.0 104.0 That
19487.0 16432.0 88.0 104.0 it
19627.0 16432.0 368.0 104.0 would
20047.0 16440.0 204.0 100.0 not
20360.0 16440.0 124.0 96.0 be
20595.0 16463.0 108.0 84.0 pi
20736.0 16436.0 288.0 104.0 mien
21044.0 16451.0 44.0 88.0 t
21192.0 16467.0 144.0 76.0 on
21447.0 16467.0 128.0 76.0 ac-

18812.0 16595.0 340.0 84.0 count
19192.0 16580.0 124.0 96.0 of
19363.0 16580.0 184.0 100.0 the
19640.0 16576.0 396.0 112.0 realitv
20132.0 16588.0 116.0 88.0 ot
20344.0 16580.0 188.0 100.0 the
20639.0 16603.0 452.0 96.0 wrongs
21195.0 16584.0 128.0 100.0 of
21427.0 16584.0 196.0 100.0 the

18820.0 16720.0 624.0 116.0 workingm
19487.0 16748.0 108.0 76.0 in
19616.0 16791.0 20.0 52.0 ,
19691.0 16720.0 224.0 104.0 and
19972.0 16720.0 184.0 104.0 the
20204.0 16727.0 236.0 96.0 tact
20488.0 16720.0 244.0 104.0 thai
20780.0 16724.0 184.0 100.0 the
21031.0 16724.0 580.0 108.0 existence

18812.0 16871.0 112.0 92.0 ot
18976.0 16864.0 268.0 100.0 such
19299.0 16864.0 92.0 100.0 Is
19436.0 16864.0 472.0 100.0 allowed
19963.0 16864.0 140.0 112.0 by
20152.0 16864.0 188.0 100.0 the
20380.0 16867.0 604.0 100.0 American
21068.0 16867.0 408.0 120.0 public.
21531.0 16871.0 32.0 36.0 '

18927.0 17011.0 88.0 96.0 4.
19084.0 17003.0 304.0 104.0 That
19436.0 17003.0 88.0 100.0 It
19571.0 17003.0 376.0 104.0 would
20016.0 17003.0 132.0 100.0 bo
20191.0 17007.0 652.0 120.0 dangijions
20896.0 17015.0 116.0 96.0 to
21068.0 17007.0 184.0 104.0 the
21299.0 17036.0 336.0 100.0 lepu-

18812.0 17151.0 356.0 100.0 tatlon
19288.0 17151.0 116.0 96.0 ot
19536.0 17151.0 188.0 96.0 the
19832.0 17143.0 412.0 108.0 church
20404.0 17151.0 112.0 100.0 In
20632.0 17176.0 208.0 76.0 our
20940.0 17151.0 688.0 108.0 denioeiatio

18812.0 17295.0 516.0 116.0 country.

18927.0 17435.0 92.0 100.0 5.
19091.0 17431.0 292.0 104.0 'Dial
19476.0 17431.0 88.0 104.0 It
19647.0 17431.0 376.0 108.0 would
20116.0 17435.0 128.0 100.0 bo
20335.0 17440.0 604.0 120.0 powerless
21008.0 17444.0 112.0 96.0 to
21188.0 17444.0 440.0 104.0 compel

18816.0 17576.0 188.0 104.0 the
19051.0 17580.0 608.0 100.0 obedience
19748.0 17584.0 108.0 92.0 ot
19952.0 17603.0 204.0 76.0 our
20224.0 17580.0 508.0 100.0 Catholic
20783.0 17580.0 784.0 124.0 vvorklngmen
21584.0 17655.0 32.0 52.0 ,

18823.0 17720.0 248.0 100.0 who
19128.0 17720.0 360.0 100.0 would
19544.0 17720.0 384.0 120.0 regard
20023.0 17720.0 80.0 104.0 It
20156.0 17751.0 124.0 68.0 as
20335.0 17724.0 280.0 100.0 false
20663.0 17724.0 224.0 104.0 and
20947.0 17688.0 668.0 160.0 iniquitous.

18924.0 17864.0 56.0 88.0 r
18991.0 17935.0 20.0 28.0 .
19088.0 17860.0 292.0 104.0 That
19472.0 17864.0 88.0 100.0 It
19611.0 17860.0 360.0 104.0 would
20072.0 17860.0 132.0 100.0 be
20247.0 17891.0 28.0 68.0 (
20287.0 17864.0 644.0 104.0 tc.stritctlvo
20987.0 17864.0 440.0 108.0 Instead
21500.0 17868.0 132.0 104.0 of

18816.0 18004.0 572.0 104.0 bcnohclal
19463.0 18004.0 116.0 104.0 In
19675.0 18004.0 144.0 104.0 Its
19908.0 18004.0 388.0 108.0 effects
20304.0 18084.0 24.0 40.0 ,
20388.0 18008.0 448.0 116.0 toielng
20927.0 18008.0 188.0 104.0 the
21164.0 18031.0 272.0 80.0 sons
21503.0 18012.0 128.0 104.0 of

18816.0 18144.0 180.0 104.0 t'le
19044.0 18148.0 404.0 104.0 church
19503.0 18151.0 112.0 96.0 to
19664.0 18148.0 292.0 100.0 icbel
20008.0 18155.0 456.0 104.0 against
20508.0 18148.0 276.0 104.0 theii
20847.0 18151.0 492.0 100.0 motlieiH
21383.0 18151.0 240.0 108.0 anil

18816.0 18291.0 108.0 96.0 to
19015.0 18316.0 344.0 96.0 range
19407.0 18288.0 672.0 108.0 themselves
20132.0 18291.0 276.0 100.0 wltli
20484.0 18291.0 712.0 104.0 condemned
21288.0 18295.0 296.0 108.0 socie-

18812.0 18427.0 212.0 104.0 ties
19080.0 18427.0 356.0 108.0 which
19496.0 18427.0 256.0 124.0 they
19804.0 18431.0 280.0 104.0 have
20132.0 18431.0 496.0 104.0 hitherto
20676.0 18435.0 528.0 104.0 avoided.

18924.0 18579.0 88.0 96.0 T.
19084.0 18575.0 296.0 100.0 That
19423.0 18571.0 84.0 104.0 It
19556.0 18575.0 364.0 100.0 would
20016.0 18575.0 128.0 100.0 be
20231.0 18575.0 464.0 100.0 Millions
20787.0 18588.0 112.0 88.0 to
20967.0 18579.0 188.0 100.0 the
21268.0 18579.0 308.0 104.0 linan
21604.0 18579.0 28.0 124.0 ]

18803.0 18711.0 208.0 104.0 ci.il
19055.0 18723.0 460.0 116.0 support
19564.0 18715.0 116.0 100.0 of
19731.0 18715.0 188.0 100.0 the
19963.0 18715.0 416.0 104.0 church
20428.0 18715.0 224.0 104.0 and
20707.0 18723.0 112.0 96.0 to
20900.0 18719.0 188.0 100.0 the
21184.0 18719.0 440.0 128.0 raising

18803.0 18859.0 112.0 96.0 ot
18980.0 18855.0 420.0 100.0 Peter's
19467.0 18880.0 380.0 100.0 pence.

18920.0 19004.0 84.0 100.0 8.
19080.0 18999.0 292.0 100.0 That
19423.0 18995.0 84.0 104.0 It
19556.0 18999.0 368.0 100.0 would
19976.0 19004.0 256.0 100.0 turn
20311.0 18999.0 244.0 104.0 Into
20628.0 18999.0 352.0 104.0 doubt
21068.0 19004.0 228.0 104.0 and
21367.0 19016.0 200.0 96.0 hos-

18800.0 19140.0 300.0 120.0 tility
19148.0 19144.0 188.0 100.0 the
19383.0 19140.0 460.0 104.0 marked
19892.0 19140.0 532.0 108.0 devotion
20515.0 19144.0 120.0 100.0 of
20727.0 19140.0 200.0 108.0 her
21008.0 19148.0 404.0 124.0 people
21500.0 19152.0 124.0 104.0 to

18807.0 19288.0 184.0 100.0 the
19040.0 19284.0 260.0 120.0 holy
19348.0 19307.0 216.0 80.0 see.

18911.0 19432.0 88.0 100.0 D.
19071.0 19428.0 300.0 104.0 That
19420.0 19428.0 84.0 104.0 it
19556.0 19428.0 364.0 104.0 would
20028.0 19428.0 136.0 104.0 bo
20264.0 19428.0 540.0 124.0 regarded
20911.0 19459.0 124.0 76.0 as
21139.0 19459.0 72.0 76.0 a
21308.0 19459.0 272.0 80.0 erne

18803.0 19572.0 288.0 104.0 blow
19139.0 19583.0 116.0 92.0 to
19299.0 19575.0 188.0 100.0 the
19531.0 19572.0 572.0 124.0 authority
20187.0 19572.0 128.0 100.0 of
20400.0 19572.0 188.0 104.0 the
20676.0 19572.0 460.0 128.0 bishops
21219.0 19579.0 124.0 96.0 of
21427.0 19579.0 192.0 104.0 the

18820.0 19712.0 416.0 108.0 United
19288.0 19715.0 372.0 104.0 States
19668.0 19792.0 24.0 44.0 ,
19748.0 19719.0 252.0 100.0 who
20008.0 19792.0 24.0 40.0 ,
20092.0 19715.0 84.0 104.0 it
20224.0 19715.0 92.0 100.0 Is
20368.0 19712.0 248.0 108.0 well
20672.0 19715.0 420.0 108.0 known
21108.0 19792.0 24.0 52.0 ,
21192.0 19727.0 432.0 116.0 piotegt

18800.0 19863.0 452.0 116.0 against
19296.0 19859.0 272.0 104.0 such
19616.0 19888.0 64.0 76.0 a
19720.0 19859.0 916.0 104.0 condemnation.

18927.0 19999.0 48.0 104.0 I
19035.0 20007.0 284.0 100.0 trust
19368.0 20003.0 244.0 100.0 that
19720.0 20003.0 188.0 100.0 the
20012.0 19999.0 912.0 108.0 considerations
21020.0 20003.0 268.0 104.0 hern
21387.0 20032.0 240.0 96.0 pro-

18803.0 20172.0 196.0 76.0 sen
19024.0 20151.0 180.0 100.0 ted
19239.0 20147.0 276.0 100.0 have
19544.0 20143.0 392.0 104.0 shown
19972.0 20143.0 1080.0 128.0 sulllclentlycleailj
21084.0 20147.0 248.0 104.0 that
21356.0 20156.0 280.0 100.0 Hiieh

18812.0 20287.0 368.0 104.0 would
19235.0 20287.0 128.0 104.0 be
19412.0 20287.0 188.0 104.0 the
19647.0 20287.0 408.0 104.0 results
20103.0 20292.0 120.0 100.0 of
20311.0 20287.0 192.0 104.0 the
20544.0 20292.0 900.0 100.0 condemnation
21500.0 20296.0 124.0 100.0 ot

18803.0 20427.0 188.0 108.0 the
19091.0 20432.0 500.0 120.0 Knights
19636.0 20436.0 112.0 96.0 ot
19815.0 20432.0 360.0 100.0 Labor
20244.0 20436.0 108.0 96.0 of
20444.0 20432.0 188.0 100.0 the
20732.0 20427.0 428.0 108.0 United
21215.0 20432.0 412.0 112.0 States.

18803.0 20576.0 620.0 100.0 Therefore
19427.0 20647.0 24.0 48.0 ,
19591.0 20572.0 52.0 104.0 1
19760.0 20576.0 312.0 100.0 leave
20183.0 20572.0 292.0 104.0 their
20579.0 20599.0 336.0 76.0 cause
21024.0 20572.0 268.0 104.0 with
21412.0 20576.0 212.0 104.0 full

18800.0 20716.0 652.0 104.0 conlidunco
19500.0 20720.0 116.0 96.0 In
19675.0 20720.0 184.0 96.0 tlio
19956.0 20716.0 460.0 104.0 wisdom
20512.0 20716.0 228.0 100.0 and
20831.0 20716.0 572.0 124.0 prudence
21491.0 20720.0 128.0 100.0 of

18803.0 20883.0 276.0 80.0 vour
19120.0 20860.0 596.0 100.0 eminence
19764.0 20856.0 228.0 104.0 and
20043.0 20860.0 108.0 96.0 ol
20231.0 20860.0 188.0 96.0 the
20472.0 20856.0 264.0 120.0 holy
20783.0 20883.0 216.0 80.0 see.

20172.0 20999.0 108.0 104.0 J.
20360.0 20996.0 84.0 100.0 C
20488.0 21023.0 184.0 76.0 VIM
20692.0 21028.0 24.0 68.0 )
20787.0 21003.0 32.0 92.0 (
20847.0 21003.0 500.0 104.0 illlllONH
21356.0 21076.0 24.0 44.0 ,

19864.0 21139.0 712.0 128.0 Aichblshop
20639.0 21143.0 124.0 100.0 of
20851.0 21143.0 644.0 108.0 lialtlmme.

18924.0 21283.0 360.0 104.0 Itoviu
19299.0 21360.0 20.0 48.0 ,
19379.0 21283.0 256.0 116.0 Feb.
19684.0 21287.0 124.0 92.0 'M
19815.0 21360.0 20.0 48.0 ,
19899.0 21291.0 256.0 100.0 IbST.

19332.0 21500.0 272.0 92.0 The
19664.0 21496.0 252.0 96.0 Knl
20036.0 21500.0 216.0 92.0 lilH
20375.0 21496.0 636.0 120.0 Ito.lolcnd
21028.0 21563.0 28.0 36.0 ,

18924.0 21636.0 304.0 104.0 Ni.vv
19283.0 21632.0 360.0 108.0 YUIIK
19656.0 21707.0 24.0 48.0 ,
19760.0 21632.0 376.0 108.0 March
20220.0 21640.0 20.0 44.0 '
20224.0 21703.0 52.0 28.0 .
20247.0 21640.0 32.0 52.0 '
20287.0 21707.0 20.0 28.0 .
20448.0 21632.0 532.0 104.0 Caidlnal
21068.0 21640.0 36.0 96.0 (
21128.0 21636.0 484.0 112.0 ilbbons1

18803.0 21780.0 568.0 104.0 lavoiable
19420.0 21787.0 364.0 104.0 report
19835.0 21787.0 112.0 92.0 to
20003.0 21776.0 296.0 128.0 Pope
20355.0 21776.0 228.0 104.0 Lee
20632.0 21843.0 24.0 40.0 ,
20663.0 21803.0 92.0 80.0 is
20847.0 21783.0 112.0 100.0 to
21051.0 21783.0 188.0 100.0 thu
21328.0 21787.0 296.0 104.0 alms

18803.0 21919.0 224.0 108.0 and
19075.0 21919.0 708.0 112.0 btaiidingof
19872.0 21919.0 188.0 104.0 the
20152.0 21919.0 500.0 124.0 Knights
20756.0 21923.0 124.0 100.0 of
20991.0 21923.0 360.0 108.0 Labor
21460.0 21935.0 176.0 100.0 not

18807.0 22067.0 152.0 100.0 f01
18991.0 22067.0 112.0 100.0 tli
19159.0 22063.0 112.0 104.0 In
19328.0 22063.0 184.0 104.0 the
19560.0 22063.0 308.0 104.0 cable
19912.0 22071.0 272.0 120.0 desp
20220.0 22063.0 352.0 104.0 itches
20623.0 22079.0 288.0 88.0 liom
20967.0 22067.0 352.0 104.0 Homo
21392.0 22092.0 232.0 84.0 wax

18807.0 22207.0 500.0 104.0 lecclved
19368.0 22207.0 264.0 104.0 with
19680.0 22207.0 328.0 108.0 much
20063.0 22207.0 556.0 128.0 tejolelng
20672.0 22215.0 140.0 116.0 by
20863.0 22207.0 188.0 104.0 the
21115.0 22207.0 496.0 108.0 Knluhts

18807.0 22351.0 112.0 100.0 In
18971.0 22351.0 228.0 104.0 this
19248.0 22351.0 256.0 116.0 city.
19636.0 22351.0 244.0 104.0 The
19928.0 22351.0 488.0 124.0 position
20472.0 22351.0 340.0 100.0 taken
20867.0 22351.0 144.0 120.0 by
21080.0 22355.0 540.0 104.0 Caulinal

18807.0 22475.0 36.0 92.0 (
18864.0 22471.0 440.0 100.0 ilbbons
19316.0 22543.0 24.0 40.0 ,
19396.0 22471.0 236.0 120.0 thej
19704.0 22491.0 200.0 96.0 hay
19915.0 22539.0 20.0 48.0 ,
19999.0 22468.0 220.0 104.0 will
20276.0 22468.0 328.0 104.0 settle
20656.0 22471.0 184.0 100.0 the
20891.0 22468.0 360.0 104.0 whole
21343.0 22471.0 228.0 104.0 mat

18807.0 22596.0 196.0 96.0 ter.
19144.0 22583.0 176.0 104.0 Ho
19396.0 22587.0 92.0 100.0 Is
19591.0 22607.0 140.0 76.0 an
19848.0 22583.0 480.0 128.0 especial
20448.0 22583.0 480.0 100.0 lavorlto
21044.0 22587.0 268.0 104.0 with
21432.0 22592.0 188.0 100.0 tlm

18816.0 22727.0 276.0 96.0 pope
19095.0 22776.0 28.0 44.0 ,
19179.0 22699.0 220.0 104.0 and
19452.0 22703.0 176.0 96.0 his
19675.0 22699.0 348.0 100.0 advtn
20036.0 22727.0 24.0 72.0 )
20107.0 22723.0 120.0 76.0 as
20280.0 22707.0 112.0 92.0 to
20504.0 22703.0 184.0 96.0 the
20787.0 22707.0 604.0 96.0 treatment
21496.0 22707.0 132.0 100.0 of

18812.0 22843.0 224.0 96.0 any
19088.0 22828.0 380.0 92.0 nmttei
19536.0 22815.0 112.0 104.0 In
19760.0 22815.0 360.0 104.0 which
20216.0 22815.0 184.0 100.0 the
20499.0 22811.0 424.0 104.0 United
21040.0 22819.0 384.0 100.0 States
21527.0 22839.0 104.0 84.0 is

18800.0 22935.0 620.0 104.0 concenud
19472.0 22931.0 256.0 112.0 will.
19788.0 22931.0 84.0 100.0 It
19923.0 22935.0 92.0 100.0 Is
20059.0 22931.0 508.0 100.0 dot'loii'd
20583.0 23003.0 24.0 40.0 ,
20663.0 22931.0 132.0 96.0 bo
20840.0 22935.0 340.0 96.0 taken
21279.0 22960.0 124.0 76.0 as
21520.0 22931.0 96.0 108.0 it

18807.0 23060.0 96.0 92.0 Is
18947.0 23075.0 368.0 92.0 given.
19396.0 23047.0 280.0 100.0 This
19728.0 23056.0 364.0 116.0 K-port
20140.0 23052.0 104.0 92.0 ol
20300.0 23043.0 528.0 104.0 Cardinal
20884.0 23052.0 32.0 88.0 (
20944.0 23047.0 684.0 108.0 ilbboimh.is

18807.0 23192.0 148.0 76.0 no
19008.0 23167.0 456.0 112.0 beailng
19516.0 23163.0 560.0 104.0 whatever
20120.0 23187.0 144.0 76.0 on
20364.0 23163.0 184.0 100.0 thn
20636.0 23163.0 572.0 120.0 McUlynn
21319.0 23192.0 260.0 80.0 case
21584.0 23244.0 28.0 48.0 ,

18807.0 23311.0 208.0 76.0 nor
19068.0 23284.0 224.0 100.0 will
19343.0 23288.0 144.0 96.0 Its
19540.0 23279.0 792.0 104.0 endorsement
20380.0 23279.0 136.0 116.0 by
20632.0 23284.0 188.0 100.0 the
20931.0 23303.0 280.0 104.0 pope
21299.0 23311.0 320.0 96.0 carry

18807.0 23399.0 264.0 104.0 with
19128.0 23403.0 88.0 96.0 It
19259.0 23420.0 204.0 88.0 am
19496.0 23399.0 324.0 108.0 thing
19872.0 23420.0 300.0 80.0 more
20220.0 23395.0 268.0 104.0 than
20592.0 23399.0 532.0 124.0 approval
21212.0 23403.0 120.0 96.0 of
21420.0 23403.0 196.0 104.0 tlio

18803.0 23527.0 460.0 112.0 general
19316.0 23516.0 264.0 120.0 plan
19636.0 23524.0 104.0 88.0 ol
19804.0 23512.0 188.0 104.0 the
20080.0 23512.0 328.0 108.0 order
20411.0 23583.0 24.0 36.0 ,

19215.0 23763.0 340.0 100.0 TUG
19664.0 23763.0 100.0 96.0 G
19899.0 23767.0 164.0 92.0 OI
20200.0 23767.0 44.0 88.0 ;
20264.0 23763.0 44.0 92.0 I
20331.0 23759.0 32.0 100.0 :
20448.0 23759.0 752.0 104.0 TiinoKY.

18812.0 24028.0 756.0 92.0 Conunerita
19755.0 24028.0 160.0 92.0 of
20092.0 24024.0 556.0 116.0 KiiKllHh
20847.0 24024.0 500.0 124.0 Papers
21456.0 24055.0 180.0 76.0 on

19164.0 24164.0 572.0 120.0 llnnry's
19815.0 24168.0 508.0 96.0 Advluo
20404.0 24183.0 136.0 76.0 to
20608.0 24168.0 648.0 100.0 Htrlkcrn.

18927.0 24340.0 524.0 92.0 LOVDON
19460.0 24399.0 24.0 44.0 ,
19600.0 24323.0 380.0 108.0 March
20096.0 24331.0 80.0 100.0 1.
20324.0 24327.0 36.0 124.0 [
20375.0 24327.0 276.0 104.0 Now
20763.0 24327.0 316.0 108.0 York
21204.0 24331.0 432.0 112.0 Herald

18812.0 24467.0 332.0 104.0 Cable
19268.0 24467.0 440.0 128.0 Special
19819.0 24484.0 112.0 88.0 to
19999.0 24467.0 192.0 104.0 thu
20264.0 24471.0 256.0 100.0 Iti'.K
20528.0 24543.0 24.0 32.0 ,
20588.0 24484.0 20.0 108.0 |
20747.0 24471.0 240.0 108.0 The
21051.0 24475.0 580.0 112.0 Slundaid

18807.0 24643.0 116.0 72.0 sa
18936.0 24639.0 48.0 88.0 >
19011.0 24639.0 52.0 72.0 s
19115.0 24616.0 116.0 100.0 In
19279.0 24635.0 140.0 80.0 an
19476.0 24611.0 512.0 104.0 editorial
20043.0 24611.0 372.0 124.0 to-day
20444.0 24635.0 28.0 84.0 :
20572.0 24611.0 468.0 128.0 "Henry
21091.0 24620.0 44.0 100.0 (
21152.0 24620.0 480.0 124.0 Scoigo'a

18807.0 24751.0 480.0 108.0 theoiles
19332.0 24779.0 184.0 76.0 are
19564.0 24779.0 60.0 76.0 a
19671.0 24767.0 308.0 104.0 great
20032.0 24751.0 248.0 108.0 deal
20331.0 24760.0 188.0 100.0 too
20583.0 24756.0 576.0 112.0 advanced
21212.0 24767.0 180.0 100.0 lor
21436.0 24767.0 196.0 104.0 thu

18807.0 24892.0 284.0 108.0 Ntnv
19152.0 24892.0 300.0 108.0 York
19507.0 24896.0 412.0 108.0 lleiald
19936.0 24971.0 24.0 44.0 ,
20056.0 24896.0 420.0 124.0 though
20572.0 24900.0 188.0 104.0 tlio
20812.0 24900.0 344.0 108.0 views
21204.0 24907.0 128.0 100.0 of
21376.0 24907.0 256.0 108.0 that

18803.0 25036.0 760.0 128.0 enterprising
19596.0 25036.0 452.0 128.0 journal
20160.0 25040.0 368.0 104.0 would
20599.0 25040.0 136.0 108.0 bo
20776.0 25047.0 668.0 108.0 considered
21500.0 25076.0 124.0 80.0 in

18807.0 25179.0 220.0 104.0 tills
19071.0 25195.0 480.0 104.0 coaniiy
19607.0 25207.0 120.0 72.0 as
19740.0 25255.0 20.0 52.0 ,
19815.0 25183.0 116.0 104.0 In
19992.0 25203.0 340.0 104.0 many
20380.0 25187.0 668.0 124.0 particulars
21055.0 25264.0 24.0 44.0 ,
21139.0 25191.0 484.0 124.0 passing

18803.0 25323.0 476.0 120.0 tluough
19412.0 25319.0 652.0 128.0 dcmociaey
20211.0 25327.0 112.0 100.0 to
20552.0 25327.0 568.0 108.0 socialism
21131.0 25400.0 24.0 40.0 ,
21412.0 25331.0 212.0 116.0 Mr.

18807.0 25463.0 32.0 96.0 (
18856.0 25463.0 404.0 128.0 icorgo.
19312.0 25463.0 84.0 104.0 It
19443.0 25487.0 356.0 84.0 seems
19812.0 25540.0 24.0 48.0 ,
19892.0 25463.0 564.0 112.0 advances
20539.0 25471.0 192.0 104.0 the
20796.0 25471.0 528.0 108.0 doctrine
21372.0 25475.0 256.0 108.0 that

18772.0 25607.0 128.0 100.0 Jf
18940.0 25636.0 64.0 76.0 a
19051.0 25607.0 484.0 104.0 handful
19584.0 25607.0 124.0 104.0 of
19775.0 25607.0 784.0 120.0 worklngmen
20648.0 25611.0 412.0 108.0 choose
21108.0 25623.0 116.0 96.0 to
21259.0 25619.0 372.0 108.0 Htrlko

18803.0 25747.0 264.0 124.0 they
19168.0 25776.0 188.0 76.0 ore
19467.0 25747.0 544.0 132.0 perfectly
20096.0 25751.0 516.0 124.0 Justified
20727.0 25755.0 112.0 108.0 In
20904.0 25755.0 404.0 128.0 taking
21399.0 25787.0 236.0 100.0 any

18812.0 25915.0 384.0 80.0 means
19244.0 25891.0 264.0 124.0 they
19564.0 25895.0 372.0 124.0 please
20023.0 25899.0 112.0 100.0 to
20191.0 25904.0 468.0 108.0 prevent
20707.0 25923.0 228.0 100.0 any
20987.0 25904.0 328.0 104.0 other
21363.0 25931.0 264.0 84.0 men

18803.0 26031.0 632.0 128.0 occupying
19483.0 26035.0 292.0 104.0 their
19864.0 26044.0 416.0 100.0 vacant
20324.0 26039.0 368.0 124.0 places
20703.0 26119.0 24.0 40.0 ,
20787.0 26044.0 240.0 104.0 that
21080.0 26048.0 96.0 104.0 Is
21228.0 26048.0 112.0 104.0 to
21387.0 26059.0 200.0 108.0 say
21591.0 26123.0 32.0 52.0 ,

18807.0 26175.0 240.0 104.0 that
19100.0 26199.0 148.0 76.0 no
19288.0 26203.0 256.0 76.0 man
19600.0 26175.0 200.0 104.0 has
19848.0 26207.0 64.0 76.0 a
19963.0 26180.0 292.0 120.0 right
20307.0 26188.0 412.0 100.0 touirn
20776.0 26184.0 180.0 108.0 his
21004.0 26184.0 620.0 112.0 livelihood

18807.0 26315.0 92.0 108.0 If
18944.0 26343.0 224.0 76.0 anv
19219.0 26320.0 320.0 104.0 other
19587.0 26320.0 572.0 112.0 followers
20264.0 26327.0 124.0 100.0 of
20495.0 26327.0 188.0 104.0 tlm
20727.0 26351.0 312.0 84.0 same
21088.0 26320.0 536.0 124.0 business

18812.0 26460.0 368.0 108.0 would
19232.0 26464.0 368.0 116.0 piefcr
19644.0 26464.0 136.0 104.0 he
19884.0 26464.0 404.0 108.0 should
20404.0 26475.0 204.0 100.0 not
20703.0 26471.0 216.0 104.0 dot
20920.0 26527.0 28.0 48.0 >
20956.0 26499.0 92.0 80.0 o.
21179.0 26471.0 172.0 108.0 To
21403.0 26475.0 232.0 108.0 thin

18807.0 26603.0 188.0 104.0 the
19108.0 26603.0 416.0 108.0 ilerald
19624.0 26607.0 408.0 124.0 u-plies
20059.0 26635.0 24.0 80.0 :
20224.0 26607.0 244.0 108.0 'We
20588.0 26611.0 356.0 128.0 judge
21051.0 26623.0 248.0 100.0 that
21412.0 26619.0 212.0 112.0 Mr.

18803.0 26743.0 40.0 104.0 (
18864.0 26743.0 372.0 108.0 ieor.u
19283.0 26747.0 64.0 104.0 It
19348.0 26775.0 28.0 76.0 )
19423.0 26775.0 64.0 72.0 a
19536.0 26747.0 292.0 108.0 little
19875.0 26747.0 156.0 108.0 oIT
20083.0 26751.0 168.0 104.0 his
20324.0 26755.0 284.0 104.0 head
20623.0 26828.0 20.0 48.0 ,
20663.0 26751.0 28.0 60.0 '
20743.0 26763.0 228.0 100.0 and
21020.0 26787.0 608.0 88.0 expresses

18803.0 26899.0 508.0 112.0 a.stiong
19427.0 26891.0 472.0 128.0 opinion
20023.0 26899.0 240.0 100.0 that
20371.0 26895.0 192.0 104.0 the
20632.0 26903.0 528.0 116.0 working
21208.0 26927.0 252.0 80.0 mc-n
21511.0 26895.0 128.0 116.0 of

18803.0 27031.0 524.0 104.0 Aincilca
19412.0 27060.0 188.0 76.0 are
19691.0 27039.0 200.0 96.0 not
19972.0 27031.0 520.0 124.0 donKeys
20579.0 27039.0 448.0 112.0 enough
21080.0 27047.0 116.0 100.0 to
21283.0 27047.0 352.0 140.0 suflef

18803.0 27171.0 296.0 104.0 their
19135.0 27171.0 496.0 104.0 lilxirtles
19671.0 27179.0 112.0 100.0 to
19835.0 27179.0 128.0 96.0 bo
20008.0 27175.0 452.0 108.0 abrlged
20512.0 27179.0 144.0 124.0 by
20703.0 27183.0 268.0 104.0 such
21024.0 27207.0 600.0 88.0 nonscnstt

18803.0 27339.0 124.0 80.0 as
18984.0 27315.0 192.0 108.0 Mi.
19232.0 27311.0 560.0 124.0 Ccoige's.
19923.0 27315.0 320.0 124.0 Thiiy
20296.0 27319.0 368.0 108.0 would
20783.0 27332.0 128.0 92.0 bo
21004.0 27299.0 588.0 140.0 nxtraorifl
21591.0 27363.0 48.0 56.0 *

18807.0 27479.0 280.0 104.0 nary
19135.0 27455.0 284.0 108.0 fools
19476.0 27455.0 88.0 108.0 If
19627.0 27455.0 264.0 128.0 they
19972.0 27459.0 224.0 108.0 did'
20183.0 27527.0 28.0 36.0 .
20196.0 27459.0 36.0 60.0 '
20411.0 27459.0 280.0 112.0 This
20763.0 27463.0 256.0 128.0 plan
21071.0 27472.0 576.0 132.0 speaking

18800.0 27595.0 448.0 128.0 journal
19299.0 27595.0 524.0 120.0 ohservev
19848.0 27623.0 28.0 84.0 :
20116.0 27599.0 276.0 108.0 'Tho
20508.0 27603.0 416.0 112.0 llnnld
21060.0 27608.0 100.0 108.0 IB
21248.0 27612.0 148.0 108.0 all
21447.0 27619.0 188.0 104.0 for

18807.0 27739.0 492.0 108.0 trecdom
19352.0 27744.0 120.0 104.0 of
19536.0 27748.0 368.0 104.0 action
19959.0 27751.0 228.0 104.0 and
20236.0 27751.0 540.0 104.0 contract.
20792.0 27748.0 28.0 56.0 '
21020.0 27748.0 252.0 112.0 The
21316.0 27751.0 172.0 128.0 rlg
21536.0 27759.0 92.0 108.0 it

18800.0 27888.0 120.0 100.0 of
18987.0 27911.0 256.0 80.0 man
19299.0 27891.0 116.0 96.0 to
19516.0 27884.0 300.0 108.0 work
19912.0 27888.0 368.0 108.0 where
20384.0 27888.0 228.0 108.0 and
20723.0 27895.0 328.0 104.0 when
21168.0 27895.0 228.0 108.0 und
21507.0 27919.0 152.0 120.0 yr

18807.0 28027.0 324.0 108.0 much
19179.0 28055.0 128.0 84.0 or
19352.0 28051.0 124.0 84.0 us
19523.0 28027.0 292.0 112.0 little
19864.0 28059.0 64.0 80.0 a
19936.0 28059.0 56.0 80.0 ?
20032.0 28031.0 144.0 108.0 ho
20220.0 28031.0 288.0 112.0 likes
20599.0 28035.0 176.0 108.0 for
20880.0 28035.0 280.0 112.0 such
21255.0 28051.0 380.0 116.0 wugM
