22496 28880
4784.0 684.0 2032.0 800.0 THE
7984.0 688.0 3472.0 788.0 OMAHA
12608.0 660.0 2832.0 816.0 DAILY
16480.0 680.0 1776.0 788.0 BEE

1156.0 2148.0 1680.0 196.0 SIXTEENTH
2976.0 2124.0 856.0 196.0 YEAR.
7492.0 2116.0 1116.0 212.0 OMAHA.
8840.0 2116.0 1528.0 208.0 SATURDAY
10708.0 2088.0 1296.0 212.0 MORNING
12028.0 2244.0 44.0 76.0 ,
12328.0 2100.0 1028.0 196.0 MARCH
13576.0 2108.0 112.0 180.0 5
13707.0 2236.0 40.0 64.0 ,
14004.0 2108.0 540.0 188.0 1S87.
20028.0 2116.0 1260.0 196.0 NUMBER
21500.0 2128.0 384.0 184.0 259
22284.0 2176.0 32.0 124.0 \

1180.0 2660.0 516.0 240.0 MADE
1864.0 2652.0 368.0 240.0 THE
2340.0 2636.0 908.0 252.0 ECONOMIC
3400.0 2620.0 500.0 244.0 MOVE
3920.0 2796.0 32.0 76.0 ,

1184.0 3200.0 236.0 128.0 The
1544.0 3200.0 316.0 124.0 State
1980.0 3184.0 728.0 136.0 Lawmakers
2828.0 3172.0 368.0 164.0 Agree
3320.0 3180.0 116.0 108.0 to
3508.0 3160.0 456.0 124.0 Bounce

1720.0 3372.0 528.0 136.0 Sinecure
2324.0 3364.0 392.0 132.0 Clerks
2768.0 3352.0 216.0 136.0 and
3040.0 3356.0 396.0 152.0 Pages.

1196.0 3744.0 576.0 116.0 GRAND
1840.0 3740.0 600.0 112.0 ISLAND
2524.0 3724.0 428.0 112.0 GETS
3052.0 3712.0 336.0 116.0 THE
3452.0 3704.0 536.0 112.0 HOME.

1200.0 4120.0 628.0 120.0 Majority
1880.0 4112.0 268.0 100.0 ami
2224.0 4100.0 632.0 112.0 Minority
2936.0 4096.0 568.0 108.0 Ucports
3592.0 4084.0 412.0 100.0 Made.

1364.0 4316.0 156.0 72.0 on
1588.0 4288.0 220.0 96.0 tin1
1864.0 4280.0 512.0 100.0 Oinnlin
2428.0 4272.0 580.0 96.0 Charter
3060.0 4264.0 256.0 96.0 Hill
3372.0 4288.0 148.0 68.0 as
3580.0 4260.0 244.0 92.0 Pre-

1548.0 4448.0 460.0 104.0 dicted
2156.0 4440.0 708.0 104.0 Mollonna
2956.0 4428.0 368.0 104.0 Wins
3412.0 4428.0 232.0 96.0 llln

1848.0 4624.0 556.0 96.0 Contest
2512.0 4620.0 352.0 88.0 Over
2936.0 4600.0 408.0 104.0 Snull.

1860.0 4984.0 488.0 92.0 Srnntc
2412.0 4968.0 832.0 112.0 Proceeding
3256.0 4992.0 52.0 56.0 *
3328.0 5024.0 28.0 36.0 .

1332.0 5116.0 600.0 116.0 LlNroi.N.
2004.0 5112.0 248.0 108.0 Xeb
2248.0 5184.0 24.0 32.0 ,
2296.0 5184.0 28.0 44.0 ,
2400.0 5108.0 376.0 108.0 March
2864.0 5112.0 88.0 100.0 4.
3100.0 5108.0 20.0 116.0 (
3148.0 5092.0 440.0 136.0 Special
3700.0 5088.0 316.0 104.0 Tele-

1216.0 5288.0 304.0 92.0 pram
1624.0 5276.0 112.0 88.0 to
1868.0 5264.0 188.0 100.0 the
2256.0 5260.0 252.0 100.0 Hut'
2512.0 5324.0 32.0 32.0 .
2568.0 5252.0 28.0 124.0 ]
2756.0 5252.0 104.0 100.0 A
2912.0 5240.0 472.0 116.0 petition
3500.0 5260.0 236.0 84.0 was
3864.0 5256.0 112.0 76.0 re-

1212.0 5400.0 384.0 112.0 ceived
1652.0 5400.0 104.0 108.0 In
1816.0 5400.0 184.0 108.0 the
2048.0 5404.0 388.0 100.0 senate
2492.0 5400.0 276.0 96.0 fimn
2824.0 5388.0 544.0 120.0 Farragut
3412.0 5384.0 240.0 120.0 post
3664.0 5448.0 28.0 48.0 ,
3752.0 5372.0 216.0 104.0 Lin

1216.0 5552.0 292.0 104.0 coln.
1560.0 5540.0 400.0 132.0 signed
2008.0 5544.0 140.0 120.0 by
2192.0 5544.0 188.0 100.0 the
2424.0 5536.0 588.0 112.0 following
3048.0 5556.0 124.0 76.0 as
3220.0 5552.0 64.0 76.0 a
3316.0 5524.0 644.0 104.0 committee
3988.0 5536.0 24.0 80.0 :

1220.0 5688.0 140.0 108.0 H.
1460.0 5692.0 124.0 104.0 C.
1692.0 5684.0 616.0 108.0 McAithur
2312.0 5756.0 28.0 44.0 ,
2436.0 5684.0 124.0 100.0 O.
2656.0 5676.0 120.0 104.0 C.
2884.0 5668.0 224.0 108.0 Hell
3124.0 5744.0 24.0 44.0 ,
3276.0 5660.0 496.0 112.0 William
3864.0 5656.0 148.0 104.0 M.

1220.0 5827.0 536.0 116.0 dlllesple
1764.0 5904.0 24.0 40.0 ,
1856.0 5824.0 404.0 104.0 I'hclns
2316.0 5820.0 352.0 108.0 I'alne
2672.0 5896.0 28.0 40.0 ,
2772.0 5812.0 512.0 120.0 strongly
3376.0 5800.0 408.0 124.0 urging
3840.0 5796.0 180.0 104.0 the

1224.0 5976.0 468.0 88.0 passage
1736.0 5948.0 116.0 96.0 of
1900.0 5972.0 64.0 72.0 a
2008.0 5936.0 500.0 108.0 soldiers'
2580.0 5948.0 228.0 92.0 and
2876.0 5924.0 432.0 108.0 sailors'
3392.0 5928.0 328.0 100.0 home
3788.0 5924.0 228.0 96.0 bill.

1336.0 6064.0 244.0 104.0 The
1624.0 6056.0 636.0 112.0 committee
2308.0 6056.0 500.0 124.0 rnportcd
2864.0 6044.0 576.0 108.0 favorably
3484.0 6064.0 300.0 96.0 upon
3836.0 6040.0 192.0 96.0 the

1220.0 6176.0 196.0 104.0 hill
1468.0 6188.0 116.0 92.0 to
1628.0 6180.0 324.0 100.0 allow
1996.0 6172.0 376.0 116.0 JudRO
2428.0 6176.0 112.0 100.0 P.
2608.0 6168.0 128.0 104.0 O.
2796.0 6168.0 412.0 100.0 llawes
3252.0 6164.0 176.0 100.0 his
3472.0 6160.0 328.0 100.0 claim
3852.0 6156.0 180.0 96.0 for

1224.0 6295.0 592.0 116.0 collecting
1868.0 6312.0 408.0 100.0 money
2324.0 6292.0 216.0 100.0 due
2588.0 6288.0 184.0 104.0 the
2820.0 6288.0 284.0 100.0 state
3200.0 6280.0 172.0 100.0 for
3448.0 6292.0 580.0 104.0 .suppress-

1228.0 6412.0 196.0 100.0 Inir
1484.0 6408.0 404.0 100.0 Indian
1964.0 6404.0 648.0 108.0 hostilities.
3164.0 6499.0 852.0 40.0 .

1348.0 6524.0 200.0 104.0 Mr.
1616.0 6524.0 540.0 116.0 Llnlncer
2208.0 6520.0 388.0 104.0 moved
2648.0 6516.0 240.0 100.0 that
2936.0 6516.0 184.0 100.0 the
3164.0 6508.0 204.0 104.0 bill
3416.0 6508.0 132.0 104.0 bo
3636.0 6499.0 388.0 128.0 placed

1224.0 6664.0 300.0 80.0 nnon
1580.0 6640.0 296.0 104.0 third
1928.0 6640.0 496.0 104.0 leading.
2596.0 6636.0 244.0 96.0 One
2924.0 6655.0 128.0 76.0 or
3152.0 6636.0 224.0 96.0 two
3480.0 6628.0 548.0 100.0 membcis

1228.0 6756.0 500.0 124.0 objected
1744.0 6828.0 24.0 48.0 ,
1820.0 6756.0 192.0 104.0 but
2060.0 6759.0 188.0 96.0 this
2296.0 6756.0 228.0 100.0 tact
2568.0 6752.0 244.0 100.0 that
2852.0 6748.0 188.0 100.0 the
3088.0 6768.0 408.0 96.0 money
3576.0 6768.0 228.0 72.0 was
3856.0 6744.0 104.0 100.0 al-

1232.0 6876.0 340.0 120.0 ready
1620.0 6876.0 112.0 100.0 In
1792.0 6876.0 184.0 96.0 the
2020.0 6880.0 288.0 92.0 state
2356.0 6876.0 508.0 112.0 treasury
2952.0 6888.0 308.0 100.0 upon
3364.0 6856.0 364.0 104.0 which
3840.0 6860.0 192.0 104.0 the

1232.0 6996.0 488.0 116.0 percent
1728.0 7060.0 28.0 32.0 ,
1832.0 6992.0 172.0 100.0 for
2044.0 6984.0 596.0 120.0 collecting
2696.0 7008.0 224.0 72.0 was
3024.0 6976.0 468.0 108.0 claimed
3504.0 7044.0 28.0 48.0 ,
3620.0 6984.0 404.0 96.0 caused

1236.0 7112.0 188.0 96.0 the
1468.0 7112.0 388.0 96.0 senate
1904.0 7112.0 112.0 92.0 to
2060.0 7123.0 320.0 100.0 carry
2424.0 7104.0 200.0 100.0 Mr.
2692.0 7092.0 636.0 120.0 Llnlnger's
3376.0 7092.0 464.0 100.0 motion.

1348.0 7224.0 248.0 100.0 The
1640.0 7220.0 412.0 124.0 special
2100.0 7220.0 636.0 100.0 committee
2788.0 7220.0 112.0 92.0 to
2964.0 7220.0 368.0 96.0 report
3424.0 7227.0 296.0 96.0 upon
3836.0 7204.0 188.0 104.0 the

1232.0 7340.0 572.0 108.0 emploves
1848.0 7340.0 120.0 96.0 of
2016.0 7331.0 184.0 104.0 the
2248.0 7340.0 384.0 92.0 senate
2676.0 7324.0 600.0 108.0 submitted
3324.0 7348.0 64.0 72.0 a
3436.0 7320.0 188.0 100.0 list
3668.0 7320.0 124.0 96.0 of
3836.0 7324.0 188.0 100.0 the

1236.0 7480.0 340.0 76.0 bame.
1636.0 7452.0 356.0 100.0 vvh'ch
1820.0 7452.0 24.0 68.0 '
2036.0 7448.0 584.0 104.0 embodied
2728.0 7472.0 68.0 72.0 a
2836.0 7439.0 580.0 100.0 condition
3468.0 7435.0 124.0 92.0 of
3632.0 7432.0 392.0 120.0 things

1236.0 7572.0 368.0 100.0 which
1656.0 7572.0 184.0 96.0 the
1892.0 7572.0 380.0 100.0 senate
2324.0 7588.0 224.0 76.0 was
2644.0 7556.0 332.0 124.0 quick
3032.0 7564.0 112.0 88.0 to
3232.0 7548.0 400.0 104.0 rectify
3728.0 7560.0 292.0 92.0 after

1236.0 7688.0 300.0 116.0 forty
1584.0 7684.0 308.0 124.0 dajs.
2832.0 7780.0 24.0 32.0 ,
3320.0 7776.0 20.0 20.0 .
3368.0 7780.0 16.0 20.0 .
3416.0 7780.0 20.0 20.0 .
3716.0 7776.0 28.0 36.0 ,

1352.0 7799.0 216.0 100.0 Mr.
1644.0 7796.0 288.0 100.0 Linn
1988.0 7792.0 384.0 108.0 moved
2432.0 7788.0 236.0 100.0 that
2712.0 7780.0 148.0 104.0 all
2944.0 7776.0 640.0 108.0 committee
3648.0 7776.0 372.0 104.0 clerks

1236.0 7912.0 132.0 104.0 bo
1412.0 7912.0 664.0 116.0 discharged
2128.0 7907.0 292.0 100.0 after
2464.0 7903.0 184.0 100.0 the
2760.0 7896.0 456.0 104.0 lortleth
3268.0 7896.0 212.0 120.0 day
3496.0 7964.0 28.0 48.0 ,
3624.0 7907.0 404.0 104.0 except

1236.0 8028.0 184.0 100.0 the
1464.0 8028.0 360.0 104.0 clerks
1868.0 8028.0 124.0 96.0 of
2036.0 8024.0 188.0 100.0 the
2268.0 8016.0 700.0 120.0 onarosslng.
3016.0 8011.0 600.0 116.0 enrolling
3668.0 8011.0 316.0 124.0 print-

1240.0 8144.0 192.0 108.0 ing
1440.0 8215.0 24.0 44.0 ,
1536.0 8140.0 560.0 124.0 judiciary
2148.0 8136.0 224.0 104.0 and
2428.0 8144.0 436.0 96.0 hnance
2872.0 8204.0 28.0 40.0 ,
2992.0 8152.0 316.0 100.0 ways
3356.0 8128.0 228.0 100.0 and
3632.0 8152.0 392.0 80.0 means

1232.0 8260.0 736.0 104.0 committees.

1356.0 8375.0 220.0 104.0 Mr.
1648.0 8371.0 488.0 104.0 Kobbins
2180.0 8364.0 500.0 128.0 objected
2696.0 8440.0 24.0 48.0 ,
2828.0 8364.0 520.0 116.0 wanting
3456.0 8360.0 188.0 104.0 the
3752.0 8371.0 228.0 96.0 mat-

1240.0 8500.0 168.0 100.0 ter
1456.0 8492.0 204.0 104.0 left
1708.0 8500.0 112.0 92.0 to
1856.0 8492.0 188.0 100.0 the
2080.0 8488.0 600.0 100.0 discretion
2732.0 8484.0 120.0 100.0 of
2900.0 8484.0 264.0 100.0 each
3216.0 8479.0 676.0 104.0 committee.

1360.0 8608.0 204.0 104.0 Mr.
1628.0 8608.0 292.0 100.0 Linn
1976.0 8608.0 240.0 100.0 said
2268.0 8612.0 236.0 92.0 that
2592.0 8604.0 136.0 100.0 he
2780.0 8600.0 540.0 124.0 proposed
3408.0 8596.0 244.0 100.0 that
3756.0 8600.0 264.0 104.0 each

212.0 8752.0 100.0 64.0 "i
1244.0 8732.0 452.0 100.0 senator
1736.0 8720.0 408.0 108.0 should
2188.0 8748.0 140.0 76.0 co
2360.0 8748.0 140.0 72.0 on
2560.0 8712.0 376.0 108.0 record
3024.0 8739.0 140.0 76.0 on
3208.0 8708.0 228.0 108.0 this
3472.0 8716.0 552.0 120.0 question.

1248.0 8839.0 96.0 104.0 li
1472.0 8843.0 336.0 100.0 knew
1860.0 8836.0 592.0 120.0 positively
2496.0 8836.0 244.0 100.0 that
2824.0 8828.0 748.0 144.0 minyoftho
3656.0 8832.0 368.0 104.0 clerks

1248.0 8960.0 260.0 100.0 held
1616.0 8960.0 572.0 104.0 sinecures
2292.0 8952.0 224.0 104.0 and
2608.0 8976.0 284.0 80.0 were
3004.0 8940.0 412.0 128.0 wholly
3464.0 8968.0 560.0 84.0 unueces-

1248.0 9099.0 292.0 100.0 saiy.

1372.0 9192.0 220.0 100.0 All.
1660.0 9184.0 364.0 108.0 Fuller
2068.0 9180.0 392.0 108.0 moved
2504.0 9207.0 140.0 76.0 an
2700.0 9180.0 732.0 104.0 amendment
3476.0 9184.0 116.0 96.0 to
3640.0 9184.0 392.0 120.0 except

1256.0 9304.0 188.0 104.0 the
1520.0 9307.0 636.0 100.0 committee
2240.0 9304.0 120.0 96.0 of
2432.0 9296.0 760.0 120.0 redistiietlng
3200.0 9368.0 24.0 48.0 ,
3280.0 9324.0 124.0 68.0 as
3492.0 9296.0 88.0 100.0 It
3668.0 9296.0 216.0 100.0 had
3976.0 9324.0 60.0 76.0 a

1252.0 9432.0 316.0 108.0 great
1648.0 9420.0 244.0 100.0 deal
1976.0 9428.0 116.0 92.0 ot
2148.0 9415.0 304.0 104.0 work
2556.0 9420.0 380.0 96.0 belorc
3016.0 9415.0 112.0 100.0 it.
3256.0 9411.0 244.0 100.0 The
3584.0 9411.0 432.0 104.0 amend'

1260.0 9544.0 316.0 96.0 ment
1620.0 9536.0 592.0 120.0 prevailed.

1376.0 9668.0 204.0 88.0 Air.
1644.0 9652.0 488.0 104.0 Kobbins
2184.0 9648.0 384.0 100.0 moved
2620.0 9652.0 112.0 96.0 to
2776.0 9640.0 404.0 108.0 amend
3232.0 9640.0 572.0 120.0 byglvine
3852.0 9644.0 188.0 104.0 the

1256.0 9772.0 576.0 100.0 chalrmin
1884.0 9772.0 120.0 100.0 of
2052.0 9772.0 184.0 96.0 the
2276.0 9764.0 640.0 104.0 committee
2964.0 9764.0 184.0 100.0 the
3180.0 9760.0 388.0 124.0 option
3624.0 9760.0 124.0 100.0 of
3828.0 9760.0 172.0 104.0 dis-

1256.0 9888.0 540.0 116.0 charging
1840.0 9883.0 396.0 104.0 clerks.
2368.0 9879.0 296.0 104.0 Lost.

1380.0 10004.0 176.0 96.0 Mr
1556.0 10076.0 28.0 36.0 ,
1692.0 10004.0 416.0 120.0 Casper
2188.0 9992.0 396.0 104.0 moved
2684.0 9992.0 244.0 104.0 that
3052.0 9992.0 188.0 100.0 the
3368.0 9992.0 472.0 100.0 number
3920.0 9992.0 120.0 100.0 of

1256.0 10116.0 364.0 100.0 clerks
1664.0 10120.0 124.0 96.0 of
1828.0 10124.0 184.0 96.0 the
2056.0 10116.0 632.0 100.0 committee
2752.0 10132.0 144.0 76.0 on
2948.0 10108.0 604.0 120.0 engrossed
3580.0 10108.0 228.0 104.0 and
3856.0 10132.0 140.0 80.0 en-

1256.0 10232.0 348.0 100.0 rolled
1656.0 10228.0 248.0 104.0 bills
1936.0 10236.0 128.0 96.0 bo
2112.0 10228.0 428.0 100.0 limited
2592.0 10243.0 112.0 84.0 to
2752.0 10228.0 416.0 96.0 fifteen.

1376.0 10347.0 204.0 100.0 Mr.
1632.0 10343.0 312.0 104.0 Shell
2036.0 10343.0 472.0 104.0 thought
2592.0 10340.0 184.0 100.0 tiio
2860.0 10340.0 512.0 120.0 question
3428.0 10336.0 400.0 104.0 should
3900.0 10343.0 132.0 100.0 be

1260.0 10464.0 204.0 100.0 left
1516.0 10464.0 264.0 100.0 with
1836.0 10468.0 184.0 96.0 tlio
2056.0 10455.0 640.0 108.0 committee
2764.0 10455.0 108.0 100.0 in
2928.0 10460.0 188.0 96.0 the
3164.0 10480.0 248.0 76.0 case
3456.0 10460.0 120.0 92.0 ot
3644.0 10455.0 388.0 100.0 ladles.

1256.0 10576.0 240.0 104.0 The
1544.0 10584.0 384.0 96.0 senate
2016.0 10572.0 216.0 104.0 had
2320.0 10600.0 148.0 76.0 no
2536.0 10568.0 292.0 116.0 right
2872.0 10576.0 116.0 96.0 to
3032.0 10600.0 316.0 76.0 come
3396.0 10572.0 112.0 100.0 In
3560.0 10576.0 232.0 100.0 and
3856.0 10580.0 188.0 92.0 cut

1256.0 10692.0 192.0 104.0 the
1492.0 10692.0 632.0 108.0 commlttvc
2168.0 10696.0 220.0 96.0 out.
2528.0 10688.0 100.0 100.0 It
2704.0 10684.0 184.0 104.0 did
2944.0 10692.0 200.0 92.0 not
3188.0 10688.0 344.0 100.0 know
3580.0 10692.0 188.0 96.0 the
3816.0 10711.0 228.0 100.0 per-

1260.0 10808.0 488.0 120.0 bonallty
1792.0 10836.0 124.0 72.0 as
1956.0 10804.0 192.0 108.0 did
2232.0 10804.0 188.0 100.0 the
2504.0 10804.0 640.0 104.0 committee
3188.0 10800.0 228.0 104.0 and
3464.0 10804.0 328.0 100.0 could
3844.0 10808.0 204.0 96.0 not

1264.0 10923.0 396.0 104.0 realize
1704.0 10948.0 252.0 80.0 now
2000.0 10923.0 300.0 100.0 cruel
2352.0 10928.0 84.0 92.0 It
2480.0 10919.0 368.0 104.0 would
2892.0 10919.0 132.0 100.0 be
3072.0 10923.0 112.0 92.0 to
3228.0 10923.0 344.0 96.0 throw
3640.0 10923.0 236.0 96.0 half
3924.0 10923.0 124.0 96.0 of

1268.0 11040.0 296.0 104.0 them
1664.0 11048.0 192.0 92.0 out
1940.0 11064.0 292.0 100.0 upon
2328.0 11040.0 184.0 100.0 the
2600.0 11036.0 236.0 100.0 cold
2852.0 11108.0 24.0 48.0 ,
2956.0 11036.0 248.0 100.0 cold
3316.0 11032.0 384.0 104.0 world.
3832.0 11036.0 208.0 100.0 Mr.

1272.0 11156.0 412.0 124.0 Casper
1792.0 11156.0 212.0 104.0 had
2116.0 11175.0 304.0 80.0 some
2484.0 11152.0 344.0 104.0 doubt
2932.0 11175.0 124.0 76.0 as
3160.0 11160.0 116.0 88.0 to
3376.0 11148.0 188.0 100.0 the
3632.0 11152.0 376.0 116.0 gentle

1272.0 11272.0 364.0 104.0 man's
1736.0 11272.0 32.0 104.0 (
1784.0 11268.0 308.0 108.0 Sncll
2108.0 11276.0 36.0 112.0 )
2228.0 11268.0 396.0 124.0 anility
2712.0 11292.0 120.0 76.0 as
2896.0 11264.0 572.0 104.0 chairman
3524.0 11272.0 112.0 96.0 to
3724.0 11268.0 328.0 100.0 resist

1272.0 11391.0 188.0 96.0 the
1508.0 11387.0 380.0 104.0 Millies
1944.0 11387.0 120.0 100.0 of
2132.0 11383.0 184.0 104.0 the
2368.0 11387.0 220.0 96.0 fair
2628.0 11408.0 276.0 76.0 ones
2992.0 11387.0 324.0 96.0 when
3388.0 11383.0 264.0 116.0 they
3700.0 11383.0 344.0 100.0 asked

1272.0 11512.0 116.0 92.0 to
1492.0 11504.0 132.0 100.0 bo
1724.0 11504.0 536.0 100.0 retained.
2388.0 11500.0 220.0 100.0 Mr.
2732.0 11500.0 508.0 104.0 Casper's
3324.0 11500.0 732.0 100.0 amendment

1268.0 11620.0 600.0 132.0 prevailed.
2012.0 11616.0 352.0 104.0 When
2412.0 11620.0 188.0 96.0 the
2648.0 11616.0 444.0 120.0 surplus
3144.0 11616.0 452.0 96.0 numbei
3652.0 11640.0 184.0 76.0 are
3880.0 11643.0 116.0 76.0 re

1268.0 11712.0 360.0 124.0 lieved
1676.0 11736.0 308.0 100.0 there
2032.0 11732.0 228.0 104.0 will
2312.0 11736.0 60.0 96.0 b
2484.0 11732.0 512.0 120.0 weeping
3040.0 11728.0 224.0 100.0 and
3316.0 11728.0 496.0 112.0 walling.

1392.0 11851.0 200.0 104.0 Mr.
1656.0 11848.0 400.0 104.0 Linn's
2104.0 11848.0 416.0 104.0 motion
2572.0 11844.0 420.0 108.0 carried
3008.0 11915.0 24.0 40.0 ,
3088.0 11844.0 360.0 100.0 which
3556.0 11848.0 236.0 100.0 will
3896.0 11872.0 120.0 76.0 re-

1272.0 11963.0 280.0 104.0 duce
1600.0 11967.0 188.0 100.0 the
1836.0 11972.0 304.0 96.0 force
2184.0 11972.0 116.0 92.0 to
2344.0 11992.0 68.0 72.0 a
2488.0 11963.0 648.0 100.0 reasonable
3244.0 11959.0 476.0 104.0 number
3820.0 11963.0 228.0 104.0 and

1276.0 12108.0 264.0 76.0 save
1584.0 12088.0 188.0 96.0 the
1816.0 12088.0 288.0 96.0 state
2148.0 12108.0 68.0 72.0 a
2260.0 12084.0 304.0 116.0 largo
2608.0 12084.0 468.0 96.0 amount
3120.0 12076.0 124.0 100.0 of
3292.0 12100.0 444.0 100.0 money.

1388.0 12196.0 244.0 104.0 The
1720.0 12200.0 184.0 100.0 bill
2012.0 12196.0 492.0 116.0 locating
2612.0 12200.0 188.0 96.0 the
2896.0 12192.0 504.0 104.0 soldiers'
3516.0 12196.0 324.0 100.0 home
3944.0 12196.0 116.0 100.0 at

1272.0 12316.0 384.0 100.0 fir.ind
1712.0 12312.0 380.0 104.0 Island
2140.0 12336.0 224.0 80.0 was
2412.0 12312.0 400.0 124.0 passed
2856.0 12308.0 144.0 124.0 by
3044.0 12336.0 68.0 76.0 a
3160.0 12316.0 252.0 96.0 vote
3456.0 12312.0 120.0 96.0 of
3632.0 12316.0 104.0 92.0 ill
3756.0 12383.0 28.0 48.0 ,
3900.0 12336.0 152.0 76.0 no

1272.0 12408.0 636.0 132.0 dissenting
1964.0 12431.0 348.0 100.0 voice.

1384.0 12548.0 244.0 96.0 The
1676.0 12544.0 192.0 104.0 bill
1916.0 12544.0 536.0 108.0 grautlnit
2504.0 12544.0 124.0 100.0 P.
2696.0 12539.0 120.0 100.0 O.
2880.0 12535.0 408.0 108.0 Hawes
3356.0 12539.0 352.0 120.0 S4.KO
3816.0 12564.0 236.0 80.0 was

1268.0 12660.0 432.0 108.0 passed.
1828.0 12660.0 412.0 100.0 Kece.ss
2284.0 12660.0 164.0 100.0 till
2488.0 12664.0 60.0 92.0 'J
2592.0 12652.0 456.0 108.0 o'clock.

1980.0 12791.0 760.0 88.0 AFrillt.NOON
2820.0 12791.0 528.0 84.0 SESSION.

1380.0 12884.0 244.0 108.0 The
1724.0 12895.0 388.0 92.0 senate
2224.0 12895.0 304.0 92.0 went
2632.0 12888.0 240.0 100.0 into
2976.0 12888.0 644.0 104.0 committee
3696.0 12888.0 124.0 100.0 of
3864.0 12888.0 188.0 104.0 the

1272.0 13007.0 356.0 100.0 whole
1672.0 13016.0 224.0 92.0 and
1948.0 13003.0 264.0 100.0 took
2260.0 13028.0 148.0 84.0 up
2456.0 13003.0 344.0 100.0 house
2844.0 13003.0 204.0 96.0 roll
3104.0 13007.0 168.0 92.0 U7
3184.0 13007.0 24.0 88.0 !
3272.0 13076.0 28.0 48.0 ,
3368.0 13007.0 684.0 116.0 compelling

1272.0 13124.0 596.0 104.0 Insurance
1912.0 13120.0 640.0 140.0 companies
2600.0 13128.0 112.0 92.0 to
2764.0 13144.0 212.0 92.0 Day
3024.0 13128.0 344.0 92.0 taxes.
3496.0 13120.0 248.0 100.0 The
3860.0 13124.0 196.0 96.0 Dili

1276.0 13263.0 228.0 76.0 was
1552.0 13236.0 660.0 104.0 Introduced
2260.0 13240.0 112.0 96.0 In
2428.0 13240.0 188.0 96.0 the
2664.0 13236.0 340.0 100.0 house
3080.0 13236.0 144.0 116.0 by
3316.0 13232.0 736.0 124.0 Uepresenta-

1276.0 13356.0 224.0 104.0 tlvo
1544.0 13356.0 268.0 96.0 Cole
1820.0 13428.0 20.0 36.0 ,
1892.0 13356.0 224.0 100.0 and
2168.0 13348.0 612.0 108.0 advocated
2832.0 13352.0 120.0 100.0 in
3000.0 13348.0 188.0 100.0 the
3232.0 13359.0 392.0 92.0 senate
3672.0 13352.0 136.0 116.0 by
3844.0 13352.0 200.0 104.0 Mr.

1280.0 13467.0 684.0 124.0 Mclklojohn
1980.0 13536.0 24.0 40.0 ,
2140.0 13467.0 104.0 100.0 It
2344.0 13467.0 328.0 100.0 reads
2772.0 13492.0 120.0 72.0 as
3040.0 13463.0 448.0 104.0 follows
3512.0 13488.0 32.0 80.0 :
3676.0 13463.0 376.0 104.0 "Lach

1280.0 13588.0 220.0 100.0 and
1608.0 13608.0 328.0 96.0 every
2044.0 13579.0 596.0 104.0 Insurance
2744.0 13604.0 556.0 92.0 company
3348.0 13588.0 708.0 116.0 transacting

1284.0 13700.0 508.0 100.0 business
1840.0 13704.0 116.0 96.0 In
2008.0 13700.0 224.0 96.0 this
2276.0 13708.0 284.0 88.0 state
2612.0 13692.0 280.0 104.0 shall
2944.0 13700.0 132.0 96.0 be
3120.0 13700.0 336.0 96.0 taxed
3500.0 13719.0 300.0 80.0 noon
3856.0 13700.0 188.0 100.0 the

1284.0 13844.0 376.0 72.0 BXCOSS
1704.0 13820.0 112.0 92.0 ot
1872.0 13816.0 604.0 116.0 premiums
2528.0 13812.0 504.0 104.0 received
3076.0 13835.0 264.0 72.0 over
3384.0 13812.0 352.0 100.0 losses
3820.0 13816.0 232.0 96.0 and

1288.0 13912.0 528.0 136.0 ordinary
1860.0 13952.0 552.0 100.0 expenses
2464.0 13927.0 512.0 100.0 incurred
3024.0 13924.0 396.0 100.0 within
3472.0 13927.0 192.0 100.0 tlio
3764.0 13935.0 292.0 92.0 state

1288.0 14047.0 404.0 116.0 during
1740.0 14043.0 184.0 100.0 the
1968.0 14072.0 48.0 96.0 j
2044.0 14068.0 192.0 80.0 ear
2280.0 14043.0 512.0 120.0 previous
2844.0 14056.0 112.0 84.0 to
3004.0 14039.0 188.0 100.0 tlio
3236.0 14064.0 268.0 96.0 year
3604.0 14043.0 124.0 96.0 of
3828.0 14039.0 232.0 100.0 list-

1284.0 14164.0 196.0 100.0 Inic
1532.0 14164.0 112.0 96.0 In
1700.0 14164.0 184.0 96.0 the
1928.0 14164.0 416.0 112.0 county
2396.0 14160.0 368.0 100.0 wheie
2804.0 14160.0 184.0 96.0 the
3072.0 14164.0 344.0 92.0 a.-ont
3516.0 14156.0 544.0 104.0 conducts

1280.0 14276.0 188.0 100.0 the
1516.0 14276.0 512.0 100.0 business
2032.0 14343.0 28.0 36.0 ,
2144.0 14272.0 516.0 120.0 properly
2768.0 14272.0 792.0 116.0 proportioned
3672.0 14276.0 144.0 116.0 by
3876.0 14280.0 188.0 92.0 the

1272.0 14411.0 556.0 96.0 company
1872.0 14392.0 112.0 92.0 at
2032.0 14372.0 188.0 112.0 the
2268.0 14407.0 304.0 76.0 same
2620.0 14392.0 232.0 88.0 rate
2904.0 14384.0 240.0 96.0 that
3188.0 14384.0 148.0 96.0 all
3424.0 14384.0 320.0 100.0 other
3832.0 14407.0 192.0 116.0 per-

1272.0 14503.0 324.0 100.0 sonal
1648.0 14511.0 512.0 108.0 property
2208.0 14499.0 96.0 100.0 Is
2352.0 14499.0 324.0 100.0 taxed
2688.0 14567.0 24.0 44.0 ,
2764.0 14496.0 228.0 100.0 and
3040.0 14499.0 188.0 96.0 the
3320.0 14503.0 344.0 112.0 ngcnt
3768.0 14484.0 288.0 112.0 shall

1272.0 14619.0 408.0 100.0 render
1720.0 14619.0 188.0 100.0 the
1952.0 14615.0 192.0 100.0 list
2188.0 14619.0 228.0 96.0 and
2464.0 14615.0 132.0 96.0 be
2700.0 14607.0 640.0 124.0 personally
3444.0 14611.0 332.0 100.0 liable
3884.0 14615.0 176.0 96.0 for

1272.0 14736.0 188.0 100.0 the
1508.0 14744.0 188.0 92.0 tax
1720.0 14756.0 32.0 96.0 ;
1800.0 14728.0 228.0 108.0 and
2076.0 14736.0 88.0 92.0 if
2212.0 14736.0 136.0 92.0 he
2400.0 14728.0 432.0 104.0 refuses
2884.0 14740.0 112.0 88.0 to
3044.0 14732.0 408.0 96.0 render
3540.0 14732.0 188.0 96.0 the
3816.0 14728.0 188.0 100.0 Hat
4012.0 14800.0 24.0 48.0 ,

1272.0 14871.0 124.0 76.0 or
1440.0 14856.0 112.0 92.0 to
1600.0 14848.0 324.0 100.0 make
1972.0 14844.0 500.0 108.0 atlldavit
2516.0 14848.0 248.0 96.0 that
2808.0 14844.0 188.0 100.0 the
3040.0 14867.0 308.0 76.0 same
3400.0 14844.0 96.0 96.0 Is
3580.0 14852.0 420.0 92.0 correct
4008.0 14915.0 24.0 48.0 ,

1276.0 14967.0 192.0 96.0 the
1512.0 14967.0 468.0 96.0 amount
2024.0 14983.0 256.0 96.0 may
2320.0 14960.0 136.0 96.0 be
2496.0 14956.0 504.0 104.0 assessed
3044.0 14956.0 600.0 116.0 according
3692.0 14967.0 112.0 92.0 to
3872.0 14960.0 188.0 100.0 the

1280.0 15079.0 244.0 100.0 brst
1568.0 15075.0 660.0 108.0 knowledge
2268.0 15075.0 228.0 100.0 and
2544.0 15071.0 600.0 104.0 dl&ciction
3236.0 15071.0 124.0 96.0 of
3440.0 15075.0 192.0 96.0 the
3716.0 15100.0 308.0 72.0 asses

1280.0 15220.0 224.0 76.0 sor.
1632.0 15191.0 616.0 104.0 Insurance
2288.0 15187.0 648.0 120.0 companies
3020.0 15183.0 288.0 104.0 shall
3396.0 15183.0 132.0 100.0 bo
3632.0 15187.0 436.0 120.0 subject

1284.0 15312.0 112.0 96.0 to
1448.0 15331.0 144.0 76.0 no
1636.0 15312.0 320.0 96.0 other
2000.0 15316.0 188.0 92.0 tax
2192.0 15376.0 28.0 48.0 ,
2316.0 15304.0 232.0 100.0 fees
2636.0 15328.0 124.0 76.0 or
2848.0 15304.0 472.0 100.0 licences
3408.0 15304.0 364.0 100.0 under
3876.0 15304.0 188.0 100.0 the

1284.0 15424.0 272.0 100.0 hws
1600.0 15428.0 120.0 96.0 of
1764.0 15424.0 224.0 100.0 this
2028.0 15428.0 288.0 96.0 state
2360.0 15428.0 392.0 104.0 except
2796.0 15420.0 320.0 100.0 taxes
3160.0 15443.0 144.0 72.0 on
3384.0 15424.0 228.0 96.0 real
3700.0 15424.0 356.0 96.0 estate

1284.0 15539.0 224.0 100.0 and
1560.0 15539.0 184.0 100.0 thn
1788.0 15543.0 232.0 100.0 fees
2072.0 15539.0 496.0 108.0 Imposed
2616.0 15539.0 140.0 108.0 by
2804.0 15539.0 428.0 100.0 section
3276.0 15536.0 120.0 92.0 33
3440.0 15536.0 124.0 96.0 of
3648.0 15560.0 140.0 76.0 an
3880.0 15543.0 184.0 92.0 act

1284.0 15655.0 632.0 116.0 regulatlnc
1964.0 15659.0 596.0 96.0 Insurance
2604.0 15651.0 644.0 120.0 companies
3260.0 15724.0 20.0 48.0 ,
3336.0 15651.0 400.0 120.0 passed
3788.0 15651.0 224.0 100.0 Feb-

1284.0 15796.0 332.0 96.0 ruary
1656.0 15776.0 148.0 96.0 as.
1856.0 15776.0 116.0 92.0 lb
2032.0 15776.0 84.0 92.0 J.
2128.0 15768.0 72.0 56.0 "

1400.0 15888.0 244.0 100.0 The
1688.0 15888.0 192.0 100.0 bill
1924.0 15903.0 232.0 88.0 was
2196.0 15880.0 856.0 104.0 recommended
3096.0 15880.0 116.0 100.0 to
3256.0 15903.0 288.0 84.0 pass.

1408.0 16000.0 384.0 100.0 House
1932.0 16000.0 208.0 100.0 roll
2248.0 16000.0 172.0 96.0 100
2424.0 16071.0 24.0 40.0 ,
2560.0 16004.0 116.0 92.0 to
2772.0 15996.0 536.0 104.0 establish
3320.0 16071.0 24.0 36.0 ,
3456.0 16000.0 292.0 100.0 erect
3820.0 15996.0 228.0 104.0 and

1316.0 16119.0 548.0 96.0 maintain
1920.0 16140.0 68.0 80.0 a
2032.0 16111.0 476.0 120.0 hospital
2556.0 16111.0 172.0 100.0 for
2772.0 16111.0 188.0 100.0 the
3008.0 16111.0 564.0 104.0 incurable
3676.0 16119.0 400.0 96.0 Insane

1292.0 16236.0 116.0 96.0 at
1468.0 16227.0 540.0 124.0 Hastings
2016.0 16304.0 28.0 40.0 ,
2100.0 16256.0 228.0 76.0 was
2360.0 16231.0 336.0 100.0 taken
2788.0 16252.0 152.0 96.0 up
2980.0 16231.0 224.0 96.0 and
3280.0 16227.0 512.0 124.0 btrongly
3892.0 16231.0 144.0 100.0 ad-

1288.0 16348.0 464.0 104.0 vocated
1800.0 16348.0 140.0 116.0 by
1988.0 16344.0 204.0 108.0 Mr.
2252.0 16344.0 596.0 104.0 Heartvvell
2860.0 16416.0 28.0 40.0 ,
2944.0 16348.0 256.0 96.0 who
3284.0 16348.0 512.0 124.0 depicted
3888.0 16348.0 188.0 100.0 the

1284.0 16464.0 832.0 104.0 wretchedness
2160.0 16464.0 120.0 96.0 of
2352.0 16464.0 384.0 112.0 neatly
2776.0 16464.0 340.0 96.0 GnOof
3184.0 16460.0 316.0 104.0 these
3604.0 16464.0 468.0 100.0 pitiable

1292.0 16587.0 560.0 92.0 creatures
1900.0 16576.0 392.0 108.0 within
2332.0 16600.0 208.0 80.0 our
2584.0 16576.0 476.0 100.0 borders.
3196.0 16579.0 176.0 100.0 Ho
3456.0 16587.0 352.0 112.0 .spoke
3896.0 16583.0 176.0 96.0 for

1296.0 16699.0 316.0 100.0 those
1680.0 16704.0 248.0 92.0 who
2036.0 16691.0 328.0 104.0 could
2460.0 16704.0 200.0 92.0 not
2784.0 16691.0 536.0 104.0 advocate
3424.0 16699.0 292.0 96.0 their
3816.0 16720.0 252.0 72.0 own

1292.0 16812.0 388.0 104.0 claims
1684.0 16884.0 28.0 40.0 ,
1764.0 16836.0 336.0 88.0 many
2148.0 16812.0 124.0 96.0 of
2336.0 16812.0 360.0 96.0 whom
2748.0 16832.0 284.0 80.0 were
3076.0 16808.0 316.0 112.0 sadly
3488.0 16808.0 584.0 124.0 neglected

1296.0 16928.0 224.0 100.0 and
1572.0 16932.0 108.0 96.0 to
1692.0 16932.0 268.0 116.0 tolly
2004.0 16951.0 80.0 76.0 vv
2116.0 16924.0 360.0 104.0 ithout
2516.0 16947.0 248.0 80.0 care
2812.0 16924.0 224.0 104.0 and
3088.0 16928.0 656.0 112.0 protection.
3824.0 16928.0 192.0 100.0 Fol-

1300.0 17044.0 420.0 116.0 lowing
1764.0 17068.0 184.0 76.0 are
2008.0 17055.0 188.0 88.0 the
2232.0 17044.0 300.0 100.0 chief
2612.0 17044.0 624.0 108.0 piovlslons
3324.0 17044.0 124.0 96.0 of
3524.0 17044.0 188.0 100.0 the
3824.0 17044.0 192.0 100.0 bill
4048.0 17068.0 28.0 80.0 :

1300.0 17155.0 368.0 108.0 "That
1716.0 17159.0 184.0 100.0 the
1944.0 17159.0 240.0 100.0 said
2236.0 17155.0 480.0 128.0 hospital
2768.0 17155.0 172.0 104.0 for
2984.0 17167.0 188.0 92.0 the
3260.0 17155.0 572.0 104.0 Incurable
3916.0 17163.0 168.0 96.0 In-

1296.0 17296.0 276.0 80.0 fitvnu
1636.0 17284.0 116.0 92.0 ot
1820.0 17271.0 576.0 104.0 Nebraska
2436.0 17276.0 288.0 100.0 shall
2764.0 17276.0 132.0 100.0 bo
2960.0 17271.0 224.0 104.0 and
3272.0 17276.0 184.0 100.0 thn
3552.0 17300.0 304.0 76.0 same
3964.0 17276.0 96.0 100.0 Is

1300.0 17388.0 408.0 124.0 hereby
1752.0 17388.0 672.0 104.0 established
2464.0 17396.0 224.0 96.0 and
2796.0 17388.0 428.0 104.0 located
3336.0 17392.0 396.0 100.0 within
3832.0 17392.0 252.0 100.0 four

1296.0 17508.0 328.0 100.0 miles
1684.0 17511.0 120.0 96.0 of
1852.0 17511.0 184.0 96.0 thn
2080.0 17515.0 572.0 100.0 corporate
2696.0 17504.0 352.0 104.0 limits
3092.0 17508.0 124.0 96.0 of
3344.0 17508.0 188.0 100.0 the
3620.0 17508.0 236.0 116.0 city
3956.0 17515.0 116.0 92.0 ot

1304.0 17623.0 584.0 120.0 Hastings.
1984.0 17615.0 272.0 112.0 Xeb.
2272.0 17691.0 24.0 40.0 ,
2408.0 17648.0 148.0 76.0 on
2664.0 17623.0 272.0 96.0 such
3040.0 17623.0 216.0 100.0 slto
3340.0 17648.0 124.0 76.0 as
3588.0 17648.0 256.0 96.0 may
3952.0 17627.0 128.0 96.0 bo

1296.0 17739.0 460.0 100.0 deemed
1808.0 17719.0 184.0 120.0 the
2024.0 17743.0 292.0 96.0 most
2352.0 17739.0 520.0 108.0 practical
2972.0 17739.0 136.0 120.0 by
3220.0 17735.0 188.0 100.0 the
3512.0 17731.0 344.0 108.0 board
3960.0 17739.0 128.0 100.0 of

1300.0 17856.0 368.0 116.0 public
1716.0 17856.0 328.0 100.0 lands
2080.0 17856.0 228.0 100.0 and
2376.0 17856.0 568.0 104.0 buildings
2968.0 17879.0 28.0 72.0 :
3120.0 17852.0 524.0 120.0 provided
3660.0 17927.0 24.0 44.0 ,
3784.0 17856.0 248.0 100.0 how-

1292.0 17995.0 264.0 80.0 ever
1556.0 18047.0 28.0 40.0 ,
1640.0 17972.0 240.0 100.0 that
1920.0 17972.0 244.0 104.0 said
2208.0 17972.0 232.0 108.0 city
2480.0 17972.0 120.0 96.0 of
2668.0 17968.0 548.0 112.0 Hastings
3264.0 17972.0 284.0 100.0 shall
3656.0 17968.0 412.0 104.0 donate

1296.0 18091.0 112.0 96.0 to
1456.0 18083.0 184.0 104.0 the
1684.0 18091.0 288.0 96.0 state
2020.0 18087.0 124.0 100.0 of
2208.0 18083.0 576.0 104.0 Xebiaska
2864.0 18116.0 68.0 72.0 a
3020.0 18091.0 280.0 96.0 tiact
3404.0 18087.0 676.0 104.0 containing

1292.0 18207.0 200.0 96.0 not
1540.0 18199.0 216.0 104.0 less
1804.0 18207.0 268.0 96.0 than
2120.0 18203.0 176.0 104.0 IfiO
2336.0 18228.0 308.0 76.0 acres
2748.0 18199.0 124.0 96.0 of
2992.0 18199.0 288.0 116.0 good
3392.0 18199.0 268.0 104.0 land
3768.0 18224.0 296.0 92.0 upon

1288.0 18320.0 368.0 100.0 which
1704.0 18328.0 116.0 92.0 to
1864.0 18324.0 352.0 100.0 locate
2256.0 18315.0 192.0 104.0 tl.c
2492.0 18315.0 240.0 100.0 said
2784.0 18315.0 644.0 100.0 Institution
3444.0 18388.0 28.0 52.0 ,
3520.0 18315.0 224.0 104.0 and
3800.0 18320.0 88.0 100.0 it
3980.0 18324.0 100.0 96.0 Is

1292.0 18432.0 408.0 104.0 herebv
1736.0 18440.0 324.0 96.0 made
2100.0 18436.0 192.0 100.0 the
2336.0 18436.0 276.0 112.0 duty
2656.0 18444.0 120.0 84.0 ot
2820.0 18436.0 192.0 96.0 the
3056.0 18440.0 516.0 112.0 attoincy
3620.0 18440.0 456.0 112.0 general

1300.0 18555.0 116.0 92.0 to
1460.0 18571.0 184.0 76.0 sco
1688.0 18548.0 244.0 100.0 that
1972.0 18571.0 72.0 80.0 a
2124.0 18548.0 284.0 124.0 good
2516.0 18544.0 228.0 104.0 and
2848.0 18548.0 560.0 100.0 sufliclont
3512.0 18559.0 564.0 92.0 warranty

1300.0 18659.0 276.0 100.0 deed
1632.0 18659.0 92.0 104.0 U
1760.0 18663.0 324.0 100.0 made
2144.0 18652.0 116.0 108.0 to
2340.0 18659.0 192.0 96.0 the
2612.0 18663.0 288.0 96.0 state
2984.0 18667.0 176.0 92.0 for
3260.0 18659.0 244.0 100.0 bald
3600.0 18671.0 284.0 92.0 tiact
3964.0 18663.0 124.0 96.0 of

1300.0 18775.0 280.0 100.0 land
1628.0 18800.0 120.0 76.0 as
1788.0 18796.0 272.0 80.0 soon
2112.0 18804.0 120.0 72.0 as
2280.0 18775.0 188.0 100.0 the
2512.0 18796.0 304.0 76.0 same
2864.0 18775.0 92.0 96.0 Is
3000.0 18771.0 492.0 104.0 donated
3596.0 18775.0 224.0 100.0 and
3900.0 18779.0 188.0 96.0 the

1304.0 18887.0 492.0 128.0 hospital
1860.0 18887.0 432.0 104.0 located
2400.0 18896.0 616.0 132.0 thereupon
3052.0 18912.0 28.0 96.0 ;
3160.0 18887.0 536.0 124.0 provided
3708.0 18964.0 24.0 32.0 ,
3840.0 18892.0 244.0 100.0 that

1308.0 18983.0 408.0 124.0 should
1760.0 19004.0 244.0 104.0 said
2044.0 19008.0 224.0 116.0 city
2320.0 19008.0 120.0 96.0 of
2512.0 19000.0 552.0 120.0 Hastings
3152.0 18987.0 200.0 116.0 fail
3460.0 19008.0 116.0 96.0 to
3676.0 19004.0 416.0 104.0 donate

1304.0 19120.0 248.0 104.0 said
1600.0 19123.0 516.0 120.0 quantity
2168.0 19120.0 120.0 96.0 of
2336.0 19116.0 264.0 104.0 land
2648.0 19143.0 120.0 72.0 as
2816.0 19116.0 388.0 104.0 heieln
3260.0 19120.0 828.0 124.0 contemplated

1300.0 19264.0 152.0 76.0 on
1504.0 19260.0 128.0 76.0 or
1680.0 19235.0 372.0 100.0 before
2096.0 19235.0 184.0 100.0 thn
2320.0 19235.0 232.0 100.0 first
2596.0 19231.0 216.0 116.0 day
2856.0 19235.0 124.0 96.0 of
3076.0 19231.0 312.0 100.0 June
3392.0 19308.0 24.0 40.0 ,
3536.0 19239.0 112.0 92.0 ls
3652.0 19256.0 52.0 56.0 >
3712.0 19220.0 80.0 124.0 t.
3904.0 19239.0 192.0 96.0 the

1308.0 19351.0 244.0 104.0 said
1604.0 19351.0 336.0 100.0 board
1992.0 19347.0 276.0 104.0 shall
2320.0 19360.0 112.0 92.0 at
2476.0 19376.0 280.0 76.0 once
2792.0 19355.0 460.0 112.0 proceed
3304.0 19360.0 112.0 92.0 to
3460.0 19347.0 352.0 104.0 locate
3848.0 19355.0 244.0 100.0 said

1312.0 19468.0 484.0 124.0 hospital
1852.0 19468.0 172.0 104.0 for
2068.0 19472.0 188.0 96.0 the
2300.0 19487.0 400.0 80.0 insane
2748.0 19472.0 112.0 92.0 at
2908.0 19468.0 268.0 96.0 such
3228.0 19468.0 312.0 120.0 place
3580.0 19491.0 124.0 76.0 as
3808.0 19468.0 288.0 104.0 shall

1304.0 19584.0 444.0 124.0 comply
1796.0 19584.0 264.0 104.0 with
2112.0 19584.0 184.0 100.0 tha
2348.0 19584.0 800.0 100.0 requirements
3192.0 19584.0 128.0 96.0 of
3364.0 19584.0 224.0 100.0 this
3624.0 19599.0 424.0 84.0 section
4060.0 19655.0 28.0 44.0 ,

1308.0 19699.0 232.0 108.0 and
1584.0 19724.0 124.0 76.0 as
1768.0 19699.0 248.0 108.0 said
2064.0 19699.0 332.0 100.0 board
2444.0 19695.0 284.0 104.0 shall
2828.0 19699.0 320.0 100.0 deem
3240.0 19703.0 292.0 96.0 most
3632.0 19699.0 424.0 104.0 advant-

32.0 19368.0 704.0 1024.0 T
1308.0 19840.0 412.0 92.0 ageous
1824.0 19823.0 116.0 92.0 to
2044.0 19815.0 188.0 100.0 the
2340.0 19815.0 520.0 100.0 Interests
2908.0 19815.0 124.0 100.0 of
3096.0 19815.0 188.0 100.0 the
3368.0 19815.0 336.0 100.0 state.
3836.0 19819.0 248.0 96.0 'Ihe

1308.0 19955.0 248.0 84.0 eum
1604.0 19932.0 124.0 100.0 of
1784.0 19940.0 724.0 112.0 seTcnty-hvo
2572.0 19932.0 560.0 100.0 thousand
3252.0 19932.0 496.0 120.0 (575,000)
3252.0 19940.0 32.0 112.0 (
3716.0 19936.0 32.0 112.0 )
3868.0 19932.0 184.0 104.0 dollars

1308.0 20048.0 228.0 104.0 lars
1588.0 20048.0 128.0 104.0 be
1756.0 20048.0 228.0 104.0 and
2032.0 20052.0 188.0 96.0 the
2264.0 20071.0 304.0 76.0 same
2632.0 20052.0 92.0 96.0 Is
2816.0 20048.0 404.0 112.0 hereby
3308.0 20048.0 780.0 140.0 appropriated

1304.0 20183.0 200.0 84.0 out
1544.0 20167.0 120.0 96.0 of
1716.0 20160.0 188.0 108.0 the
1936.0 20167.0 288.0 100.0 state
2268.0 20148.0 452.0 136.0 general
2772.0 20167.0 280.0 96.0 fund
3108.0 20163.0 176.0 100.0 for
3324.0 20148.0 192.0 120.0 the
3620.0 20187.0 476.0 96.0 purpose

1304.0 20283.0 124.0 100.0 of
1492.0 20283.0 500.0 108.0 erecting
2036.0 20283.0 188.0 100.0 the
2264.0 20304.0 584.0 84.0 necessary
2896.0 20279.0 600.0 100.0 bulldlncs.
3512.0 20275.0 68.0 60.0 "

1424.0 20400.0 204.0 100.0 Mr.
1680.0 20395.0 500.0 116.0 Sterling
2224.0 20395.0 388.0 104.0 moved
2660.0 20404.0 112.0 96.0 to
2820.0 20400.0 404.0 100.0 amend
3296.0 20387.0 240.0 112.0 that
3620.0 20395.0 188.0 104.0 the
3916.0 20395.0 112.0 104.0 In-

1300.0 20512.0 516.0 104.0 stitution
1908.0 20520.0 28.0 92.0 t
1948.0 20543.0 28.0 60.0 >
2104.0 20499.0 468.0 116.0 located
2680.0 20520.0 112.0 96.0 at
2908.0 20512.0 472.0 104.0 Lincoln
3492.0 20539.0 300.0 96.0 upon
3908.0 20516.0 188.0 100.0 the

1304.0 20631.0 496.0 112.0 grounds
1844.0 20628.0 524.0 128.0 adjacent
2412.0 20639.0 112.0 92.0 to
2612.0 20631.0 188.0 100.0 the
2904.0 20631.0 584.0 100.0 Nebraska
3596.0 20631.0 488.0 124.0 hospital

1308.0 20755.0 176.0 92.0 for
1528.0 20747.0 112.0 100.0 th
1760.0 20755.0 404.0 96.0 insane
2168.0 20824.0 28.0 40.0 ,
2244.0 20747.0 228.0 104.0 and
2520.0 20747.0 116.0 100.0 In
2724.0 20747.0 468.0 116.0 moving
3280.0 20747.0 144.0 100.0 Its
3532.0 20751.0 536.0 120.0 adoption

1308.0 20859.0 140.0 100.0 he
1492.0 20863.0 236.0 100.0 said
1776.0 20863.0 236.0 104.0 that
2076.0 20868.0 188.0 96.0 the
2352.0 20859.0 540.0 124.0 proposed
2984.0 20863.0 648.0 104.0 institution
3744.0 20868.0 336.0 104.0 could

1312.0 20976.0 132.0 100.0 be
1548.0 20976.0 280.0 104.0 built
1912.0 20980.0 224.0 100.0 and
2212.0 20980.0 692.0 104.0 maintained
2952.0 20988.0 112.0 92.0 at
3108.0 21007.0 68.0 76.0 a
3220.0 20991.0 312.0 108.0 great
3576.0 20980.0 248.0 108.0 deal
3872.0 20984.0 224.0 104.0 less

1308.0 21115.0 488.0 92.0 expense
1840.0 21095.0 116.0 96.0 to
2000.0 21092.0 188.0 104.0 thu
2228.0 21103.0 320.0 96.0 state.

1432.0 21211.0 208.0 100.0 Mr.
1700.0 21203.0 292.0 104.0 Kent
2036.0 21207.0 452.0 104.0 favored
2564.0 21203.0 544.0 124.0 Hastings
3152.0 21207.0 676.0 128.0 principally
3916.0 21211.0 176.0 108.0 be-

1312.0 21348.0 328.0 76.0 cau-'O
1688.0 21323.0 380.0 100.0 Grand
2124.0 21323.0 376.0 100.0 Island
2564.0 21331.0 188.0 112.0 got
2840.0 21327.0 188.0 100.0 the
3128.0 21327.0 508.0 104.0 soldiers'
3752.0 21327.0 328.0 104.0 homo

1316.0 21440.0 228.0 100.0 and
1588.0 21435.0 464.0 100.0 because
2132.0 21440.0 188.0 100.0 thn
2404.0 21444.0 344.0 108.0 houe
2852.0 21440.0 216.0 104.0 had
3172.0 21444.0 404.0 104.0 almost
3684.0 21452.0 356.0 96.0 unani-

1320.0 21552.0 440.0 120.0 mously
1808.0 21552.0 392.0 124.0 passed
2252.0 21552.0 184.0 104.0 the
2484.0 21552.0 232.0 104.0 bill.

1436.0 21667.0 204.0 104.0 Mr.
1692.0 21656.0 488.0 132.0 Keckley
2220.0 21671.0 488.0 132.0 opposed
2752.0 21667.0 188.0 100.0 the
2988.0 21671.0 560.0 124.0 tendency
3632.0 21675.0 124.0 100.0 of
3860.0 21675.0 240.0 100.0 dot-

1312.0 21783.0 176.0 104.0 tin
1504.0 21816.0 60.0 80.0 *
1616.0 21783.0 184.0 100.0 thu
1864.0 21791.0 284.0 92.0 state
2224.0 21787.0 268.0 100.0 with
2572.0 21783.0 268.0 100.0 such
2940.0 21787.0 744.0 100.0 institutions.
3820.0 21795.0 280.0 96.0 Un-

1324.0 21903.0 244.0 104.0 jolu
1628.0 21927.0 228.0 76.0 was
1900.0 21899.0 188.0 104.0 the
2136.0 21899.0 308.0 120.0 place
2528.0 21895.0 336.0 108.0 bcciu
2936.0 21927.0 60.0 72.0 o
3080.0 21899.0 192.0 100.0 the
3372.0 21912.0 292.0 92.0 Mate
3768.0 21903.0 340.0 104.0 boaid

1268.0 22068.0 28.0 40.0 .
1316.0 22076.0 20.0 40.0 ,
1332.0 22095.0 36.0 24.0 .
1380.0 22039.0 140.0 76.0 011
1536.0 22012.0 108.0 108.0 Id
1692.0 22016.0 332.0 104.0 much
2072.0 22016.0 348.0 100.0 better
2464.0 22016.0 564.0 104.0 si'i'ervbo
3072.0 22016.0 188.0 100.0 the
3312.0 22016.0 428.0 104.0 bulldln
3760.0 22047.0 60.0 76.0 ?
3868.0 22024.0 228.0 100.0 and

1292.0 22132.0 508.0 104.0 conduct
1844.0 22132.0 124.0 100.0 of
2012.0 22132.0 188.0 100.0 the
2288.0 22132.0 632.0 104.0 Institution
2936.0 22203.0 24.0 28.0 ,
3096.0 22132.0 360.0 120.0 livery
3544.0 22135.0 268.0 100.0 such
3924.0 22159.0 188.0 76.0 en-

1312.0 22247.0 480.0 120.0 torprbo
1876.0 22247.0 428.0 104.0 located
2372.0 22247.0 440.0 100.0 outside
2876.0 22247.0 124.0 100.0 of
3088.0 22259.0 188.0 88.0 the
3380.0 22247.0 412.0 120.0 capital
3892.0 22272.0 180.0 84.0 clo-

1312.0 22363.0 264.0 104.0 uted
1672.0 22392.0 64.0 72.0 a
1824.0 22363.0 596.0 116.0 precedent
2524.0 22363.0 364.0 104.0 vv'ilch
3008.0 22359.0 368.0 104.0 would
3480.0 22392.0 412.0 76.0 sooner
3988.0 22392.0 124.0 80.0 or

1308.0 22488.0 292.0 96.0 siter
1644.0 22480.0 560.0 124.0 bankrupt
2248.0 22480.0 184.0 100.0 the
2472.0 22488.0 288.0 92.0 stnto
2800.0 22496.0 536.0 108.0 treastny.

1436.0 22596.0 204.0 104.0 Mr.
1708.0 22596.0 492.0 104.0 Kobbins
2244.0 22600.0 412.0 100.0 started
2704.0 22607.0 196.0 92.0 out
2952.0 22600.0 272.0 100.0 vvitli
3272.0 22603.0 188.0 92.0 the
3504.0 22596.0 176.0 104.0 old
3732.0 22600.0 380.0 100.0 chpst-

1356.0 22723.0 172.0 92.0 uit
1556.0 22740.0 28.0 76.0 :
1656.0 22715.0 812.0 120.0 "Consistency
2556.0 22723.0 264.0 92.0 thou
2888.0 22723.0 172.0 92.0 art
3132.0 22740.0 64.0 72.0 a
3296.0 22711.0 368.0 124.0 jewel.
3676.0 22711.0 64.0 56.0 "
3868.0 22715.0 244.0 104.0 The

1308.0 22831.0 656.0 132.0 gentleman
2076.0 22831.0 220.0 100.0 had
2376.0 22831.0 588.0 120.0 yesterday
3032.0 22835.0 332.0 96.0 voted
3412.0 22831.0 172.0 104.0 for
3628.0 22831.0 272.0 104.0 such
3948.0 22856.0 148.0 80.0 an

1316.0 22948.0 648.0 104.0 institution
2000.0 22952.0 116.0 100.0 at
2164.0 22956.0 40.0 92.0 (
2220.0 22943.0 328.0 108.0 fraud
2600.0 22943.0 436.0 104.0 Island.

1436.0 23064.0 204.0 108.0 Mr.
1724.0 23064.0 488.0 112.0 KecKley
2332.0 23064.0 244.0 104.0 The
2656.0 23087.0 320.0 76.0 cases
3056.0 23083.0 184.0 76.0 are
3344.0 23064.0 200.0 100.0 not
3616.0 23060.0 492.0 112.0 parallel.

1308.0 23175.0 248.0 104.0 The
1600.0 23183.0 500.0 104.0 soldiers'
2152.0 23187.0 328.0 96.0 home
2528.0 23179.0 92.0 104.0 Is
2684.0 23175.0 568.0 128.0 proposed
3336.0 23199.0 144.0 76.0 on
3592.0 23179.0 188.0 100.0 the
3888.0 23187.0 176.0 96.0 cot-

1316.0 23299.0 260.0 112.0 tage
1624.0 23295.0 252.0 124.0 plan
1896.0 23372.0 24.0 44.0 ,
1968.0 23299.0 228.0 104.0 and
2244.0 23324.0 116.0 76.0 in
2412.0 23295.0 188.0 104.0 the
2648.0 23320.0 264.0 96.0 very
2964.0 23299.0 412.0 96.0 nature
3416.0 23291.0 128.0 100.0 of
3608.0 23303.0 192.0 92.0 the
3860.0 23324.0 252.0 76.0 case

1320.0 23411.0 248.0 96.0 that
1692.0 23415.0 364.0 100.0 would
2160.0 23415.0 132.0 96.0 be
2396.0 23411.0 836.0 124.0 impracticable
3328.0 23420.0 120.0 92.0 at
3572.0 23407.0 528.0 108.0 Lincoln.

1324.0 23519.0 776.0 108.0 Furthermore
2108.0 23595.0 28.0 44.0 ,
2184.0 23532.0 184.0 96.0 the
2416.0 23532.0 460.0 104.0 soldiers
2928.0 23528.0 448.0 104.0 wanted
3428.0 23532.0 88.0 96.0 it
3560.0 23539.0 116.0 88.0 at
3720.0 23528.0 392.0 104.0 Cirand

1332.0 23632.0 440.0 112.0 Island.

1448.0 23751.0 244.0 104.0 The
1732.0 23755.0 724.0 104.0 amendment
2500.0 23759.0 120.0 96.0 of
2668.0 23755.0 204.0 108.0 Mr.
2920.0 23755.0 508.0 120.0 Sterling
3512.0 23784.0 236.0 80.0 was
3856.0 23759.0 220.0 104.0 lost
4084.0 23836.0 28.0 40.0 ,

1328.0 23863.0 676.0 124.0 whereupon
2056.0 23871.0 184.0 96.0 the
2304.0 23875.0 632.0 100.0 committee
3020.0 23879.0 860.0 104.0 iccoiumeiided
3932.0 23879.0 180.0 104.0 the

1344.0 23979.0 200.0 104.0 bill
1596.0 23983.0 168.0 100.0 for
1808.0 24007.0 496.0 100.0 passage.

1468.0 24096.0 220.0 104.0 Mr.
1752.0 24096.0 532.0 116.0 Wright's
2332.0 24096.0 188.0 108.0 bill
2576.0 24096.0 352.0 120.0 fixing
2972.0 24127.0 512.0 80.0 ransoms
3532.0 24108.0 176.0 104.0 for
3752.0 24111.0 360.0 124.0 scalps

1332.0 24212.0 128.0 100.0 of
1500.0 24212.0 420.0 100.0 certain
1976.0 24212.0 256.0 100.0 wild
2280.0 24215.0 484.0 100.0 animals
2812.0 24243.0 228.0 72.0 was
3080.0 24223.0 692.0 104.0 considered.

1460.0 24323.0 208.0 104.0 Mr.
1728.0 24323.0 292.0 108.0 Linn
2072.0 24331.0 412.0 96.0 ottered
2532.0 24351.0 144.0 80.0 an
2728.0 24347.0 724.0 88.0 amendment
3500.0 24351.0 116.0 84.0 to
3664.0 24339.0 448.0 104.0 Include

1340.0 24451.0 232.0 92.0 rats
1616.0 24447.0 112.0 96.0 at
1760.0 24447.0 60.0 92.0 5
1860.0 24455.0 316.0 92.0 cents
2184.0 24516.0 28.0 48.0 ,
2264.0 24443.0 192.0 104.0 but
2504.0 24451.0 184.0 96.0 the
2732.0 24447.0 636.0 104.0 committee
3408.0 24447.0 196.0 108.0 did
3656.0 24468.0 196.0 92.0 not
3900.0 24468.0 164.0 92.0 rat

1340.0 24559.0 172.0 124.0 ify
1560.0 24555.0 124.0 108.0 It.

1456.0 24679.0 336.0 100.0 Alter
1868.0 24668.0 596.0 128.0 Indulging
2556.0 24676.0 116.0 104.0 In
2744.0 24707.0 64.0 72.0 a
2896.0 24676.0 288.0 108.0 little
3272.0 24676.0 648.0 124.0 pleasantry
4004.0 24691.0 108.0 100.0 at

1336.0 24787.0 192.0 108.0 the
1572.0 24815.0 496.0 96.0 expense
2108.0 24795.0 116.0 96.0 of
2296.0 24795.0 184.0 100.0 the
2512.0 24795.0 188.0 104.0 bill
2716.0 24867.0 24.0 48.0 ,
2780.0 24799.0 188.0 100.0 the
3020.0 24807.0 636.0 96.0 committee
3712.0 24824.0 400.0 84.0 rccoiii-

1336.0 24907.0 488.0 104.0 luunded
1872.0 24907.0 188.0 100.0 the
2104.0 24903.0 192.0 104.0 bill
2364.0 24919.0 116.0 88.0 to
2540.0 24936.0 288.0 96.0 pass.

1460.0 25019.0 384.0 104.0 llousn
1892.0 25019.0 420.0 108.0 rolUK'J
2316.0 25095.0 28.0 40.0 ,
2404.0 25023.0 648.0 108.0 introduced
3128.0 25027.0 144.0 128.0 by
3320.0 25027.0 208.0 108.0 Mr.
3604.0 25023.0 456.0 112.0 Watson
4080.0 25103.0 24.0 48.0 ,

1340.0 25159.0 236.0 80.0 was
1620.0 25140.0 340.0 100.0 taken
2068.0 25147.0 180.0 100.0 Up.
2384.0 25136.0 96.0 108.0 It
2588.0 25144.0 396.0 104.0 relates
3092.0 25155.0 112.0 92.0 to
3280.0 25147.0 192.0 100.0 the
3548.0 25144.0 540.0 124.0 purchase
4088.0 25219.0 24.0 44.0 ,

1344.0 25251.0 164.0 104.0 Ica
1576.0 25275.0 60.0 76.0 e
1680.0 25255.0 224.0 100.0 and
1952.0 25279.0 36.0 68.0 *
1988.0 25303.0 16.0 32.0 >
2008.0 25251.0 176.0 100.0 ale
2228.0 25251.0 120.0 100.0 of
2412.0 25255.0 540.0 104.0 railroads
3000.0 25259.0 116.0 104.0 In
3196.0 25259.0 420.0 104.0 certain
3656.0 25287.0 344.0 80.0 cases.

1460.0 25367.0 204.0 104.0 Mr.
1736.0 25363.0 496.0 108.0 Sterling
2320.0 25375.0 484.0 116.0 opposed
2892.0 25375.0 188.0 104.0 the
3184.0 25379.0 192.0 100.0 bill
3484.0 25379.0 468.0 100.0 bcc-auso
4040.0 25375.0 72.0 104.0 II

1340.0 25483.0 372.0 100.0 would
1756.0 25483.0 400.0 104.0 enable
2204.0 25479.0 184.0 108.0 the
2436.0 25483.0 464.0 108.0 railroad
2912.0 25515.0 52.0 76.0 *
3012.0 25508.0 112.0 84.0 to
3208.0 25495.0 260.0 100.0 take
3512.0 25495.0 432.0 100.0 control
3992.0 25495.0 120.0 100.0 of

1344.0 25599.0 288.0 104.0 their
1676.0 25599.0 292.0 104.0 lines
2016.0 25604.0 140.0 116.0 by
2200.0 25623.0 392.0 80.0 reason
2628.0 25608.0 124.0 96.0 of
2800.0 25608.0 816.0 124.0 Incorporation
3660.0 25612.0 116.0 100.0 in
3812.0 25612.0 300.0 100.0 othei

1344.0 25727.0 224.0 88.0 stnt
1636.0 25743.0 224.0 72.0 sso
1904.0 25716.0 244.0 104.0 that
2196.0 25727.0 260.0 112.0 they
2496.0 25719.0 344.0 116.0 might
2876.0 25723.0 132.0 96.0 be
3044.0 25723.0 420.0 104.0 treated
3512.0 25751.0 128.0 76.0 as
3684.0 25735.0 428.0 100.0 foreign

1344.0 25831.0 380.0 104.0 bc.dlen
1776.0 25835.0 112.0 96.0 In
1940.0 25855.0 252.0 76.0 case
2236.0 25831.0 124.0 100.0 of
2424.0 25831.0 600.0 120.0 litigation.
3128.0 25835.0 96.0 104.0 It
3272.0 25864.0 232.0 76.0 was.
3544.0 25843.0 236.0 116.0 just
3828.0 25843.0 284.0 100.0 what

1340.0 25951.0 272.0 116.0 they
1664.0 25947.0 476.0 104.0 wanted.
2280.0 25947.0 100.0 100.0 If
2468.0 25951.0 264.0 120.0 they
2796.0 25976.0 284.0 80.0 weie
3128.0 25955.0 444.0 112.0 foreign
3616.0 25983.0 464.0 96.0 corpora-

1344.0 26059.0 312.0 108.0 tions
1700.0 26063.0 256.0 120.0 they
2044.0 26059.0 320.0 108.0 could
2416.0 26063.0 260.0 104.0 take
2728.0 26067.0 436.0 100.0 actions
3200.0 26080.0 196.0 92.0 out
3440.0 26076.0 124.0 92.0 of
3608.0 26076.0 184.0 96.0 the
3836.0 26080.0 272.0 96.0 state

1340.0 26199.0 376.0 84.0 courts
1764.0 26203.0 152.0 100.0 up
2008.0 26184.0 116.0 96.0 to
2176.0 26184.0 188.0 100.0 the
2420.0 26176.0 420.0 112.0 United
2884.0 26184.0 376.0 100.0 States
3300.0 26191.0 372.0 96.0 courts
3680.0 26263.0 28.0 40.0 ,
3760.0 26191.0 348.0 100.0 where

1336.0 26295.0 740.0 124.0 thayalttnj.s
2144.0 26323.0 176.0 92.0 go.
2408.0 26295.0 232.0 104.0 and
2744.0 26299.0 80.0 100.0 U
2876.0 26299.0 92.0 100.0 Is
3012.0 26299.0 640.0 104.0 distasteful
3740.0 26307.0 116.0 96.0 to
3940.0 26315.0 168.0 88.0 tin

1336.0 26411.0 400.0 132.0 pttiple
1784.0 26411.0 116.0 104.0 in
1948.0 26407.0 448.0 128.0 general
2492.0 26436.0 80.0 80.0 w
2604.0 26419.0 136.0 96.0 ho
2828.0 26411.0 284.0 104.0 have
3192.0 26419.0 508.0 100.0 occasion
3756.0 26431.0 116.0 88.0 to
3916.0 26415.0 172.0 104.0 Iltl

380.0 26311.0 228.0 608.0 t.
1336.0 26548.0 260.0 96.0 gate
1640.0 26527.0 268.0 104.0 with
1956.0 26555.0 188.0 80.0 cor
2152.0 26555.0 32.0 100.0 |
2196.0 26559.0 28.0 52.0 >
2220.0 26527.0 500.0 100.0 orations
2764.0 26531.0 116.0 100.0 to
2928.0 26531.0 280.0 100.0 have
3252.0 26535.0 116.0 96.0 to
3416.0 26555.0 140.0 80.0 tco
3604.0 26535.0 240.0 100.0 Into
3932.0 26535.0 176.0 100.0 the

1336.0 26644.0 440.0 112.0 United
1820.0 26652.0 376.0 100.0 Slates
2236.0 26659.0 376.0 88.0 uniru
2656.0 26655.0 116.0 88.0 to
2812.0 26644.0 316.0 100.0 doo.
3132.0 26715.0 32.0 32.0 .
3356.0 26635.0 172.0 112.0 He
3584.0 26671.0 224.0 80.0 was
3920.0 26663.0 188.0 88.0 not

576.0 26856.0 32.0 48.0 .
1336.0 26763.0 496.0 108.0 taturabl
1848.0 26791.0 44.0 92.0 )
1968.0 26767.0 608.0 124.0 impressed
2632.0 26759.0 268.0 104.0 with
2952.0 26759.0 184.0 104.0 the
3188.0 26783.0 540.0 80.0 measure.

1460.0 26879.0 200.0 108.0 Mr.
1724.0 26879.0 368.0 108.0 Fuller
2172.0 26879.0 476.0 128.0 thought
2732.0 26879.0 192.0 104.0 the
3008.0 26871.0 196.0 108.0 bill
3272.0 26887.0 116.0 88.0 to
3436.0 26875.0 132.0 100.0 be
3672.0 26904.0 68.0 76.0 a
3824.0 26875.0 224.0 104.0 dan-

1348.0 27016.0 392.0 88.0 gerous
1840.0 27023.0 248.0 80.0 one.
2276.0 26995.0 368.0 108.0 Theie
2740.0 27016.0 228.0 80.0 WAS
3076.0 26991.0 488.0 124.0 nothing
3668.0 26995.0 116.0 100.0 In
3860.0 26995.0 88.0 100.0 It
4024.0 26999.0 84.0 96.0 tt

1340.0 27131.0 132.0 116.0 yo
1596.0 27131.0 28.0 96.0 |
1640.0 27139.0 72.0 64.0 *
1808.0 27120.0 312.0 96.0 tiieso
2168.0 27112.0 436.0 120.0 foreign
2676.0 27131.0 476.0 100.0 compmn
3204.0 27135.0 120.0 72.0 es
3372.0 27112.0 120.0 100.0 In
3604.0 27112.0 472.0 112.0 purchas-

1356.0 27216.0 204.0 108.0 ing
1608.0 27235.0 312.0 96.0 Uiutt
1956.0 27231.0 380.0 108.0 stocks
2432.0 27247.0 116.0 92.0 to
2612.0 27231.0 448.0 100.0 become
3152.0 27224.0 768.0 112.0 carporatlous
4012.0 27227.0 96.0 100.0 It

1352.0 27339.0 32.0 88.0 I
1408.0 27335.0 168.0 96.0 hit
1612.0 27343.0 288.0 96.0 state
1904.0 27411.0 28.0 44.0 ,
1980.0 27347.0 224.0 104.0 and
2256.0 27351.0 84.0 100.0 It
2384.0 27347.0 556.0 128.0 appeared
3016.0 27339.0 248.0 112.0 that
3312.0 27339.0 96.0 108.0 If
3464.0 27367.0 64.0 76.0 a
3572.0 27339.0 232.0 104.0 stilt
3848.0 27363.0 260.0 80.0 wen

1352.0 27443.0 468.0 116.0 bnuulit
1924.0 27471.0 440.0 92.0 axauist
2488.0 27476.0 240.0 92.0 that
2836.0 27463.0 440.0 116.0 foreign
3408.0 27459.0 700.0 112.0 corporation

2184.0 27580.0 228.0 100.0 this
2492.0 27580.0 460.0 120.0 etate.lt
3044.0 27575.0 372.0 104.0 would
3464.0 27575.0 644.0 120.0 nrccssarllj

1344.0 27679.0 288.0 104.0 have
1680.0 27692.0 112.0 88.0 to
1832.0 27707.0 140.0 92.0 go
2016.0 27688.0 240.0 104.0 into
2300.0 27695.0 188.0 104.0 the
2536.0 27692.0 92.0 108.0 U
2652.0 27695.0 312.0 104.0 nited
3008.0 27695.0 372.0 104.0 Stated
3420.0 27715.0 376.0 88.0 courts
3792.0 27759.0 36.0 40.0 ,
3956.0 27692.0 152.0 104.0 ill

1348.0 27811.0 240.0 88.0 was
1632.0 27796.0 552.0 108.0 therefore
2224.0 27811.0 492.0 120.0 opposed
2772.0 27815.0 120.0 104.0 to
2936.0 27811.0 132.0 108.0 It.

1460.0 27907.0 184.0 116.0 Mr
1648.0 27979.0 28.0 48.0 ,
1732.0 27907.0 492.0 192.0 lobbies
2268.0 27919.0 244.0 116.0 gald
2752.0 27948.0 72.0 112.0 p
2892.0 27927.0 220.0 112.0 cUl
3152.0 27927.0 220.0 116.0 Uw
3416.0 27923.0 120.0 116.0 to
3580.0 27923.0 336.0 132.0 brlig
3984.0 27923.0 104.0 108.0 al

4156.0 2608.0 188.0 108.0 the
4524.0 2608.0 260.0 104.0 road
4808.0 2632.0 44.0 80.0 )
5036.0 2604.0 396.0 112.0 within
5564.0 2612.0 192.0 108.0 the
5936.0 2616.0 716.0 140.0 jurisdiction
6840.0 2620.0 120.0 96.0 of

4160.0 2732.0 184.0 96.0 the
4588.0 2736.0 288.0 88.0 state
5060.0 2740.0 372.0 92.0 courts
5676.0 2728.0 372.0 108.0 would
6236.0 2732.0 132.0 104.0 be
6556.0 2756.0 404.0 104.0 proper

4160.0 2856.0 112.0 88.0 to
4320.0 2864.0 284.0 100.0 pass.
4744.0 2840.0 168.0 104.0 He
4964.0 2840.0 680.0 108.0 undcratooii
5720.0 2856.0 240.0 96.0 that
6008.0 2856.0 112.0 96.0 to
6164.0 2848.0 136.0 100.0 be
6352.0 2844.0 184.0 104.0 the
6584.0 2844.0 372.0 120.0 object

4156.0 2960.0 124.0 96.0 of
4328.0 2968.0 184.0 92.0 thu
4564.0 2952.0 184.0 108.0 bill
4768.0 3028.0 24.0 44.0 ,
4848.0 2960.0 364.0 104.0 which
5264.0 2960.0 596.0 124.0 especially
5960.0 2960.0 516.0 132.0 provides
6528.0 2968.0 176.0 100.0 for
6752.0 2992.0 176.0 76.0 ser-

4164.0 3072.0 236.0 104.0 vice
4508.0 3096.0 300.0 84.0 upon
4924.0 3076.0 144.0 104.0 Its
5176.0 3092.0 428.0 92.0 agents.
5796.0 3064.0 208.0 120.0 Tin
6016.0 3108.0 24.0 72.0 )
6152.0 3080.0 192.0 104.0 bill
6452.0 3084.0 188.0 100.0 did
6756.0 3088.0 200.0 92.0 nrt

4160.0 3200.0 452.0 112.0 exempt
4656.0 3188.0 296.0 104.0 them
5012.0 3196.0 284.0 96.0 from
5380.0 3184.0 552.0 112.0 taxation.
6072.0 3192.0 100.0 108.0 It
6248.0 3196.0 368.0 104.0 would
6708.0 3200.0 252.0 108.0 give

4164.0 3304.0 304.0 104.0 them
4552.0 3312.0 184.0 96.0 the
4784.0 3304.0 300.0 112.0 right
5128.0 3320.0 112.0 88.0 to
5288.0 3308.0 304.0 104.0 build
5608.0 3380.0 24.0 44.0 ,
5728.0 3308.0 540.0 112.0 purchase
6356.0 3312.0 224.0 100.0 and
6676.0 3316.0 164.0 96.0 lca
6912.0 3340.0 60.0 76.0 c-

4168.0 3424.0 292.0 104.0 lines
4512.0 3416.0 112.0 104.0 in
4680.0 3428.0 184.0 96.0 the
4944.0 3432.0 284.0 96.0 state
5280.0 3424.0 112.0 104.0 In
5448.0 3424.0 288.0 108.0 their
5820.0 3452.0 256.0 76.0 own
6156.0 3452.0 384.0 80.0 nnme-i
6552.0 3500.0 24.0 48.0 ,
6640.0 3428.0 260.0 100.0 with-

4164.0 3544.0 200.0 92.0 out
4448.0 3536.0 348.0 116.0 doing
4884.0 3536.0 92.0 104.0 it
5060.0 3544.0 356.0 100.0 under
5500.0 3564.0 312.0 84.0 t-omc
5896.0 3548.0 316.0 104.0 other
6300.0 3568.0 364.0 80.0 name.
6800.0 3540.0 172.0 104.0 Ho

4168.0 3676.0 236.0 80.0 saw
4452.0 3644.0 480.0 136.0 nothing
4984.0 3652.0 112.0 108.0 In
5152.0 3660.0 188.0 100.0 the
5388.0 3656.0 192.0 104.0 bill
5668.0 3660.0 332.0 108.0 aealn
6080.0 3656.0 272.0 104.0 tthn
6440.0 3664.0 532.0 100.0 Interests

4172.0 3776.0 132.0 96.0 of
4340.0 3768.0 188.0 104.0 the
4572.0 3780.0 288.0 96.0 state
4924.0 3772.0 228.0 104.0 and
5240.0 3800.0 232.0 76.0 was
5524.0 3780.0 112.0 100.0 in
5732.0 3784.0 320.0 100.0 favor
6100.0 3780.0 120.0 96.0 of
6292.0 3780.0 140.0 100.0 its
6504.0 3800.0 472.0 100.0 passage

4176.0 3888.0 476.0 104.0 without
4696.0 3892.0 760.0 104.0 amendment

4300.0 4000.0 200.0 104.0 Mr.
4612.0 4004.0 364.0 104.0 Fuller
5068.0 4008.0 392.0 100.0 moved
5548.0 4004.0 240.0 104.0 that
5856.0 4008.0 188.0 104.0 the
6104.0 4000.0 644.0 112.0 committee
6816.0 4028.0 116.0 80.0 re-

4180.0 4132.0 248.0 112.0 port
4476.0 4144.0 516.0 100.0 progress
5036.0 4148.0 144.0 76.0 on
5236.0 4124.0 188.0 104.0 the
5472.0 4124.0 184.0 100.0 bill
5712.0 4120.0 224.0 104.0 and
6028.0 4120.0 200.0 104.0 ask
6300.0 4124.0 312.0 100.0 leave
6664.0 4132.0 116.0 92.0 to
6828.0 4124.0 148.0 100.0 sit

4180.0 4240.0 332.0 112.0 again
4608.0 4260.0 300.0 100.0 upon
5004.0 4236.0 116.0 104.0 it.
5260.0 4236.0 168.0 104.0 Ho
5476.0 4272.0 48.0 64.0 s
5608.0 4240.0 108.0 100.0 hl
5768.0 4240.0 92.0 100.0 if
5920.0 4236.0 312.0 104.0 there
6284.0 4260.0 224.0 80.0 was
6556.0 4268.0 64.0 72.0 a
6664.0 4264.0 272.0 88.0 ques-

4184.0 4352.0 240.0 100.0 tion
4508.0 4356.0 364.0 100.0 raised
4940.0 4380.0 124.0 76.0 as
5152.0 4360.0 112.0 96.0 to
5344.0 4356.0 780.0 120.0 corporations
6708.0 4380.0 48.0 80.0 /
6820.0 4356.0 112.0 100.0 In-

4184.0 4468.0 652.0 124.0 corporated
4928.0 4468.0 356.0 104.0 under
5348.0 4476.0 184.0 96.0 the
5620.0 4472.0 276.0 100.0 laws
5960.0 4472.0 120.0 100.0 of
6168.0 4476.0 184.0 96.0 the
6400.0 4476.0 288.0 96.0 state
6736.0 4468.0 240.0 104.0 that

4192.0 4604.0 236.0 80.0 was
4512.0 4580.0 560.0 108.0 stitllcient
5140.0 4596.0 108.0 88.0 to
5316.0 4588.0 256.0 96.0 bear
5664.0 4588.0 800.0 112.0 Investigation
6484.0 4656.0 24.0 40.0 ,
6580.0 4588.0 228.0 100.0 and
6900.0 4588.0 84.0 100.0 It

4192.0 4696.0 396.0 108.0 looked
4636.0 4728.0 124.0 72.0 as
4852.0 4696.0 92.0 104.0 if
5028.0 4700.0 232.0 100.0 that
5316.0 4724.0 288.0 80.0 were
5696.0 4704.0 192.0 100.0 the
5932.0 4696.0 328.0 128.0 point
6296.0 4700.0 452.0 108.0 acainst
6796.0 4700.0 184.0 104.0 the

4192.0 4816.0 236.0 104.0 bill.
4576.0 4816.0 104.0 100.0 If
4768.0 4824.0 196.0 92.0 not
4972.0 4888.0 24.0 40.0 ,
5096.0 4816.0 84.0 104.0 It
5264.0 4816.0 368.0 100.0 would
5720.0 4820.0 472.0 120.0 develop
6300.0 4820.0 304.0 104.0 later.
6736.0 4820.0 248.0 100.0 The

4268.0 4932.0 112.0 100.0 ill
4432.0 4928.0 468.0 104.0 alloweil
4952.0 4924.0 436.0 124.0 foreign
5456.0 4936.0 776.0 120.0 corpoiations
6276.0 4944.0 116.0 92.0 to
6444.0 4932.0 536.0 124.0 purchase

4268.0 5040.0 148.0 104.0 ml
4464.0 5052.0 428.0 96.0 control
4944.0 5048.0 288.0 104.0 lines
5280.0 5052.0 124.0 96.0 of
5448.0 5048.0 480.0 104.0 railroad
5984.0 5052.0 116.0 104.0 In
6156.0 5048.0 184.0 104.0 the
6388.0 5060.0 288.0 92.0 state
6684.0 5124.0 24.0 44.0 ,
6752.0 5052.0 228.0 100.0 and

4284.0 5188.0 220.0 76.0 icro
4612.0 5192.0 228.0 72.0 was
4884.0 5192.0 64.0 72.0 a
5040.0 5164.0 428.0 104.0 serious
5532.0 5168.0 516.0 120.0 question
6144.0 5188.0 124.0 80.0 as
6348.0 5168.0 116.0 96.0 to
6548.0 5172.0 28.0 96.0 l
6652.0 5168.0 252.0 96.0 suln
6924.0 5192.0 60.0 88.0 ?

4264.0 5304.0 548.0 92.0 miniums
4912.0 5284.0 500.0 100.0 whether
5476.0 5280.0 260.0 120.0 they
5820.0 5280.0 324.0 108.0 could
6232.0 5284.0 432.0 120.0 compel
6756.0 5280.0 232.0 104.0 lltl-

4268.0 5408.0 256.0 88.0 ants
4572.0 5408.0 116.0 88.0 to
4728.0 5420.0 144.0 96.0 go
4924.0 5388.0 240.0 112.0 into
5208.0 5400.0 188.0 100.0 the
5448.0 5396.0 428.0 104.0 United
5924.0 5400.0 372.0 108.0 States
6340.0 5408.0 372.0 92.0 courts
6760.0 5392.0 224.0 108.0 and

4260.0 5536.0 132.0 76.0 ue
4440.0 5516.0 296.0 96.0 them
4788.0 5540.0 124.0 72.0 or
4960.0 5524.0 244.0 92.0 not.
5340.0 5512.0 240.0 104.0 The
5632.0 5516.0 188.0 100.0 bill
5868.0 5540.0 140.0 80.0 ou
6104.0 5520.0 116.0 96.0 ht
6292.0 5524.0 116.0 92.0 to
6588.0 5540.0 60.0 76.0 o
6724.0 5536.0 268.0 80.0 over

4284.0 5656.0 32.0 72.0 >
4332.0 5652.0 44.0 72.0 r
4420.0 5628.0 432.0 100.0 further
4896.0 5628.0 868.0 104.0 consideration.

4320.0 5744.0 200.0 104.0 Mr.
4620.0 5744.0 372.0 100.0 Moore
5080.0 5748.0 244.0 100.0 said
5412.0 5776.0 120.0 72.0 as
5628.0 5760.0 132.0 88.0 he
5852.0 5740.0 684.0 108.0 understood
6628.0 5740.0 84.0 108.0 it
6800.0 5740.0 188.0 104.0 the

4268.0 5864.0 260.0 96.0 fleet
4616.0 5860.0 368.0 100.0 would
5076.0 5864.0 132.0 100.0 bu
5296.0 5872.0 112.0 92.0 to
5492.0 5868.0 576.0 96.0 authorize
6152.0 5864.0 272.0 100.0 such
6500.0 5860.0 488.0 104.0 railroad

4260.0 6000.0 492.0 100.0 onipany
4756.0 6048.0 28.0 44.0 ,
4860.0 6004.0 292.0 96.0 upon
5228.0 5976.0 332.0 120.0 being
5620.0 5980.0 272.0 104.0 sued
5904.0 6052.0 28.0 48.0 ,
6016.0 5983.0 116.0 96.0 to
6224.0 5980.0 496.0 100.0 transfer
6804.0 5980.0 188.0 100.0 the

4264.0 6120.0 188.0 72.0 ase
4516.0 6104.0 112.0 92.0 to
4720.0 6096.0 184.0 100.0 the
5004.0 6092.0 416.0 104.0 United
5508.0 6096.0 372.0 100.0 States
5964.0 6104.0 412.0 96.0 courts.
6512.0 6092.0 176.0 104.0 He
6764.0 6120.0 232.0 76.0 was

4288.0 6212.0 328.0 100.0 liable
4700.0 6216.0 116.0 96.0 to
4900.0 6236.0 184.0 76.0 see
5176.0 6212.0 484.0 104.0 wherein
5760.0 6212.0 188.0 100.0 thn
6036.0 6208.0 192.0 104.0 bill
6276.0 6208.0 372.0 104.0 would
6696.0 6212.0 132.0 100.0 bo
6872.0 6212.0 128.0 96.0 oC

4272.0 6328.0 560.0 116.0 dvantago
4924.0 6336.0 112.0 92.0 to
5124.0 6328.0 184.0 104.0 the
5416.0 6328.0 396.0 120.0 people
5900.0 6328.0 120.0 104.0 of
6108.0 6328.0 188.0 100.0 the
6384.0 6332.0 288.0 96.0 state
6680.0 6399.0 24.0 40.0 ,
6804.0 6328.0 192.0 100.0 but

4264.0 6444.0 260.0 104.0 ould
4572.0 6472.0 188.0 72.0 see
4808.0 6447.0 368.0 96.0 where
5228.0 6447.0 76.0 100.0 It
5360.0 6444.0 368.0 100.0 would
5772.0 6444.0 136.0 104.0 be
5992.0 6444.0 120.0 100.0 of
6176.0 6440.0 628.0 116.0 advantage
6880.0 6451.0 116.0 92.0 to

4256.0 6560.0 136.0 104.0 ho
4440.0 6560.0 568.0 104.0 railroads.
5148.0 6560.0 160.0 116.0 Uy
5364.0 6560.0 356.0 104.0 virtue
5768.0 6564.0 124.0 96.0 of
5956.0 6560.0 292.0 100.0 their
6332.0 6560.0 336.0 112.0 being
6760.0 6568.0 236.0 88.0 toi-

4272.0 6676.0 188.0 120.0 itn
4512.0 6676.0 768.0 124.0 coiporatlons
5328.0 6680.0 260.0 120.0 they
5656.0 6704.0 188.0 72.0 are
5928.0 6676.0 640.0 100.0 authorized
6660.0 6688.0 112.0 84.0 to
6856.0 6700.0 140.0 88.0 go-

4252.0 6815.0 64.0 72.0 o
4364.0 6796.0 184.0 100.0 the
4600.0 6792.0 388.0 112.0 higher
5032.0 6796.0 408.0 100.0 coints.
5596.0 6796.0 168.0 96.0 As
5852.0 6796.0 288.0 100.0 state
6224.0 6788.0 772.0 120.0 corporations

4256.0 6908.0 212.0 120.0 liny
4508.0 6912.0 328.0 96.0 could
4884.0 6915.0 192.0 92.0 not
5120.0 6908.0 144.0 100.0 do
5308.0 6932.0 152.0 76.0 so.
5604.0 6908.0 396.0 100.0 Under
6080.0 6928.0 204.0 76.0 our
6356.0 6912.0 292.0 92.0 state
6720.0 6928.0 280.0 76.0 con-

4264.0 7023.0 456.0 104.0 titutlon
4772.0 7023.0 264.0 116.0 they
5104.0 7028.0 320.0 96.0 could
5480.0 7032.0 196.0 88.0 not
5748.0 7019.0 304.0 100.0 build
6104.0 7016.0 536.0 104.0 railroads
6692.0 7019.0 296.0 96.0 until

4256.0 7140.0 208.0 108.0 hey
4520.0 7136.0 768.0 112.0 incorporated
5340.0 7136.0 356.0 100.0 under
5780.0 7136.0 188.0 100.0 the
6052.0 7140.0 284.0 92.0 state
6428.0 7136.0 244.0 96.0 law.
6816.0 7132.0 172.0 104.0 He

4280.0 7279.0 132.0 68.0 no
4428.0 7256.0 176.0 96.0 tea
4696.0 7252.0 188.0 100.0 the
4988.0 7248.0 736.0 104.0 constitution
5824.0 7252.0 112.0 100.0 In
6028.0 7256.0 464.0 112.0 support
6556.0 7248.0 120.0 96.0 of
6764.0 7248.0 228.0 100.0 this

4260.0 7372.0 572.0 96.0 tatement.
4960.0 7364.0 244.0 100.0 The
5308.0 7364.0 192.0 100.0 bill
5588.0 7387.0 228.0 76.0 was
5924.0 7368.0 452.0 104.0 against
6484.0 7360.0 512.0 124.0 litigants

4264.0 7504.0 52.0 76.0 11
4376.0 7484.0 184.0 100.0 the
4608.0 7487.0 288.0 92.0 state
4940.0 7487.0 376.0 96.0 couits
5364.0 7484.0 224.0 96.0 and
5644.0 7476.0 364.0 108.0 would
6120.0 7480.0 128.0 100.0 bu
6348.0 7480.0 652.0 116.0 productive

4276.0 7600.0 44.0 92.0 f
4364.0 7595.0 548.0 100.0 immense
4896.0 7688.0 28.0 28.0 ,
4972.0 7620.0 492.0 84.0 expense
5516.0 7600.0 112.0 96.0 to
5676.0 7595.0 336.0 104.0 them.
6140.0 7595.0 172.0 100.0 As
6404.0 7595.0 80.0 100.0 it
6540.0 7591.0 92.0 104.0 Is
6740.0 7620.0 260.0 80.0 now

4288.0 7740.0 100.0 72.0 le
4464.0 7720.0 324.0 92.0 roads
4836.0 7720.0 296.0 92.0 must
5216.0 7708.0 324.0 104.0 abide
5632.0 7712.0 140.0 120.0 by
5840.0 7716.0 188.0 100.0 the
6072.0 7708.0 504.0 104.0 decision
6628.0 7716.0 120.0 100.0 of
6816.0 7716.0 184.0 100.0 the

4256.0 7836.0 224.0 92.0 Ute
4548.0 7832.0 400.0 100.0 courts.
5088.0 7824.0 176.0 104.0 Hu
5308.0 7828.0 524.0 112.0 objected
5880.0 7836.0 112.0 92.0 to
6040.0 7828.0 192.0 100.0 the
6280.0 7828.0 232.0 104.0 bill.

4320.0 7944.0 204.0 104.0 MJ.
4584.0 7940.0 468.0 104.0 Fuller's
5096.0 7944.0 428.0 104.0 motion
5580.0 7952.0 112.0 92.0 to
5740.0 7944.0 436.0 104.0 further
6204.0 7944.0 524.0 104.0 consider
6772.0 7968.0 232.0 80.0 was

4256.0 8059.0 212.0 100.0 hen
4520.0 8063.0 428.0 100.0 carried
5000.0 8059.0 228.0 104.0 and
5276.0 8063.0 168.0 96.0 tilt
5508.0 8063.0 640.0 100.0 committee
6196.0 8059.0 268.0 104.0 then
6516.0 8088.0 360.0 76.0 arose.

4316.0 8176.0 244.0 100.0 The
4608.0 8180.0 344.0 100.0 house
5000.0 8180.0 196.0 100.0 bill
5244.0 8176.0 548.0 104.0 reviewed
5844.0 8180.0 344.0 100.0 above
6256.0 8192.0 116.0 84.0 to
6432.0 8188.0 296.0 96.0 erect
6776.0 8180.0 228.0 104.0 and

4204.0 8292.0 552.0 104.0 maintain
4808.0 8319.0 144.0 76.0 an
5008.0 8296.0 644.0 100.0 Institution
5724.0 8300.0 180.0 96.0 for
5940.0 8292.0 572.0 108.0 Incurable
6604.0 8296.0 408.0 104.0 Insane

4276.0 8420.0 44.0 92.0 t
4384.0 8408.0 548.0 120.0 Hastings
4984.0 8436.0 220.0 76.0 was
5252.0 8412.0 428.0 120.0 passed.

4320.0 8527.0 244.0 100.0 The
4612.0 8536.0 348.0 92.0 house
5004.0 8527.0 196.0 100.0 bill
5304.0 8524.0 680.0 128.0 compelling
6084.0 8524.0 600.0 108.0 insurance
6728.0 8556.0 284.0 76.0 com-

4244.0 8644.0 360.0 100.0 miles
4708.0 8656.0 116.0 88.0 to
4920.0 8668.0 208.0 100.0 pay
5180.0 8652.0 316.0 96.0 taxes
5584.0 8668.0 140.0 80.0 on
5780.0 8644.0 608.0 120.0 premiums
6432.0 8648.0 344.0 100.0 taken
6896.0 8648.0 112.0 100.0 In

4272.0 8760.0 128.0 100.0 he
4448.0 8764.0 284.0 100.0 statu
4784.0 8764.0 112.0 96.0 In
4948.0 8784.0 388.0 80.0 excess
5428.0 8760.0 124.0 100.0 of
5596.0 8776.0 548.0 104.0 expenses
6156.0 8836.0 24.0 40.0 ,
6236.0 8784.0 228.0 76.0 was
6556.0 8764.0 444.0 124.0 passed.

4320.0 8876.0 244.0 100.0 The
4608.0 8884.0 388.0 96.0 senate
5044.0 8880.0 268.0 100.0 then
5364.0 8876.0 624.0 124.0 adjourned
6036.0 8876.0 292.0 104.0 until
6384.0 8884.0 112.0 92.0 10
6588.0 8876.0 428.0 104.0 o'clock

4256.0 9016.0 620.0 80.0 o-morrovv.

5420.0 9128.0 324.0 84.0 NOTF.
5812.0 9180.0 28.0 32.0 .

4328.0 9224.0 208.0 104.0 Mr.
4592.0 9228.0 440.0 100.0 Conecr
5072.0 9252.0 256.0 92.0 says
5372.0 9224.0 140.0 104.0 he
5560.0 9228.0 232.0 100.0 will
5856.0 9228.0 184.0 116.0 get
6124.0 9252.0 276.0 76.0 even
6500.0 9228.0 272.0 100.0 with
6820.0 9228.0 192.0 100.0 the

4268.0 9348.0 332.0 96.0 enato
4708.0 9348.0 172.0 96.0 for
4920.0 9352.0 444.0 104.0 cutting
5460.0 9344.0 156.0 96.0 oil
5720.0 9340.0 176.0 104.0 his
5996.0 9344.0 636.0 100.0 committee
6676.0 9344.0 340.0 104.0 clerk.

4280.0 9456.0 112.0 104.0 le
4508.0 9456.0 228.0 104.0 will
4840.0 9460.0 300.0 108.0 doiit
5248.0 9460.0 112.0 100.0 In
5416.0 9460.0 224.0 100.0 this
5692.0 9484.0 240.0 96.0 way
5960.0 9480.0 28.0 80.0 :
6068.0 9456.0 176.0 104.0 He
6292.0 9460.0 228.0 100.0 will
6564.0 9484.0 220.0 100.0 pay
6836.0 9463.0 184.0 100.0 the

4280.0 9571.0 236.0 104.0 lerk
4564.0 9576.0 132.0 104.0 S3
4784.0 9600.0 192.0 76.0 per
5020.0 9576.0 216.0 120.0 day
5360.0 9580.0 196.0 96.0 out
5624.0 9588.0 124.0 88.0 ot
5816.0 9576.0 176.0 100.0 his
6040.0 9600.0 252.0 76.0 own
6348.0 9576.0 432.0 120.0 pocket.

4344.0 9692.0 340.0 100.0 Little
4732.0 9692.0 280.0 100.0 Miss
5068.0 9692.0 372.0 100.0 llaes
5492.0 9692.0 92.0 100.0 is
5632.0 9692.0 188.0 100.0 the
5868.0 9696.0 292.0 96.0 most
6244.0 9688.0 280.0 104.0 alert
6572.0 9696.0 228.0 100.0 and
6852.0 9696.0 160.0 96.0 In-

4240.0 9804.0 552.0 104.0 lustrlous
4840.0 9831.0 276.0 96.0 page
5168.0 9812.0 112.0 96.0 in
5340.0 9808.0 184.0 100.0 the
5568.0 9824.0 420.0 84.0 senate.
6124.0 9804.0 240.0 104.0 The
6456.0 9808.0 268.0 120.0 boys
6836.0 9836.0 188.0 72.0 aio

4264.0 9948.0 140.0 76.0 oo
4456.0 9928.0 320.0 100.0 much
4872.0 9920.0 496.0 108.0 inclined
5472.0 9928.0 116.0 100.0 to
5692.0 9928.0 128.0 100.0 be
5928.0 9924.0 272.0 100.0 bos
6272.0 9924.0 112.0 100.0 in
6504.0 9924.0 520.0 104.0 business

4256.0 10064.0 332.0 76.0 lours.

4340.0 10160.0 188.0 96.0 An
4636.0 10152.0 504.0 104.0 elevated
5252.0 10152.0 536.0 112.0 platform
5880.0 10152.0 400.0 108.0 should
6356.0 10152.0 128.0 104.0 be
6536.0 10152.0 288.0 104.0 built
6872.0 10172.0 144.0 84.0 on

4216.0 10272.0 360.0 100.0 either
4620.0 10272.0 244.0 100.0 side
4908.0 10276.0 124.0 96.0 of
5076.0 10272.0 188.0 100.0 the
5352.0 10268.0 672.0 116.0 president's
6072.0 10272.0 280.0 104.0 desk
6404.0 10276.0 180.0 96.0 tor
6632.0 10280.0 184.0 92.0 the
6868.0 10299.0 152.0 72.0 re-

4264.0 10395.0 388.0 96.0 wrtors
4660.0 10460.0 24.0 44.0 ,
4740.0 10412.0 80.0 76.0 w
4852.0 10392.0 136.0 96.0 ho
5036.0 10412.0 188.0 76.0 are
5332.0 10412.0 260.0 92.0 very
5700.0 10384.0 392.0 120.0 poorly
6204.0 10412.0 244.0 92.0 prov
6484.0 10388.0 252.0 100.0 ided
6812.0 10392.0 200.0 100.0 for.

4240.0 10503.0 220.0 100.0 The
4512.0 10507.0 500.0 96.0 senators
5064.0 10503.0 400.0 100.0 should
5516.0 10507.0 204.0 96.0 not
5752.0 10507.0 364.0 108.0 forget
6152.0 10488.0 236.0 116.0 that
6436.0 10507.0 188.0 92.0 the
6672.0 10524.0 116.0 80.0 IK
6840.0 10528.0 184.0 76.0 ivs-

4264.0 10644.0 352.0 96.0 mpcrs
4724.0 10620.0 428.0 116.0 greatly
5256.0 10620.0 336.0 100.0 assist
5736.0 10620.0 304.0 100.0 them
6152.0 10616.0 116.0 100.0 in
6380.0 10616.0 472.0 120.0 making
6956.0 10644.0 64.0 76.0 a

4272.0 10736.0 328.0 96.0 ecord
4612.0 10808.0 24.0 36.0 ,
4764.0 10736.0 244.0 96.0 The
5100.0 10728.0 584.0 124.0 reporters'
5792.0 10732.0 388.0 104.0 claims
6292.0 10756.0 292.0 76.0 were
6692.0 10736.0 324.0 96.0 much

4260.0 10876.0 28.0 68.0 >
4296.0 10856.0 284.0 96.0 otter
4624.0 10876.0 248.0 76.0 rcco
4960.0 10848.0 320.0 100.0 ni/ed
5396.0 10848.0 108.0 100.0 In
5620.0 10848.0 188.0 100.0 the
5872.0 10844.0 188.0 104.0 old
6104.0 10848.0 416.0 120.0 capltol
6572.0 10844.0 272.0 104.0 than
6900.0 10848.0 116.0 100.0 in

4272.0 10971.0 136.0 92.0 he
4456.0 10988.0 284.0 80.0 new.
4876.0 10971.0 40.0 92.0 (
4928.0 10967.0 228.0 100.0 Jive
5204.0 10967.0 184.0 96.0 the
5452.0 10967.0 272.0 112.0 boys
5768.0 10992.0 64.0 72.0 a
5876.0 10960.0 452.0 108.0 chance.

4340.0 11088.0 244.0 96.0 One
4632.0 11088.0 112.0 92.0 ot
4800.0 11079.0 184.0 104.0 the
5068.0 11079.0 204.0 100.0 sad
5340.0 11079.0 488.0 100.0 tealltles
5920.0 11075.0 624.0 104.0 noticeable
6608.0 11092.0 116.0 88.0 at
6788.0 11079.0 224.0 104.0 this

4224.0 11208.0 312.0 96.0 stage
4576.0 11200.0 124.0 96.0 of
4744.0 11200.0 188.0 96.0 thu
4976.0 11196.0 432.0 100.0 session
5464.0 11200.0 92.0 92.0 is
5604.0 11196.0 188.0 100.0 the
5836.0 11192.0 784.0 108.0 hopelessness
6668.0 11200.0 120.0 96.0 of
6840.0 11200.0 184.0 100.0 the

4224.0 11339.0 328.0 76.0 cause
4592.0 11316.0 124.0 96.0 of
4764.0 11335.0 432.0 76.0 woman
5308.0 11312.0 528.0 104.0 suffrage.
6004.0 11312.0 244.0 100.0 The
6312.0 11312.0 356.0 100.0 ladles
6776.0 11316.0 252.0 100.0 who

4224.0 11432.0 348.0 112.0 ought
4620.0 11435.0 112.0 92.0 to
4780.0 11428.0 280.0 100.0 have
5108.0 11428.0 272.0 100.0 been
5452.0 11452.0 260.0 76.0 men
5796.0 11448.0 296.0 80.0 seem
6148.0 11439.0 112.0 88.0 to
6312.0 11428.0 280.0 100.0 have
6696.0 11428.0 336.0 100.0 aban-

4268.0 11547.0 332.0 100.0 ioned
4640.0 11552.0 188.0 96.0 thu
4876.0 11543.0 304.0 100.0 work
5220.0 11547.0 120.0 96.0 of
5392.0 11543.0 720.0 100.0 reformation
6152.0 11543.0 876.0 120.0 andconslgued

4232.0 11664.0 188.0 96.0 the
4468.0 11668.0 288.0 96.0 statu
4800.0 11672.0 112.0 88.0 to
4968.0 11660.0 604.0 100.0 Inevitable
5620.0 11664.0 360.0 100.0 doom.

4344.0 11776.0 248.0 100.0 Thn
4636.0 11776.0 544.0 104.0 membeis
5224.0 11799.0 184.0 76.0 are
5456.0 11799.0 260.0 96.0 very
5768.0 11776.0 324.0 104.0 much
6140.0 11772.0 576.0 104.0 disturbed
6768.0 11803.0 264.0 72.0 over

4232.0 11892.0 188.0 100.0 the
4468.0 11915.0 692.0 96.0 appearance
5208.0 11896.0 156.0 96.0 foi
5468.0 11896.0 188.0 96.0 thu
5744.0 11907.0 248.0 104.0 past
6076.0 11892.0 352.0 116.0 thirty
6476.0 11892.0 140.0 100.0 da
6624.0 11920.0 48.0 92.0 )
6708.0 11915.0 44.0 76.0 s
6800.0 11900.0 120.0 96.0 ot
6972.0 11924.0 64.0 72.0 a

4272.0 12011.0 632.0 116.0 nysterlous
4996.0 12019.0 492.0 100.0 icporter
5596.0 12007.0 112.0 100.0 In
5824.0 12011.0 184.0 100.0 the
6112.0 12007.0 452.0 120.0 gallery.
6700.0 12007.0 336.0 104.0 Some

4260.0 12108.0 308.0 116.0 iliink
4620.0 12128.0 136.0 100.0 ho
4804.0 12128.0 92.0 96.0 Is
4948.0 12123.0 260.0 100.0 hero
5256.0 12123.0 112.0 100.0 in
5428.0 12128.0 180.0 96.0 tlio
5656.0 12128.0 468.0 100.0 interest
6168.0 12119.0 120.0 104.0 of
6336.0 12128.0 188.0 96.0 the
6572.0 12128.0 416.0 100.0 anarch

4260.0 12248.0 212.0 96.0 ists.
4604.0 12240.0 316.0 100.0 Look
4964.0 12248.0 196.0 92.0 out
5208.0 12240.0 168.0 100.0 for
5440.0 12240.0 412.0 100.0 bombs.

4356.0 12360.0 220.0 96.0 Mr.
4648.0 12356.0 596.0 120.0 Lindsay's
5296.0 12356.0 188.0 100.0 bill
5536.0 12364.0 112.0 92.0 to
5696.0 12356.0 288.0 100.0 limit
6072.0 12352.0 188.0 104.0 the
6348.0 12360.0 476.0 96.0 number
6912.0 12356.0 124.0 100.0 of

4236.0 12500.0 572.0 96.0 cmpocs
4504.0 12475.0 28.0 96.0 !
4852.0 12475.0 228.0 96.0 and
5128.0 12472.0 424.0 100.0 offers
5604.0 12472.0 124.0 100.0 of
5772.0 12472.0 188.0 100.0 the
6004.0 12479.0 392.0 92.0 senate
6444.0 12483.0 116.0 88.0 to
6608.0 12475.0 256.0 116.0 fifty
6940.0 12475.0 92.0 100.0 Is

4240.0 12616.0 64.0 72.0 a
4360.0 12616.0 184.0 72.0 ver
4548.0 12608.0 44.0 100.0 )
4692.0 12587.0 708.0 100.0 meritorious
5492.0 12608.0 500.0 80.0 measure
6076.0 12587.0 228.0 100.0 and
6392.0 12587.0 404.0 100.0 should
6884.0 12612.0 156.0 80.0 ic-

4232.0 12704.0 308.0 100.0 ceive
4592.0 12704.0 180.0 100.0 the
4820.0 12712.0 456.0 112.0 support
5324.0 12704.0 124.0 96.0 of
5492.0 12728.0 332.0 92.0 eveiy
5876.0 12712.0 484.0 92.0 senator.
6560.0 12700.0 252.0 104.0 Ills
6900.0 12708.0 28.0 96.0 !
6948.0 12732.0 68.0 72.0 a

4288.0 12820.0 136.0 100.0 ho
4512.0 12824.0 464.0 96.0 interest
5060.0 12820.0 124.0 100.0 of
5288.0 12820.0 184.0 100.0 tlio
5564.0 12828.0 592.0 116.0 taxpayers
6288.0 12816.0 456.0 120.0 against
6852.0 12824.0 188.0 100.0 the

4232.0 12936.0 460.0 104.0 chronic
4736.0 12936.0 776.0 100.0 otlice-seeker.

4348.0 13051.0 332.0 100.0 Some
4756.0 13055.0 124.0 92.0 of
4968.0 13051.0 188.0 100.0 the
5248.0 13059.0 512.0 88.0 senators
5844.0 13051.0 116.0 96.0 at
6048.0 13051.0 336.0 100.0 times
6484.0 13047.0 284.0 108.0 have
6836.0 13055.0 204.0 96.0 not

4304.0 13192.0 268.0 92.0 neig
4580.0 13196.0 48.0 92.0 )
4696.0 13168.0 448.0 116.0 unough
5196.0 13168.0 112.0 100.0 to
5352.0 13172.0 244.0 96.0 vote
5648.0 13159.0 492.0 128.0 audibly.

5392.0 13428.0 124.0 96.0 in
5596.0 13423.0 232.0 96.0 the
5920.0 13423.0 360.0 100.0 Hans
6296.0 13452.0 68.0 76.0 *
6372.0 13496.0 24.0 28.0 .

4356.0 13564.0 548.0 104.0 LINCOLN
4912.0 13640.0 24.0 40.0 ,
5032.0 13560.0 276.0 108.0 Xeb.
5316.0 13636.0 32.0 44.0 ,
5424.0 13564.0 384.0 100.0 March
5892.0 13571.0 92.0 96.0 4.
6132.0 13564.0 36.0 124.0 [
6176.0 13564.0 444.0 124.0 Special
6724.0 13564.0 312.0 104.0 Tele-

4284.0 13735.0 16.0 88.0 ;
4312.0 13735.0 232.0 76.0 ram
4632.0 13716.0 116.0 92.0 to
4832.0 13712.0 192.0 96.0 the
5100.0 13704.0 292.0 104.0 Bus.
5404.0 13704.0 40.0 124.0 ]
5584.0 13704.0 208.0 104.0 Mr.
5912.0 13704.0 384.0 104.0 Peters
6404.0 13716.0 116.0 92.0 ot
6612.0 13708.0 388.0 100.0 Boone
7008.0 13779.0 24.0 48.0 ,

4240.0 13852.0 288.0 96.0 from
4580.0 13852.0 188.0 96.0 the
4852.0 13844.0 416.0 112.0 special
5344.0 13844.0 640.0 104.0 committee
6028.0 13868.0 144.0 76.0 on
6224.0 13848.0 572.0 116.0 emploves
6800.0 13920.0 28.0 40.0 ,
6884.0 13872.0 112.0 76.0 re-

4240.0 13987.0 392.0 124.0 ported
4680.0 13987.0 240.0 100.0 that
4968.0 13991.0 188.0 96.0 the
5200.0 13987.0 520.0 100.0 business
5756.0 13987.0 120.0 100.0 of
5924.0 13987.0 188.0 100.0 the
6140.0 14000.0 344.0 88.0 house
6524.0 13987.0 512.0 124.0 required

4240.0 14128.0 732.0 124.0 thirty-seven
5068.0 14128.0 600.0 124.0 employes.
5800.0 14128.0 240.0 100.0 The
6092.0 14151.0 388.0 80.0 names
6524.0 14132.0 120.0 96.0 of
6728.0 14132.0 312.0 100.0 these

4252.0 14264.0 88.0 108.0 It
4424.0 14268.0 596.0 124.0 presented
5032.0 14340.0 28.0 48.0 ,
5116.0 14268.0 268.0 100.0 with
5472.0 14276.0 188.0 92.0 the
5724.0 14272.0 648.0 120.0 suggestion
6448.0 14272.0 244.0 100.0 that
6776.0 14276.0 264.0 112.0 they

4244.0 14407.0 132.0 100.0 bo
4480.0 14407.0 544.0 104.0 retained.
5152.0 14403.0 280.0 104.0 This
5524.0 14407.0 568.0 124.0 provoked
6168.0 14436.0 64.0 72.0 a
6312.0 14407.0 468.0 120.0 spirited
6828.0 14407.0 216.0 104.0 dis-

4232.0 14548.0 452.0 104.0 ciisslon
4700.0 14619.0 28.0 48.0 ,
4784.0 14551.0 116.0 96.0 In
4956.0 14544.0 364.0 104.0 which
5400.0 14572.0 344.0 96.0 many
5832.0 14548.0 544.0 108.0 members
6456.0 14548.0 264.0 104.0 took
6788.0 14555.0 252.0 116.0 part

4236.0 14688.0 472.0 108.0 because
4816.0 14688.0 188.0 104.0 the
5132.0 14688.0 680.0 124.0 forty-seven
5948.0 14688.0 604.0 108.0 assistants
6660.0 14692.0 376.0 100.0 whose

4232.0 14860.0 392.0 76.0 names
4716.0 14860.0 292.0 76.0 were
5096.0 14840.0 200.0 96.0 not
5400.0 14832.0 864.0 108.0 recommended
6368.0 14832.0 448.0 104.0 seemed
6920.0 14848.0 116.0 84.0 to

4296.0 14975.0 280.0 100.0 taud
4624.0 14975.0 116.0 100.0 In
4792.0 14979.0 428.0 112.0 danger
5260.0 14971.0 120.0 100.0 of
5424.0 14971.0 340.0 124.0 being
5808.0 14971.0 688.0 120.0 discharged.

4352.0 15116.0 208.0 100.0 Mr.
4608.0 15116.0 340.0 116.0 Jeary
4956.0 15187.0 28.0 44.0 ,
5096.0 15116.0 284.0 100.0 from
5488.0 15116.0 188.0 100.0 the
5780.0 15112.0 640.0 108.0 committee
6596.0 15139.0 148.0 76.0 on
6852.0 15144.0 140.0 76.0 en-

4236.0 15264.0 464.0 116.0 grossed
4744.0 15256.0 224.0 100.0 and
5016.0 15256.0 504.0 100.0 enrolled
5604.0 15252.0 256.0 104.0 bills
5868.0 15328.0 28.0 44.0 ,
5988.0 15252.0 244.0 108.0 said
6328.0 15256.0 84.0 100.0 It
6476.0 15260.0 376.0 104.0 would
6912.0 15264.0 128.0 100.0 bo

4244.0 15399.0 284.0 100.0 false
4572.0 15424.0 540.0 92.0 economy
5152.0 15399.0 116.0 100.0 to
5348.0 15395.0 584.0 120.0 discharge
5976.0 15395.0 188.0 108.0 the
6212.0 15395.0 368.0 108.0 clerks
6628.0 15399.0 124.0 104.0 oC
6796.0 15399.0 248.0 104.0 that

4248.0 15539.0 328.0 124.0 body.

4360.0 15684.0 208.0 104.0 Mr.
4628.0 15680.0 408.0 112.0 Kelper
5076.0 15684.0 124.0 100.0 of
5248.0 15684.0 376.0 100.0 Pierce
5668.0 15684.0 460.0 104.0 secured
6176.0 15684.0 188.0 104.0 the
6408.0 15688.0 584.0 100.0 recommit-

4252.0 15832.0 312.0 96.0 ment
4612.0 15832.0 116.0 92.0 ot
4776.0 15824.0 352.0 104.0 house
5172.0 15824.0 208.0 104.0 roll
5424.0 15832.0 112.0 88.0 4r
5520.0 15863.0 28.0 56.0 >
5552.0 15832.0 56.0 92.0 7
5612.0 15900.0 24.0 44.0 ,
5728.0 15828.0 488.0 116.0 relating
6264.0 15832.0 116.0 96.0 to
6436.0 15828.0 604.0 104.0 recorders'

4252.0 15967.0 244.0 104.0 fees
4508.0 16044.0 24.0 28.0 ,
4592.0 15967.0 708.0 120.0 indefinitely
5348.0 15967.0 624.0 124.0 postponed
6016.0 15967.0 628.0 124.0 yesterday.

4376.0 16108.0 240.0 104.0 The
4660.0 16108.0 316.0 100.0 chair
5040.0 16104.0 400.0 124.0 signed
5492.0 16111.0 348.0 100.0 house
5884.0 16111.0 268.0 100.0 rolls
6188.0 16111.0 168.0 96.0 VJl
6404.0 16111.0 228.0 100.0 and
6676.0 16115.0 148.0 100.0 83.

4388.0 16227.0 208.0 100.0 Mr.
4696.0 16223.0 384.0 108.0 Peters
5156.0 16227.0 400.0 100.0 moved
5644.0 16227.0 188.0 100.0 the
5896.0 16223.0 532.0 120.0 adoption
6480.0 16236.0 120.0 96.0 ot
6652.0 16227.0 176.0 104.0 his
6872.0 16252.0 120.0 80.0 re

4252.0 16344.0 280.0 104.0 port.

4252.0 16344.0 296.0 216.0 port.Mr.
4548.0 16527.0 28.0 32.0 .
4632.0 16452.0 464.0 108.0 Watson
5148.0 16452.0 876.0 112.0 otOtoemoved
6112.0 16460.0 248.0 104.0 that
6452.0 16460.0 84.0 100.0 it
6620.0 16460.0 136.0 104.0 be
6848.0 16464.0 200.0 100.0 not

4252.0 16572.0 516.0 124.0 adopted.

4372.0 16691.0 200.0 100.0 Mr.
4636.0 16687.0 456.0 120.0 Kinney
5136.0 16691.0 124.0 100.0 of
5312.0 16687.0 508.0 108.0 Webster
5900.0 16691.0 476.0 112.0 thought
6456.0 16695.0 264.0 120.0 they
6824.0 16691.0 224.0 108.0 had

4264.0 16803.0 448.0 108.0 already
4760.0 16808.0 572.0 120.0 wrangled
5380.0 16824.0 184.0 84.0 too
5612.0 16812.0 268.0 112.0 long
5924.0 16836.0 264.0 72.0 over
6224.0 16824.0 184.0 88.0 the
6456.0 16816.0 468.0 116.0 subject.

4372.0 16924.0 208.0 100.0 Mr.
4636.0 16924.0 480.0 100.0 Itaudall
5164.0 16928.0 448.0 100.0 wanted
5664.0 16936.0 112.0 88.0 to
5836.0 16928.0 340.0 100.0 know
6284.0 16928.0 304.0 100.0 what
6700.0 16940.0 84.0 88.0 it
6888.0 16928.0 148.0 100.0 all

4256.0 17044.0 408.0 100.0 meant.
4804.0 17040.0 320.0 104.0 Were
5172.0 17044.0 260.0 120.0 they
5484.0 17044.0 460.0 120.0 playing
6028.0 17047.0 196.0 96.0 out
6308.0 17068.0 304.0 76.0 some
6720.0 17044.0 320.0 100.0 other

4256.0 17155.0 676.0 120.0 bovs'game
4972.0 17180.0 124.0 76.0 or
5140.0 17155.0 380.0 120.0 acting
5604.0 17184.0 124.0 76.0 as
5812.0 17155.0 632.0 120.0 legislators
6552.0 17159.0 180.0 100.0 for
6832.0 17159.0 216.0 104.0 Xe-

4256.0 17271.0 400.0 100.0 braska
4664.0 17276.0 56.0 96.0 ?
4788.0 17271.0 172.0 100.0 Ho
5000.0 17276.0 444.0 100.0 wanted
5492.0 17271.0 184.0 104.0 the
5708.0 17271.0 696.0 124.0 superfluous
6472.0 17280.0 572.0 120.0 employes

4256.0 17388.0 652.0 120.0 discharged
4960.0 17388.0 788.0 120.0 immediately.

4376.0 17504.0 204.0 104.0 Mr.
4644.0 17492.0 452.0 112.0 Watson
5152.0 17508.0 332.0 96.0 knew
5532.0 17504.0 188.0 104.0 the
5804.0 17504.0 636.0 104.0 committee
6544.0 17504.0 216.0 108.0 had
6840.0 17515.0 200.0 96.0 not

4256.0 17619.0 332.0 104.0 given
4640.0 17623.0 184.0 96.0 the
4868.0 17619.0 432.0 120.0 subject
5344.0 17619.0 188.0 104.0 the
5612.0 17619.0 556.0 104.0 attention
6260.0 17623.0 88.0 100.0 it
6448.0 17623.0 580.0 104.0 deserved.

4252.0 17735.0 320.0 120.0 They
4616.0 17739.0 544.0 116.0 certainly
5208.0 17739.0 216.0 100.0 had
5504.0 17752.0 200.0 88.0 not
5748.0 17739.0 432.0 120.0 spoken
6232.0 17743.0 116.0 96.0 to
6396.0 17739.0 228.0 100.0 linn
6704.0 17739.0 340.0 104.0 about

4256.0 17852.0 188.0 100.0 the
4492.0 17852.0 300.0 100.0 work
4840.0 17852.0 120.0 100.0 of
5008.0 17864.0 184.0 92.0 the
5232.0 17856.0 392.0 100.0 claims
5724.0 17856.0 636.0 104.0 committee
6364.0 17927.0 28.0 48.0 ,
6508.0 17856.0 272.0 104.0 with
6896.0 17860.0 148.0 100.0 its

4252.0 17968.0 572.0 100.0 hundreds
4872.0 17968.0 124.0 100.0 of
5040.0 17968.0 284.0 104.0 bills.

4368.0 18083.0 208.0 104.0 Mr.
4628.0 18083.0 536.0 104.0 Caldvvell
5212.0 18087.0 336.0 100.0 knew
5596.0 18083.0 240.0 104.0 that
5880.0 18083.0 188.0 108.0 the
6116.0 18083.0 308.0 104.0 work
6536.0 18087.0 244.0 104.0 that
6868.0 18116.0 120.0 76.0 re-

4256.0 18199.0 448.0 104.0 mained
4756.0 18207.0 116.0 92.0 to
4916.0 18199.0 132.0 100.0 bo
5092.0 18203.0 300.0 104.0 done
5480.0 18203.0 368.0 100.0 would
5960.0 18207.0 432.0 116.0 require
6396.0 18276.0 28.0 40.0 ,
6560.0 18216.0 112.0 92.0 to
6780.0 18232.0 264.0 76.0 save

4252.0 18320.0 276.0 100.0 time
4572.0 18320.0 228.0 100.0 and
4872.0 18340.0 492.0 96.0 expense
5472.0 18315.0 424.0 104.0 toward
6004.0 18320.0 188.0 100.0 thn
6292.0 18324.0 296.0 96.0 close
6592.0 18395.0 28.0 36.0 ,
6752.0 18324.0 292.0 100.0 from

4256.0 18436.0 732.0 116.0 twenty-four
5032.0 18444.0 112.0 88.0 to
5192.0 18436.0 348.0 112.0 thirty
5580.0 18459.0 140.0 76.0 en
5760.0 18436.0 496.0 112.0 jrosslng
6296.0 18436.0 400.0 100.0 clerks.

4376.0 18548.0 208.0 100.0 Mr.
4640.0 18548.0 372.0 100.0 Miller
5048.0 18555.0 116.0 88.0 ot
5236.0 18548.0 384.0 100.0 Duller
5664.0 18551.0 456.0 100.0 favoied
6172.0 18548.0 188.0 100.0 the
6408.0 18551.0 396.0 120.0 icport.

4376.0 18663.0 208.0 100.0 Mr.
4680.0 18659.0 396.0 120.0 Smyth
5160.0 18671.0 116.0 92.0 ot
5356.0 18663.0 496.0 108.0 Douglas
5940.0 18663.0 392.0 104.0 moved
6420.0 18671.0 116.0 92.0 to
6640.0 18692.0 360.0 76.0 recom-

4268.0 18775.0 208.0 100.0 mit
4544.0 18775.0 188.0 100.0 the
4796.0 18779.0 364.0 104.0 report
5264.0 18779.0 228.0 100.0 and
5596.0 18792.0 192.0 88.0 the
5888.0 18779.0 632.0 100.0 committee
6648.0 18783.0 132.0 96.0 bo
6888.0 18783.0 112.0 100.0 in-

4260.0 18892.0 500.0 100.0 structed
4800.0 18900.0 116.0 92.0 to
4960.0 18892.0 356.0 100.0 invite
5360.0 18892.0 192.0 100.0 the
5592.0 18892.0 568.0 104.0 chairmen
6212.0 18896.0 120.0 96.0 of
6384.0 18908.0 184.0 84.0 tlm
6616.0 18904.0 428.0 96.0 several

4264.0 19004.0 696.0 104.0 committees
5008.0 19019.0 116.0 84.0 to
5164.0 19016.0 172.0 92.0 set
5384.0 19012.0 300.0 100.0 forth
5732.0 19012.0 292.0 100.0 their
6112.0 19016.0 280.0 96.0 need
6480.0 19012.0 160.0 100.0 foi
6740.0 19016.0 264.0 100.0 cleri-

4264.0 19120.0 164.0 100.0 cal
4480.0 19120.0 644.0 104.0 assistance.
5252.0 19120.0 364.0 104.0 There
5664.0 19147.0 228.0 76.0 was
5940.0 19147.0 148.0 80.0 no
6136.0 19127.0 348.0 100.0 doubt
6572.0 19127.0 240.0 104.0 that
6860.0 19131.0 188.0 104.0 the

4264.0 19235.0 396.0 100.0 claims
4744.0 19239.0 636.0 100.0 committee
5468.0 19239.0 424.0 104.0 needed
5980.0 19239.0 360.0 104.0 clerks
6424.0 19243.0 224.0 100.0 and
6740.0 19247.0 308.0 100.0 there

4268.0 19376.0 80.0 76.0 vv
4376.0 19376.0 184.0 76.0 ere
4600.0 19351.0 688.0 100.0 committees
5332.0 19355.0 512.0 108.0 leportcd
5892.0 19360.0 252.0 96.0 who
6228.0 19355.0 216.0 104.0 had
6536.0 19360.0 276.0 100.0 been
6900.0 19364.0 108.0 100.0 al-

4268.0 19468.0 356.0 104.0 lowed
4672.0 19468.0 364.0 104.0 clerks
5100.0 19468.0 224.0 104.0 and
5376.0 19495.0 80.0 76.0 w
5488.0 19476.0 136.0 96.0 ho
5668.0 19472.0 192.0 100.0 did
5908.0 19480.0 196.0 92.0 not
6152.0 19491.0 280.0 80.0 need
6468.0 19476.0 336.0 104.0 them.

4392.0 19584.0 104.0 100.0 It
4544.0 19607.0 228.0 76.0 was
4832.0 19588.0 664.0 100.0 announced
5592.0 19588.0 240.0 100.0 that
5920.0 19595.0 188.0 96.0 the
6188.0 19615.0 560.0 88.0 governor
6832.0 19588.0 216.0 108.0 had

4268.0 19695.0 400.0 124.0 signed
4716.0 19703.0 344.0 96.0 house
5108.0 19703.0 204.0 100.0 roll
5408.0 19707.0 108.0 96.0 IT
5604.0 19707.0 176.0 96.0 for
5872.0 19703.0 188.0 100.0 the
6148.0 19703.0 324.0 104.0 relief
6560.0 19707.0 124.0 100.0 of
6768.0 19707.0 280.0 104.0 Otoe

4268.0 19819.0 416.0 120.0 county
4736.0 19819.0 224.0 100.0 and
5008.0 19815.0 240.0 104.0 that
5328.0 19819.0 192.0 100.0 the
5588.0 19828.0 392.0 92.0 senate
6068.0 19819.0 216.0 104.0 had
6380.0 19823.0 396.0 136.0 passed
6864.0 19823.0 188.0 104.0 the

4272.0 19936.0 348.0 100.0 house
4664.0 19936.0 272.0 100.0 rolls
4972.0 19940.0 180.0 92.0 U47
5156.0 20007.0 24.0 44.0 ,
5232.0 19936.0 736.0 120.0 establishing
6016.0 19963.0 64.0 72.0 a
6124.0 19940.0 508.0 100.0 soldiers'
6724.0 19940.0 328.0 104.0 home

4268.0 20056.0 116.0 92.0 at
4424.0 20048.0 384.0 104.0 Grand
4868.0 20052.0 380.0 100.0 Island
5260.0 20123.0 24.0 44.0 ,
5332.0 20052.0 228.0 104.0 and
5616.0 20059.0 44.0 92.0 l
5744.0 20056.0 72.0 108.0 2.
5868.0 20052.0 416.0 124.0 paying
6340.0 20056.0 208.0 104.0 Pat
6632.0 20052.0 416.0 108.0 llawes

4268.0 20163.0 176.0 104.0 tils
4488.0 20167.0 760.0 104.0 commission.

4392.0 20283.0 200.0 104.0 Mr.
4652.0 20279.0 596.0 108.0 Underbill
5336.0 20283.0 124.0 100.0 of
5504.0 20283.0 280.0 104.0 Otoo
5860.0 20283.0 484.0 124.0 opposed
6396.0 20287.0 188.0 100.0 the
6644.0 20316.0 360.0 76.0 recom-

4268.0 20400.0 516.0 100.0 mitment
4872.0 20400.0 228.0 100.0 and
5188.0 20400.0 204.0 104.0 Mr.
5508.0 20400.0 664.0 104.0 Pembertoii
6264.0 20404.0 124.0 100.0 of
6484.0 20404.0 560.0 104.0 .lelTeison

4268.0 20516.0 456.0 104.0 showed
4772.0 20516.0 188.0 104.0 the
5004.0 20527.0 288.0 92.0 state
5340.0 20520.0 372.0 104.0 would
5792.0 20520.0 284.0 100.0 have
6124.0 20520.0 276.0 100.0 been
6448.0 20524.0 196.0 104.0 S'20
6688.0 20524.0 360.0 104.0 ahead

4272.0 20631.0 80.0 104.0 it
4408.0 20635.0 184.0 100.0 the
4632.0 20635.0 340.0 100.0 house
5016.0 20635.0 220.0 108.0 had
5284.0 20660.0 344.0 80.0 never
5696.0 20631.0 660.0 112.0 considered
6448.0 20639.0 188.0 104.0 the
6740.0 20664.0 272.0 100.0 ques

4268.0 20747.0 280.0 108.0 tion.

4268.0 20747.0 288.0 224.0 tion.Mr.

4384.0 20872.0 208.0 100.0 Mr.
4648.0 20868.0 404.0 104.0 Xlchol
5104.0 20868.0 556.0 124.0 protested
5708.0 20868.0 448.0 116.0 against
6200.0 20868.0 228.0 104.0 this
6468.0 20872.0 584.0 104.0 discharro

4268.0 20988.0 124.0 100.0 of
4476.0 20988.0 176.0 100.0 his
4700.0 20988.0 296.0 100.0 clerk
5008.0 21059.0 28.0 40.0 ,
5088.0 20988.0 224.0 100.0 and
5404.0 20988.0 204.0 100.0 Mr.
5700.0 20988.0 416.0 104.0 lirown
6228.0 20995.0 116.0 92.0 ot
6424.0 20988.0 628.0 104.0 Hitchcock

4276.0 21099.0 448.0 100.0 wanted
4776.0 21111.0 112.0 88.0 to
4936.0 21107.0 180.0 92.0 eet
5184.0 21103.0 324.0 96.0 home
5548.0 21107.0 308.0 120.0 early
5956.0 21099.0 228.0 108.0 and
6232.0 21107.0 188.0 100.0 the
6528.0 21107.0 520.0 124.0 question

4272.0 21215.0 468.0 104.0 decided
4788.0 21219.0 376.0 96.0 befoio
5212.0 21219.0 484.0 116.0 leaving.

4392.0 21336.0 208.0 100.0 Mr.
4664.0 21331.0 376.0 100.0 Peters
5084.0 21331.0 240.0 104.0 said
5412.0 21340.0 264.0 108.0 they
5764.0 21331.0 220.0 104.0 had
6088.0 21331.0 412.0 120.0 special
6592.0 21359.0 456.0 80.0 reasons

4280.0 21452.0 172.0 100.0 for
4540.0 21471.0 192.0 80.0 noc
4820.0 21448.0 408.0 120.0 asking
5348.0 21448.0 188.0 100.0 the
5640.0 21448.0 568.0 104.0 chalimen
6324.0 21452.0 340.0 100.0 about
6768.0 21456.0 292.0 100.0 their

4272.0 21563.0 392.0 108.0 clerks.
4796.0 21563.0 336.0 104.0 Some
5196.0 21563.0 120.0 100.0 of
5364.0 21563.0 184.0 100.0 the
5592.0 21563.0 332.0 104.0 latter
5964.0 21587.0 288.0 84.0 were
6284.0 21575.0 516.0 112.0 partners
6832.0 21567.0 228.0 104.0 and

4288.0 21683.0 516.0 100.0 lelattves
4844.0 21683.0 124.0 96.0 of
5012.0 21679.0 188.0 104.0 the
5240.0 21679.0 624.0 104.0 chairmen.

4396.0 21804.0 104.0 96.0 A
4548.0 21799.0 244.0 96.0 host
4832.0 21799.0 120.0 96.0 of
5056.0 21799.0 492.0 100.0 motions
5632.0 21795.0 224.0 104.0 and
5964.0 21795.0 792.0 108.0 amendments
6864.0 21799.0 160.0 104.0 fol-

4280.0 21908.0 356.0 104.0 lowed
4684.0 21912.0 224.0 100.0 and
4956.0 21912.0 184.0 100.0 the
5188.0 21912.0 340.0 104.0 result
5596.0 21935.0 228.0 76.0 was
5872.0 21916.0 188.0 96.0 the
6144.0 21916.0 304.0 100.0 force
6552.0 21939.0 236.0 76.0 was
6904.0 21939.0 112.0 76.0 re-

4280.0 22028.0 356.0 100.0 duced
4684.0 22031.0 136.0 116.0 by
4872.0 22031.0 504.0 96.0 fourteen
5396.0 22099.0 24.0 44.0 ,
5468.0 22051.0 340.0 76.0 seven
5860.0 22031.0 116.0 96.0 of
6028.0 22031.0 364.0 96.0 whom
6500.0 22055.0 184.0 76.0 are
6728.0 22055.0 340.0 100.0 pages

4284.0 22151.0 116.0 88.0 at
4508.0 22124.0 292.0 124.0 St.0
4844.0 22168.0 192.0 80.0 uer
5080.0 22143.0 216.0 120.0 day
5304.0 22215.0 28.0 44.0 ,
5380.0 22163.0 336.0 76.0 seven
5772.0 22143.0 364.0 100.0 cleiks
6172.0 22151.0 116.0 92.0 at
6332.0 22147.0 132.0 104.0 S3
6512.0 22172.0 192.0 96.0 per
6804.0 22147.0 220.0 124.0 day
7028.0 22220.0 28.0 48.0 ,

4292.0 22255.0 464.0 116.0 luffing
4804.0 22280.0 72.0 76.0 a
4916.0 22280.0 176.0 72.0 siv
5124.0 22255.0 192.0 108.0 Ing
5360.0 22259.0 124.0 96.0 of
5516.0 22259.0 356.0 104.0 531.50
5912.0 22280.0 196.0 84.0 per
6152.0 22263.0 256.0 116.0 day.

4408.0 22371.0 448.0 104.0 Messrs.
4920.0 22367.0 884.0 108.0 Whitmoroand
5856.0 22371.0 448.0 104.0 l'us.scll
6380.0 22376.0 468.0 124.0 forcibly
6892.0 22403.0 120.0 72.0 ar-

4292.0 22488.0 464.0 104.0 raigned
4844.0 22488.0 188.0 100.0 the
5076.0 22488.0 348.0 100.0 house
5468.0 22488.0 176.0 100.0 for
5676.0 22492.0 188.0 100.0 the
5944.0 22492.0 616.0 104.0 cowardice
6668.0 22492.0 84.0 100.0 It
6856.0 22496.0 220.0 100.0 dis-

4292.0 22603.0 400.0 116.0 ulajed
4748.0 22603.0 112.0 100.0 in
4912.0 22603.0 484.0 120.0 treating
5504.0 22607.0 188.0 96.0 the
5796.0 22603.0 968.0 104.0 Sncll-McKenna
6804.0 22631.0 212.0 76.0 con-

4292.0 22719.0 352.0 104.0 tested
4712.0 22719.0 476.0 100.0 election
5304.0 22735.0 400.0 100.0 repoit.
5864.0 22727.0 160.0 96.0 As
6128.0 22748.0 64.0 76.0 a
6276.0 22748.0 788.0 100.0 consequence

4288.0 22835.0 188.0 100.0 the
4520.0 22860.0 304.0 76.0 same
4868.0 22860.0 232.0 76.0 was
5144.0 22839.0 324.0 100.0 made
5512.0 22863.0 64.0 76.0 a
5616.0 22839.0 412.0 120.0 special
6096.0 22839.0 328.0 100.0 order
6472.0 22844.0 176.0 96.0 tor
6728.0 22839.0 300.0 104.0 Tues-

4288.0 22956.0 220.0 120.0 day
4548.0 22964.0 116.0 92.0 at
4700.0 22956.0 60.0 92.0 3
4804.0 22948.0 456.0 108.0 o'clock.
5380.0 22952.0 248.0 100.0 Thn
5720.0 22952.0 472.0 104.0 Lincoln
6300.0 22956.0 444.0 104.0 charter
6848.0 22979.0 228.0 76.0 was

4292.0 23068.0 320.0 100.0 made
4656.0 23095.0 64.0 72.0 a
4760.0 23068.0 420.0 120.0 special
5220.0 23068.0 324.0 104.0 order
5596.0 23071.0 172.0 100.0 for
5872.0 23071.0 188.0 100.0 the
6164.0 23095.0 308.0 80.0 same
6516.0 23071.0 220.0 120.0 day
6784.0 23079.0 112.0 96.0 at
6952.0 23075.0 112.0 96.0 10

4288.0 23183.0 464.0 104.0 o'clock.
4888.0 23183.0 404.0 104.0 Kecess
5336.0 23183.0 172.0 104.0 till
5568.0 23187.0 60.0 92.0 2
5676.0 23183.0 456.0 108.0 o'clock.

4992.0 23320.0 764.0 84.0 ArTKHXOON
5844.0 23324.0 492.0 80.0 SKSSION'
6340.0 23372.0 28.0 36.0 .

4412.0 23415.0 208.0 100.0 Mr.
4676.0 23411.0 620.0 104.0 Whitmore
5340.0 23415.0 352.0 100.0 called
5752.0 23415.0 168.0 100.0 for
6008.0 23415.0 188.0 104.0 the
6244.0 23415.0 424.0 112.0 special
6716.0 23420.0 332.0 104.0 order
7048.0 23491.0 24.0 44.0 ,

4288.0 23532.0 196.0 104.0 thn
4528.0 23528.0 964.0 108.0 Snell-McKenna
5532.0 23536.0 580.0 100.0 contested
6156.0 23536.0 528.0 100.0 election.

4412.0 23643.0 204.0 104.0 Mr.
4668.0 23643.0 808.0 128.0 McConaiighv
5520.0 23651.0 116.0 92.0 ot
5692.0 23647.0 280.0 100.0 Polk
6052.0 23651.0 348.0 100.0 asked
6492.0 23675.0 112.0 72.0 to
6688.0 23647.0 132.0 104.0 be
6900.0 23675.0 140.0 76.0 ex-

4292.0 23763.0 336.0 100.0 cused
4716.0 23763.0 296.0 100.0 until
5096.0 23759.0 560.0 120.0 Tuesday.
5844.0 23763.0 448.0 104.0 Messrs.
6420.0 23763.0 628.0 104.0 Whitmore
7056.0 23840.0 24.0 44.0 ,

4292.0 23892.0 192.0 92.0 bin
4496.0 23903.0 44.0 100.0 )
4576.0 23879.0 112.0 100.0 tli
4800.0 23879.0 224.0 100.0 and
5100.0 23875.0 588.0 104.0 Truesdell
5756.0 23879.0 508.0 116.0 objected
6312.0 23883.0 296.0 100.0 until
6700.0 23883.0 376.0 100.0 action

4288.0 23996.0 400.0 104.0 should
4740.0 23992.0 132.0 104.0 be
4936.0 24000.0 340.0 108.0 taken
5324.0 24019.0 148.0 80.0 on
5528.0 23996.0 116.0 104.0 th
5680.0 24019.0 64.0 76.0 o
5788.0 23987.0 436.0 132.0 subject
6268.0 24000.0 128.0 96.0 of
6440.0 24000.0 188.0 100.0 the
6672.0 24000.0 416.0 116.0 speciul

4292.0 24111.0 360.0 104.0 order.

4408.0 24231.0 208.0 104.0 Mi.
4672.0 24227.0 804.0 124.0 McConaughy
5520.0 24223.0 660.0 108.0 disclaimed
6228.0 24252.0 224.0 100.0 any
6512.0 24223.0 572.0 108.0 Intention

4292.0 24347.0 112.0 100.0 to
4444.0 24347.0 364.0 104.0 dodue
4848.0 24375.0 64.0 72.0 a
4964.0 24351.0 252.0 100.0 vote
5260.0 24368.0 300.0 84.0 upon
5612.0 24347.0 188.0 100.0 the
5844.0 24347.0 480.0 104.0 election
6372.0 24368.0 288.0 80.0 case.
6856.0 24351.0 224.0 96.0 Hut

4292.0 24464.0 140.0 100.0 ho
4476.0 24464.0 440.0 104.0 desired
4960.0 24472.0 116.0 92.0 to
5120.0 24464.0 392.0 100.0 attend
5560.0 24464.0 116.0 96.0 to
5716.0 24460.0 424.0 104.0 certain
6240.0 24464.0 520.0 100.0 business
6868.0 24464.0 224.0 100.0 and

4296.0 24579.0 84.0 100.0 It
4448.0 24603.0 232.0 76.0 was
4724.0 24583.0 184.0 100.0 thu
4956.0 24587.0 232.0 96.0 first
5236.0 24583.0 272.0 100.0 time
5552.0 24575.0 152.0 104.0 he
5740.0 24579.0 224.0 100.0 had
6044.0 24572.0 348.0 108.0 asked
6488.0 24591.0 116.0 88.0 to
6692.0 24579.0 132.0 96.0 bo
6912.0 24603.0 136.0 76.0 ex

4292.0 24699.0 376.0 96.0 cused.

4412.0 24811.0 176.0 100.0 On
4636.0 24811.0 252.0 100.0 vote
4932.0 24815.0 120.0 96.0 of
5100.0 24807.0 188.0 104.0 the
5332.0 24807.0 348.0 104.0 house
5684.0 24880.0 28.0 52.0 ,
5756.0 24803.0 144.0 104.0 lie
5976.0 24828.0 232.0 80.0 was
6292.0 24815.0 472.0 112.0 granted
6860.0 24832.0 232.0 100.0 per-

4300.0 24928.0 468.0 100.0 miss-on
4820.0 24936.0 124.0 92.0 to
4992.0 24951.0 140.0 80.0 co
5176.0 24928.0 360.0 100.0 home.

4416.0 25040.0 240.0 100.0 The
4696.0 25043.0 344.0 100.0 house
5076.0 25063.0 228.0 80.0 was
5328.0 25036.0 356.0 104.0 called
5732.0 25059.0 148.0 80.0 on
5924.0 25032.0 1172.0 112.0 thebnell-McKenna

4296.0 25163.0 472.0 96.0 contest.
4900.0 25151.0 288.0 108.0 Itoth
5236.0 25159.0 124.0 96.0 of
5408.0 25159.0 312.0 96.0 these
5780.0 25151.0 648.0 120.0 gentlemen
6524.0 25179.0 188.0 80.0 are
6808.0 25159.0 284.0 100.0 from

4300.0 25267.0 360.0 128.0 Sarpv
4772.0 25279.0 456.0 112.0 county.
5320.0 25267.0 604.0 108.0 McKenna
6008.0 25271.0 468.0 112.0 holding
6544.0 25300.0 60.0 72.0 a
6648.0 25283.0 236.0 92.0 seat
6924.0 25271.0 168.0 104.0 'in
7080.0 25307.0 12.0 68.0 i

4300.0 25383.0 188.0 104.0 the
4572.0 25391.0 344.0 96.0 house
5004.0 25387.0 364.0 104.0 which
5460.0 25387.0 96.0 104.0 is
5628.0 25387.0 476.0 104.0 claimed
6152.0 25387.0 144.0 120.0 by
6340.0 25387.0 320.0 100.0 bncll
6708.0 25411.0 148.0 76.0 on
6912.0 25400.0 188.0 92.0 the
7080.0 25415.0 20.0 72.0 i

4304.0 25500.0 428.0 120.0 ground
4776.0 25508.0 124.0 92.0 of
4948.0 25504.0 372.0 120.0 Illegal
5388.0 25511.0 424.0 112.0 voting.

4424.0 25612.0 208.0 104.0 Mr.
4732.0 25612.0 612.0 108.0 Whitmore
5432.0 25619.0 268.0 104.0 then
5812.0 25619.0 396.0 100.0 moved
6300.0 25615.0 240.0 104.0 that
6652.0 25615.0 440.0 104.0 further

4304.0 25731.0 368.0 100.0 action
4820.0 25755.0 144.0 76.0 on
5116.0 25731.0 184.0 104.0 the
5440.0 25735.0 212.0 100.0 rail
5752.0 25731.0 140.0 100.0 bo
5992.0 25731.0 612.0 124.0 dispensed
6776.0 25735.0 308.0 104.0 with.

4300.0 25843.0 284.0 104.0 Tills
4772.0 25872.0 228.0 72.0 was
5184.0 25851.0 204.0 96.0 lost
5400.0 25920.0 24.0 44.0 ,
5616.0 25855.0 220.0 100.0 and
6028.0 25851.0 188.0 100.0 the
6420.0 25847.0 308.0 104.0 clmlr
6908.0 25851.0 196.0 100.0 1m-

4308.0 25959.0 576.0 104.0 lut'dUU'h
5112.0 25963.0 472.0 104.0 ordered
5812.0 25947.0 188.0 128.0 the
6204.0 25976.0 340.0 92.0 doors
6724.0 25963.0 376.0 104.0 closed

4304.0 26076.0 224.0 100.0 and
4620.0 26099.0 68.0 76.0 n
4744.0 26107.0 24.0 52.0 i
4968.0 26107.0 28.0 56.0 >
5152.0 26076.0 600.0 116.0 iH-rmUted
5840.0 26095.0 112.0 84.0 to
6028.0 26107.0 148.0 76.0 ire
6256.0 26076.0 404.0 108.0 abroad
6672.0 26151.0 32.0 44.0 ,
6764.0 26083.0 332.0 100.0 while

4308.0 26203.0 192.0 92.0 the
4580.0 26228.0 84.0 64.0 M
4712.0 26215.0 32.0 76.0 !
4900.0 26232.0 104.0 56.0 .1.
5016.0 26255.0 28.0 36.0 .
5064.0 26247.0 36.0 40.0 .
5144.0 26219.0 460.0 76.0 .i-.vrnn
5220.0 26211.0 24.0 80.0 [
5656.0 26223.0 224.0 72.0 was
5948.0 26211.0 256.0 88.0 sent
6300.0 26203.0 116.0 96.0 to
6480.0 26199.0 392.0 100.0 search
6916.0 26199.0 184.0 100.0 for

4312.0 26307.0 516.0 100.0 member
4828.0 26355.0 28.0 44.0 ,
4960.0 26311.0 160.0 92.0 alv
5120.0 26351.0 32.0 36.0 ,
5156.0 26343.0 28.0 56.0 .
5232.0 26319.0 116.0 88.0 nt
5444.0 26307.0 472.0 104.0 wit'out
6008.0 26336.0 500.0 80.0 excuses.
6632.0 26311.0 456.0 108.0 Messrs.

4312.0 26419.0 408.0 104.0 Brown
4772.0 26423.0 124.0 96.0 of
5012.0 26419.0 600.0 104.0 Hitchcock
5628.0 26496.0 28.0 48.0 ,
5716.0 26427.0 364.0 104.0 slater
6120.0 26436.0 120.0 92.0 ot
6316.0 26427.0 436.0 116.0 Wayne
6752.0 26503.0 28.0 48.0 ,
6832.0 26436.0 32.0 92.0 (
6860.0 26431.0 240.0 100.0 Jar-

4308.0 26563.0 52.0 72.0 >
4380.0 26563.0 140.0 92.0 ey
4560.0 26544.0 124.0 96.0 of
4796.0 26535.0 492.0 120.0 Douglas
5292.0 26611.0 24.0 40.0 ,
5368.0 26548.0 228.0 92.0 anil
5668.0 26540.0 364.0 104.0 Fucha
6072.0 26544.0 228.0 104.0 and
6356.0 26548.0 536.0 100.0 Bowman
6964.0 26544.0 128.0 100.0 of

4312.0 26652.0 700.0 104.0 Plattevvciu
5096.0 26655.0 752.0 128.0 successively
5892.0 26659.0 476.0 112.0 brotuht
6472.0 26667.0 116.0 92.0 to
6656.0 26663.0 196.0 100.0 the
6896.0 26655.0 200.0 108.0 bar

4304.0 26771.0 128.0 100.0 of
4532.0 26775.0 188.0 96.0 thn
4808.0 26771.0 340.0 96.0 house
5152.0 26843.0 32.0 44.0 ,
5272.0 26767.0 264.0 112.0 and.
5612.0 26800.0 148.0 72.0 on
5872.0 26775.0 420.0 100.0 motion
6308.0 26847.0 32.0 40.0 ,
6424.0 26775.0 672.0 112.0 discharged

4316.0 26891.0 288.0 92.0 trom
4656.0 26887.0 508.0 112.0 eustody.
5288.0 26895.0 168.0 92.0 As
5520.0 26887.0 192.0 100.0 the
5752.0 26887.0 476.0 104.0 absenro
6272.0 26891.0 128.0 100.0 of
6500.0 26915.0 308.0 76.0 some
6856.0 26915.0 200.0 80.0 par-

4316.0 26999.0 404.0 104.0 ticular
4812.0 27016.0 492.0 88.0 member
5344.0 27027.0 228.0 72.0 was
5620.0 27008.0 196.0 96.0 not
5864.0 27012.0 196.0 96.0 ced
6072.0 27079.0 28.0 44.0 ,
6152.0 27008.0 196.0 100.0 the
6384.0 27012.0 716.0 108.0 sergeant-at-

4312.0 27139.0 300.0 76.0 arms
4664.0 27139.0 228.0 76.0 was
4932.0 27116.0 652.0 124.0 dispatcher
5644.0 27120.0 112.0 100.0 in
5824.0 27127.0 388.0 96.0 search
6256.0 27120.0 128.0 100.0 of
6464.0 27120.0 268.0 104.0 him.
6860.0 27123.0 240.0 100.0 The

4320.0 27231.0 668.0 116.0 proceeding
5052.0 27231.0 528.0 116.0 occupied
5672.0 27235.0 336.0 108.0 about
6088.0 27263.0 144.0 76.0 an
6324.0 27239.0 300.0 100.0 hour
6612.0 27311.0 28.0 44.0 ,
6688.0 27239.0 412.0 116.0 during

4320.0 27343.0 360.0 104.0 which
4732.0 27343.0 272.0 104.0 time
5092.0 27347.0 496.0 104.0 nothing
5624.0 27372.0 228.0 76.0 was
5924.0 27355.0 296.0 100.0 done
6296.0 27359.0 396.0 116.0 except
6736.0 27367.0 116.0 88.0 to
6892.0 27380.0 144.0 76.0 enJoy
7044.0 27403.0 56.0 24.0 -

4312.0 27459.0 192.0 124.0 Joy
4552.0 27459.0 188.0 104.0 the
4788.0 27463.0 456.0 120.0 novelty
5292.0 27459.0 224.0 108.0 and
5568.0 27467.0 188.0 96.0 the
5800.0 27467.0 840.0 104.0 ludlcrousness
6684.0 27476.0 124.0 96.0 of
6912.0 27471.0 188.0 104.0 the

4312.0 27599.0 336.0 80.0 scene
4648.0 27647.0 28.0 36.0 ,
4804.0 27575.0 480.0 112.0 further
5388.0 27580.0 372.0 112.0 action
5876.0 27603.0 228.0 84.0 was
6180.0 27595.0 120.0 92.0 at
6372.0 27584.0 396.0 124.0 length
6868.0 27588.0 176.0 104.0 dis-

4316.0 27692.0 420.0 108.0 pensed
4788.0 27695.0 304.0 108.0 with.

4428.0 27811.0 220.0 108.0 Mr.
4708.0 27811.0 596.0 112.0 Dempster
5344.0 27811.0 124.0 104.0 of
5584.0 27811.0 524.0 108.0 Fillmore
6192.0 27815.0 400.0 108.0 moved
6636.0 27811.0 240.0 108.0 that
6876.0 27887.0 36.0 48.0 ,
6964.0 27815.0 124.0 104.0 in

4308.0 27923.0 296.0 124.0 view
4636.0 27931.0 124.0 104.0 of
4804.0 27931.0 188.0 112.0 tht
5032.0 27931.0 232.0 116.0 fact
5312.0 27931.0 244.0 120.0 that
5596.0 27931.0 192.0 116.0 the
5756.0 28031.0 28.0 36.0 ,
5904.0 27931.0 188.0 124.0 vid
6164.0 27955.0 140.0 92.0 uc
6416.0 27931.0 128.0 120.0 ol
6592.0 27935.0 188.0 116.0 Uie
6828.0 27959.0 216.0 100.0 con

7140.0 2624.0 212.0 96.0 test
7408.0 2640.0 228.0 80.0 was
7720.0 2616.0 468.0 132.0 lengthy
8196.0 2696.0 24.0 24.0 ,
8276.0 2624.0 352.0 124.0 thirty
8720.0 2628.0 492.0 104.0 minutes
9276.0 2628.0 132.0 100.0 bo
9452.0 2620.0 472.0 108.0 allowed

7140.0 2740.0 268.0 96.0 each
7456.0 2736.0 240.0 100.0 side
7748.0 2736.0 112.0 104.0 In
7908.0 2728.0 356.0 116.0 which
8320.0 2752.0 112.0 88.0 to
8480.0 2752.0 456.0 112.0 present
8984.0 2756.0 140.0 88.0 Its
9172.0 2772.0 124.0 72.0 ca
9364.0 2768.0 92.0 76.0 e.

7260.0 2844.0 204.0 108.0 Mr.
7572.0 2852.0 612.0 108.0 Whitmore
8252.0 2860.0 472.0 124.0 thought
8816.0 2864.0 184.0 96.0 the
9088.0 2856.0 652.0 104.0 committee
9824.0 2852.0 120.0 104.0 of

7144.0 2964.0 188.0 104.0 the
7420.0 2968.0 348.0 104.0 house
7860.0 2996.0 228.0 80.0 was
8152.0 2972.0 240.0 120.0 just
8456.0 3000.0 124.0 76.0 as
8680.0 2980.0 640.0 112.0 competent
9368.0 2980.0 116.0 96.0 to
9532.0 2972.0 252.0 116.0 iclve
9880.0 3000.0 64.0 72.0 a

7144.0 3084.0 604.0 104.0 statement
7832.0 3092.0 120.0 96.0 of
8060.0 3088.0 228.0 104.0 this
8368.0 3092.0 448.0 100.0 contest
8884.0 3116.0 116.0 76.0 as
9072.0 3116.0 228.0 76.0 was
9392.0 3088.0 504.0 124.0 required
9916.0 3156.0 24.0 52.0 ,

7144.0 3196.0 228.0 100.0 and
7424.0 3200.0 136.0 100.0 he
7612.0 3224.0 228.0 80.0 was
7928.0 3204.0 488.0 124.0 opposed
8472.0 3212.0 112.0 96.0 to
8632.0 3208.0 540.0 112.0 allowing
9256.0 3204.0 444.0 104.0 outside
9792.0 3212.0 156.0 92.0 at-

7148.0 3320.0 456.0 100.0 tornevs
7652.0 3320.0 116.0 96.0 to
7812.0 3340.0 416.0 116.0 appear
8276.0 3316.0 380.0 108.0 before
8704.0 3320.0 184.0 104.0 the
8936.0 3320.0 392.0 104.0 house.

7264.0 3428.0 204.0 104.0 Mr.
7580.0 3424.0 412.0 132.0 Tingle
8096.0 3436.0 124.0 104.0 of
8388.0 3440.0 412.0 100.0 lirown
8968.0 3432.0 400.0 108.0 share.l
9484.0 3432.0 116.0 104.0 In
9716.0 3428.0 232.0 112.0 this

7148.0 3544.0 520.0 124.0 opinion.

7268.0 3664.0 204.0 104.0 Mr.
7536.0 3660.0 656.0 112.0 Xevrcomcr
8236.0 3668.0 476.0 124.0 thought
8760.0 3668.0 264.0 104.0 eieh
9076.0 3668.0 124.0 104.0 of
9304.0 3664.0 184.0 104.0 the
9540.0 3660.0 416.0 136.0 parties

7156.0 3780.0 248.0 100.0 who
7492.0 3776.0 220.0 112.0 had
7800.0 3808.0 140.0 76.0 an
8036.0 3792.0 524.0 112.0 attorney
8656.0 3788.0 348.0 120.0 ought
9096.0 3796.0 116.0 92.0 to
9296.0 3780.0 284.0 108.0 have
9664.0 3784.0 296.0 100.0 their

7156.0 3892.0 408.0 108.0 wishes
7668.0 3900.0 564.0 124.0 respected
8324.0 3908.0 228.0 100.0 and
8656.0 3908.0 296.0 100.0 their
9056.0 3904.0 472.0 100.0 lavvveis
9612.0 3904.0 336.0 116.0 given

7152.0 4012.0 668.0 120.0 permission
7876.0 4028.0 108.0 88.0 to
8028.0 4020.0 384.0 116.0 speak.

7268.0 4128.0 244.0 104.0 The
7564.0 4136.0 424.0 96.0 motion
8044.0 4132.0 600.0 124.0 prevailed.

7268.0 4240.0 244.0 108.0 'Iho
7664.0 4248.0 300.0 104.0 clerk
8096.0 4256.0 268.0 100.0 then
8456.0 4248.0 256.0 108.0 read
8844.0 4248.0 188.0 104.0 the
9152.0 4244.0 524.0 128.0 majority
9804.0 4272.0 112.0 76.0 re-

7152.0 4372.0 252.0 88.0 port
7624.0 4364.0 124.0 100.0 of
7992.0 4364.0 188.0 104.0 the
8404.0 4364.0 640.0 108.0 committee
9296.0 4392.0 144.0 76.0 on
9672.0 4364.0 248.0 124.0 priv-

7156.0 4472.0 348.0 128.0 ileges
7668.0 4480.0 228.0 104.0 and
8060.0 4480.0 572.0 108.0 elections.
8836.0 4484.0 100.0 100.0 It
9104.0 4476.0 852.0 108.0 recommended

7160.0 4592.0 184.0 104.0 the
7392.0 4596.0 532.0 120.0 adoption
7976.0 4600.0 124.0 100.0 of
8204.0 4584.0 184.0 116.0 the
8440.0 4604.0 368.0 116.0 report
8860.0 4600.0 324.0 100.0 made
9232.0 4600.0 136.0 104.0 by
9424.0 4596.0 180.0 100.0 Ihu
9648.0 4620.0 312.0 76.0 same

7152.0 4712.0 640.0 100.0 committee
7836.0 4736.0 308.0 80.0 some
8188.0 4716.0 268.0 100.0 time
8504.0 4740.0 208.0 92.0 ago
8768.0 4716.0 320.0 100.0 when
9144.0 4716.0 84.0 96.0 It
9264.0 4712.0 456.0 104.0 favored
9772.0 4712.0 184.0 100.0 the

7156.0 4824.0 448.0 120.0 seating
7648.0 4832.0 120.0 96.0 of
7820.0 4828.0 184.0 100.0 the
8052.0 4836.0 676.0 108.0 contestant.
8820.0 4836.0 108.0 96.0 J.
8996.0 4828.0 88.0 100.0 1)
9096.0 4896.0 24.0 36.0 .
9176.0 4828.0 360.0 104.0 Shell.
9672.0 4828.0 280.0 100.0 This

7160.0 4944.0 1020.0 104.0 recommendation
8316.0 4972.0 232.0 76.0 was
8676.0 4944.0 332.0 104.0 based
9116.0 4968.0 296.0 96.0 upon
9524.0 4940.0 428.0 120.0 alleged

7168.0 5056.0 368.0 108.0 Illegal
7588.0 5060.0 428.0 108.0 voting.
8144.0 5060.0 604.0 104.0 McKenna
8800.0 5060.0 208.0 104.0 had
9060.0 5088.0 64.0 72.0 a
9228.0 5060.0 528.0 120.0 majority
9840.0 5060.0 124.0 96.0 of

7164.0 5172.0 396.0 108.0 twelve
7648.0 5180.0 308.0 96.0 votes
7964.0 5248.0 28.0 44.0 ,
8108.0 5176.0 332.0 104.0 while
8612.0 5176.0 88.0 104.0 it
8804.0 5200.0 228.0 80.0 was
9136.0 5176.0 476.0 100.0 claimed
9720.0 5172.0 244.0 104.0 that

7164.0 5288.0 312.0 100.0 bnell
7528.0 5292.0 220.0 100.0 had
7796.0 5316.0 416.0 100.0 proven
8268.0 5304.0 112.0 92.0 to
8424.0 5288.0 192.0 108.0 the
8660.0 5292.0 640.0 104.0 committee
9364.0 5296.0 244.0 96.0 that
9660.0 5316.0 304.0 76.0 more

7160.0 5404.0 272.0 100.0 than
7484.0 5404.0 244.0 104.0 that
7776.0 5408.0 472.0 104.0 number
8292.0 5412.0 116.0 96.0 of
8460.0 5412.0 368.0 116.0 Illegal
8880.0 5408.0 400.0 100.0 ballots
9372.0 5408.0 216.0 100.0 had
9680.0 5412.0 280.0 100.0 been

7160.0 5532.0 236.0 92.0 cast
7448.0 5532.0 172.0 88.0 tor
7664.0 5524.0 600.0 104.0 MrKenna
8316.0 5528.0 140.0 116.0 by
8504.0 5528.0 836.0 100.0 nun-residents
9388.0 5528.0 252.0 96.0 who
9680.0 5548.0 288.0 80.0 vveto

7164.0 5648.0 112.0 88.0 at
7324.0 5636.0 188.0 104.0 the
7556.0 5636.0 268.0 108.0 time
7872.0 5644.0 120.0 96.0 of
8040.0 5644.0 184.0 100.0 thn
8272.0 5652.0 476.0 92.0 election
8808.0 5640.0 512.0 120.0 building
9364.0 5672.0 64.0 72.0 a
9476.0 5636.0 488.0 108.0 utllroid

7172.0 5752.0 108.0 96.0 In
7340.0 5752.0 180.0 100.0 the
7572.0 5760.0 476.0 120.0 vicinity
8092.0 5764.0 124.0 96.0 of
8268.0 5760.0 384.0 100.0 Forest
8700.0 5756.0 288.0 124.0 City.
9040.0 5760.0 356.0 120.0 Supy
9500.0 5768.0 456.0 104.0 county.

7164.0 5868.0 700.0 108.0 McKenna's
7916.0 5876.0 248.0 100.0 vote
8212.0 5879.0 436.0 96.0 wasUJl
8660.0 5948.0 28.0 52.0 ,
8748.0 5876.0 328.0 100.0 while
9112.0 5879.0 180.0 96.0 thu
9340.0 5872.0 468.0 104.0 number
9848.0 5879.0 116.0 92.0 ot

7168.0 5988.0 432.0 116.0 alleged
7704.0 5992.0 376.0 120.0 illegal
8192.0 5992.0 396.0 104.0 ballots
8692.0 5992.0 580.0 124.0 deposited
9432.0 5996.0 172.0 100.0 for
9732.0 5988.0 232.0 100.0 him

7164.0 6108.0 608.0 100.0 amounted
7824.0 6116.0 116.0 92.0 to
7988.0 6112.0 332.0 116.0 forty.
8460.0 6108.0 36.0 104.0 l
8512.0 6112.0 36.0 92.0 )
8632.0 6108.0 464.0 116.0 ducting
9184.0 6108.0 224.0 100.0 this
9500.0 6108.0 472.0 100.0 number

7172.0 6224.0 288.0 96.0 Irotn
7512.0 6220.0 188.0 104.0 the
7748.0 6228.0 272.0 96.0 total
8072.0 6224.0 368.0 124.0 places
8548.0 6224.0 696.0 104.0 McKenna's
9292.0 6236.0 256.0 88.0 vote
9592.0 6232.0 120.0 92.0 at
9748.0 6228.0 212.0 96.0 to7.

7284.0 6336.0 240.0 100.0 The
7572.0 6340.0 536.0 120.0 minority
8156.0 6347.0 372.0 116.0 report
8636.0 6344.0 92.0 96.0 Is
8828.0 6364.0 112.0 76.0 in
9044.0 6347.0 328.0 96.0 effect
9476.0 6340.0 244.0 100.0 that
9828.0 6344.0 140.0 96.0 Its

7172.0 6451.0 440.0 104.0 makers
7656.0 6468.0 420.0 88.0 cannot
8120.0 6484.0 328.0 80.0 agree
8528.0 6451.0 272.0 104.0 with
8848.0 6456.0 188.0 104.0 the
9120.0 6451.0 788.0 108.0 recommenda-

7172.0 6572.0 236.0 96.0 tion
7468.0 6576.0 120.0 96.0 of
7636.0 6572.0 184.0 100.0 the
7868.0 6572.0 524.0 120.0 mijorlty
8476.0 6572.0 468.0 100.0 because
9052.0 6572.0 188.0 100.0 the
9348.0 6572.0 620.0 108.0 testimony

7172.0 6684.0 264.0 100.0 does
7488.0 6692.0 200.0 96.0 not
7776.0 6696.0 308.0 92.0 show
8180.0 6692.0 240.0 96.0 that
8508.0 6688.0 188.0 104.0 the
8808.0 6692.0 508.0 100.0 fourteen
9428.0 6696.0 312.0 92.0 votes
9852.0 6684.0 112.0 100.0 In

7172.0 6808.0 516.0 112.0 question
7752.0 6828.0 280.0 76.0 were
8084.0 6800.0 360.0 120.0 Illegal
8456.0 6872.0 28.0 48.0 ,
8548.0 6800.0 224.0 104.0 and
8788.0 6880.0 24.0 40.0 ,
8872.0 6804.0 88.0 100.0 if
9028.0 6808.0 264.0 112.0 they
9360.0 6828.0 292.0 76.0 were
9660.0 6876.0 28.0 44.0 ,
9804.0 6808.0 172.0 92.0 tor

7176.0 6915.0 360.0 100.0 whom
7588.0 6932.0 260.0 100.0 they
7904.0 6944.0 284.0 76.0 were
8232.0 6928.0 232.0 92.0 cast
8476.0 6992.0 24.0 48.0 ,
8576.0 6919.0 184.0 100.0 the
8804.0 6924.0 632.0 100.0 contestant
9488.0 6944.0 124.0 76.0 or
9724.0 6940.0 252.0 80.0 con-

7168.0 7040.0 380.0 92.0 testee.
7680.0 7032.0 236.0 104.0 The
7928.0 7060.0 44.0 96.0 )
8048.0 7060.0 288.0 76.0 were
8380.0 7044.0 236.0 92.0 cast
8704.0 7044.0 296.0 92.0 after
9080.0 7036.0 188.0 100.0 the
9372.0 7040.0 260.0 96.0 oath
9744.0 7056.0 192.0 100.0 pre-

7168.0 7144.0 428.0 104.0 scribed
7648.0 7148.0 212.0 104.0 had
7952.0 7156.0 272.0 96.0 been
8272.0 7152.0 344.0 100.0 taken
8732.0 7152.0 268.0 104.0 vvitli
9108.0 7152.0 148.0 104.0 all
9364.0 7156.0 184.0 100.0 the
9656.0 7152.0 320.0 100.0 other

7168.0 7272.0 556.0 112.0 statutory
7776.0 7268.0 676.0 112.0 provisions.

7292.0 7383.0 564.0 120.0 Attorney
7964.0 7387.0 224.0 96.0 Lee
8292.0 7380.0 416.0 104.0 Kstello
8820.0 7383.0 544.0 128.0 appeared
9476.0 7383.0 180.0 100.0 for
9760.0 7380.0 220.0 104.0 Mc-

7180.0 7491.0 412.0 104.0 Ketina
7700.0 7508.0 216.0 92.0 ami
8008.0 7500.0 208.0 104.0 Mr.
8268.0 7504.0 492.0 120.0 Maguey
8804.0 7512.0 116.0 92.0 ot
9020.0 7500.0 552.0 124.0 Papllllon
9628.0 7500.0 352.0 120.0 spoke

7180.0 7616.0 176.0 92.0 'or
7424.0 7616.0 196.0 100.0 Mr.
7680.0 7616.0 348.0 104.0 Snell.

7296.0 7728.0 556.0 124.0 Speeches
7900.0 7760.0 288.0 76.0 were
8236.0 7732.0 664.0 104.0 afterwards
8964.0 7732.0 324.0 104.0 made
9336.0 7747.0 140.0 108.0 by
9524.0 7732.0 448.0 104.0 Messrs.

7236.0 7848.0 384.0 100.0 Instil
7672.0 7851.0 124.0 96.0 of
7840.0 7848.0 396.0 104.0 Colfax
8280.0 7851.0 228.0 100.0 and
8556.0 7851.0 244.0 100.0 Kiel
8860.0 7855.0 120.0 96.0 of
9036.0 7851.0 292.0 104.0 Hall.

7300.0 7964.0 220.0 104.0 Mr.
7568.0 7964.0 660.0 104.0 Xewcomor
8272.0 7968.0 388.0 100.0 moved
8704.0 7972.0 240.0 96.0 that
8992.0 7972.0 184.0 96.0 the
9212.0 7968.0 372.0 116.0 report
9624.0 7964.0 124.0 100.0 of
9796.0 7959.0 184.0 104.0 the

7188.0 8084.0 536.0 120.0 minority
7768.0 8084.0 124.0 100.0 of
7936.0 8092.0 188.0 92.0 the
8172.0 8084.0 640.0 104.0 committee
8860.0 8088.0 128.0 96.0 be
9040.0 8084.0 672.0 104.0 substituted
9800.0 8084.0 176.0 96.0 for

7184.0 8196.0 244.0 104.0 that
7472.0 8200.0 124.0 100.0 of
7656.0 8200.0 188.0 100.0 the
7892.0 8200.0 528.0 124.0 majority
8424.0 8271.0 28.0 48.0 ,
8500.0 8204.0 228.0 100.0 and
8812.0 8204.0 352.0 100.0 called
9256.0 8204.0 176.0 96.0 for
9496.0 8200.0 188.0 100.0 the
9732.0 8224.0 196.0 96.0 pre-

7188.0 8312.0 316.0 104.0 vious
7548.0 8316.0 552.0 124.0 question.
8228.0 8316.0 240.0 104.0 The
8512.0 8316.0 516.0 124.0 question
9120.0 8316.0 568.0 112.0 prevailed
9756.0 8312.0 228.0 100.0 and

7240.0 8427.0 136.0 104.0 he
7424.0 8448.0 252.0 88.0 vote
7724.0 8456.0 228.0 80.0 was
8000.0 8432.0 336.0 104.0 taken
8392.0 8460.0 300.0 96.0 upon
8748.0 8436.0 184.0 100.0 the
9000.0 8436.0 536.0 120.0 adoption
9588.0 8436.0 124.0 96.0 of
9796.0 8427.0 188.0 104.0 the

7232.0 8548.0 492.0 124.0 uinority
7772.0 8560.0 400.0 100.0 report
8308.0 8552.0 104.0 100.0 It
8496.0 8548.0 492.0 104.0 resulted
9076.0 8548.0 116.0 104.0 in
9244.0 8576.0 68.0 76.0 a
9352.0 8556.0 256.0 92.0 vote
9668.0 8548.0 124.0 96.0 of
9872.0 8548.0 116.0 92.0 40

7216.0 8692.0 8.0 72.0 :
7236.0 8692.0 68.0 72.0 o
7344.0 8668.0 108.0 96.0 34
7468.0 8739.0 24.0 44.0 ,
7540.0 8672.0 232.0 96.0 and
7820.0 8664.0 596.0 104.0 MoKenna
8468.0 8692.0 228.0 80.0 was
8740.0 8664.0 508.0 104.0 declaied
9324.0 8664.0 484.0 104.0 entitled
9872.0 8672.0 116.0 92.0 to

7192.0 8796.0 188.0 88.0 the
7428.0 8791.0 236.0 92.0 seat
7716.0 8784.0 132.0 100.0 he
7900.0 8784.0 196.0 100.0 has
8148.0 8784.0 256.0 100.0 held
8452.0 8784.0 416.0 108.0 during
8908.0 8787.0 180.0 96.0 the
9136.0 8784.0 468.0 100.0 session.

7308.0 8895.0 204.0 104.0 Mr.
7580.0 8895.0 608.0 104.0 Whitmore
8276.0 8900.0 588.0 120.0 piesented
8952.0 8900.0 192.0 100.0 the
9232.0 8900.0 528.0 120.0 majority
9828.0 8920.0 116.0 76.0 re-

7200.0 9028.0 240.0 108.0 port
7484.0 9016.0 120.0 96.0 of
7656.0 9020.0 184.0 92.0 the
7892.0 9012.0 488.0 112.0 Douglas
8428.0 9012.0 632.0 120.0 delegation
9116.0 9036.0 140.0 76.0 on
9312.0 9020.0 188.0 96.0 the
9544.0 9016.0 436.0 100.0 Omaha

7192.0 9128.0 432.0 104.0 charter
7664.0 9128.0 228.0 100.0 and
7940.0 9132.0 344.0 100.0 asked
8336.0 9128.0 244.0 104.0 that
8664.0 9112.0 88.0 120.0 it
8816.0 9132.0 132.0 100.0 be
8996.0 9128.0 448.0 124.0 printed
9492.0 9155.0 128.0 80.0 so
9684.0 9155.0 124.0 76.0 as
9872.0 9140.0 116.0 88.0 to

7196.0 9248.0 128.0 100.0 be
7368.0 9248.0 340.0 120.0 ready
7748.0 9248.0 308.0 116.0 early
8104.0 9255.0 272.0 88.0 next
8424.0 9248.0 344.0 104.0 week.

7312.0 9363.0 216.0 100.0 Mr.
7592.0 9356.0 436.0 128.0 Oarvey
8076.0 9368.0 120.0 92.0 ot
8276.0 9363.0 496.0 120.0 Douglas
8820.0 9363.0 596.0 124.0 presented
9464.0 9392.0 60.0 72.0 a
9572.0 9363.0 416.0 104.0 minor-

7196.0 9476.0 160.0 104.0 Itv
7404.0 9488.0 360.0 132.0 report
7776.0 9552.0 24.0 48.0 ,
7856.0 9463.0 364.0 116.0 which
8268.0 9504.0 232.0 76.0 was
8584.0 9480.0 404.0 116.0 signed
9056.0 9488.0 136.0 112.0 by
9244.0 9484.0 456.0 100.0 himself
9764.0 9488.0 228.0 100.0 and

7192.0 9596.0 208.0 100.0 Mr.
7460.0 9596.0 336.0 100.0 Knox
7844.0 9596.0 120.0 100.0 of
8012.0 9600.0 188.0 96.0 the
8244.0 9619.0 304.0 76.0 same
8600.0 9584.0 304.0 152.0 place
8912.0 9668.0 24.0 28.0 ,
9080.0 9596.0 96.0 100.0 it
9224.0 9616.0 772.0 88.0 recommends

7196.0 9716.0 188.0 100.0 the
7428.0 9716.0 524.0 120.0 adoption
8008.0 9712.0 124.0 100.0 of
8196.0 9716.0 184.0 100.0 the
8428.0 9704.0 560.0 132.0 judiciary
9032.0 9712.0 740.0 104.0 committee's
9820.0 9744.0 120.0 76.0 re

7196.0 9844.0 280.0 100.0 port.

7320.0 9944.0 380.0 108.0 House
7768.0 9944.0 476.0 100.0 rols4S2
7944.0 9944.0 24.0 100.0 !
8288.0 9944.0 112.0 104.0 to
8440.0 9944.0 184.0 100.0 493
8696.0 9944.0 544.0 100.0 Inclusive
9292.0 9972.0 288.0 76.0 were
9624.0 9948.0 260.0 104.0 read
9932.0 9976.0 64.0 76.0 a

7196.0 10060.0 408.0 104.0 second
7656.0 10064.0 272.0 100.0 time
7972.0 10060.0 220.0 100.0 and
8244.0 10064.0 600.0 108.0 engrossed
8924.0 10064.0 180.0 96.0 for
9144.0 10060.0 300.0 104.0 third
9532.0 10064.0 468.0 116.0 reading

7200.0 10180.0 276.0 100.0 with
7580.0 10180.0 188.0 100.0 the
7872.0 10176.0 584.0 120.0 exception
8572.0 10180.0 116.0 96.0 of
8752.0 10184.0 176.0 88.0 4U1
9016.0 10184.0 220.0 96.0 and
9344.0 10184.0 156.0 92.0 KH
9508.0 10252.0 24.0 44.0 ,
9620.0 10184.0 368.0 100.0 winch

7204.0 10320.0 284.0 72.0 were
7532.0 10291.0 488.0 104.0 referred
8108.0 10304.0 112.0 88.0 to
8304.0 10291.0 188.0 100.0 the
8576.0 10291.0 696.0 104.0 committees
9316.0 10320.0 140.0 76.0 on
9556.0 10299.0 436.0 100.0 nornnl

7200.0 10412.0 376.0 96.0 school
7740.0 10408.0 228.0 104.0 and
8160.0 10408.0 632.0 124.0 university
8996.0 10412.0 224.0 100.0 and
9428.0 10412.0 564.0 124.0 judiclaiy

7196.0 10524.0 764.0 108.0 respectively.

7328.0 10640.0 376.0 104.0 House
7748.0 10640.0 260.0 100.0 rolls
8052.0 10644.0 180.0 92.0 345
8332.0 10636.0 228.0 104.0 and
8604.0 10640.0 180.0 96.0 34(5
8728.0 10644.0 24.0 88.0 (
8832.0 10663.0 288.0 76.0 were
9168.0 10640.0 324.0 104.0 made
9576.0 10644.0 416.0 124.0 special

7196.0 10756.0 324.0 104.0 order
7564.0 10759.0 176.0 96.0 for
7812.0 10752.0 708.0 120.0 Wednesday
8564.0 10763.0 112.0 92.0 at
8724.0 10756.0 112.0 96.0 10
8880.0 10784.0 92.0 72.0 a.
9032.0 10780.0 136.0 76.0 m.

7316.0 10876.0 204.0 100.0 Mr.
7576.0 10871.0 408.0 120.0 Ageo's
8032.0 10871.0 196.0 100.0 bill
8332.0 10880.0 172.0 88.0 4'J4
8516.0 10948.0 24.0 40.0 ,
8596.0 10871.0 656.0 100.0 intioduccd
9300.0 10904.0 64.0 72.0 a
9416.0 10876.0 220.0 104.0 few
9720.0 10871.0 284.0 120.0 dajs

7200.0 11016.0 208.0 92.0 ago
7492.0 10996.0 292.0 96.0 alter
7884.0 10988.0 380.0 100.0 havlni
8264.0 11012.0 44.0 76.0 :
8412.0 10992.0 276.0 96.0 been
8784.0 10988.0 344.0 104.0 killed
9196.0 11016.0 144.0 76.0 on
9416.0 10992.0 188.0 100.0 the
9692.0 11019.0 308.0 80.0 same

7200.0 11108.0 220.0 120.0 day
7424.0 11179.0 24.0 36.0 ,
7504.0 11131.0 228.0 76.0 was
7776.0 11104.0 500.0 120.0 objected
8332.0 11112.0 112.0 92.0 to
8492.0 11120.0 136.0 104.0 by
8708.0 11104.0 204.0 104.0 Mr.
8972.0 11104.0 520.0 104.0 Liesveld
9540.0 11108.0 124.0 96.0 of
9720.0 11108.0 232.0 100.0 Lan-

7200.0 11231.0 360.0 92.0 caster
7608.0 11224.0 172.0 100.0 for
7824.0 11224.0 240.0 96.0 that
8116.0 11244.0 432.0 76.0 reason.
8736.0 11224.0 100.0 96.0 It
8904.0 11220.0 516.0 120.0 provides
9512.0 11227.0 172.0 96.0 lor
9776.0 11231.0 220.0 92.0 two

7208.0 11339.0 428.0 100.0 notmal
7680.0 11339.0 468.0 104.0 schools.
8336.0 11335.0 244.0 100.0 The
8624.0 11335.0 312.0 100.0 chair
8980.0 11348.0 676.0 92.0 announced
9748.0 11348.0 244.0 92.0 that

7208.0 11460.0 84.0 96.0 it
7344.0 11456.0 364.0 100.0 would
7760.0 11464.0 128.0 88.0 be
7940.0 11452.0 484.0 100.0 reterred
8472.0 11464.0 112.0 88.0 to
8620.0 11452.0 184.0 104.0 the
8852.0 11456.0 640.0 100.0 committee
9540.0 11480.0 140.0 76.0 on
9736.0 11464.0 224.0 116.0 pub-

7208.0 11572.0 140.0 100.0 lic
7396.0 11572.0 328.0 100.0 lands
7768.0 11568.0 228.0 104.0 and
8036.0 11568.0 604.0 120.0 buildings.

7324.0 11688.0 208.0 104.0 Mr.
7588.0 11688.0 596.0 120.0 Dempster
8224.0 11684.0 504.0 120.0 objected
8828.0 11688.0 112.0 96.0 to
8988.0 11684.0 224.0 100.0 tills
9260.0 11684.0 464.0 104.0 because
9816.0 11688.0 188.0 108.0 the

7208.0 11803.0 636.0 104.0 committee
7884.0 11803.0 124.0 96.0 of
8060.0 11799.0 356.0 104.0 which
8468.0 11799.0 136.0 104.0 he
8652.0 11828.0 228.0 72.0 was
8928.0 11803.0 1072.0 104.0 chairmannormal

7208.0 11920.0 440.0 104.0 schools
7692.0 11920.0 224.0 100.0 and
7964.0 11915.0 632.0 120.0 university
8600.0 11988.0 28.0 48.0 ,
8680.0 11944.0 232.0 76.0 was
8956.0 11915.0 188.0 100.0 the
9184.0 11944.0 400.0 112.0 proper
9628.0 11944.0 216.0 80.0 one
9896.0 11932.0 112.0 96.0 to

7212.0 12036.0 360.0 100.0 which
7624.0 12036.0 184.0 100.0 the
7856.0 12032.0 192.0 104.0 bill
8100.0 12036.0 400.0 100.0 should
8552.0 12044.0 128.0 88.0 bo
8748.0 12024.0 520.0 112.0 referred.

7328.0 12152.0 212.0 104.0 Mr.
7592.0 12156.0 308.0 112.0 Ageo
7944.0 12156.0 116.0 92.0 ot
8136.0 12148.0 580.0 104.0 Hamilton
8804.0 12152.0 316.0 96.0 madn
9168.0 12175.0 64.0 72.0 a
9280.0 12148.0 264.0 104.0 loud
9592.0 12152.0 408.0 120.0 speech

7216.0 12267.0 112.0 100.0 In
7384.0 12271.0 300.0 96.0 favoi
7744.0 12267.0 120.0 96.0 of
7952.0 12267.0 420.0 116.0 having
8416.0 12267.0 172.0 96.0 his
8636.0 12264.0 196.0 100.0 bill
8884.0 12267.0 488.0 100.0 refeired
9424.0 12275.0 112.0 96.0 to
9600.0 12296.0 64.0 72.0 a
9712.0 12292.0 244.0 80.0 com-

7212.0 12383.0 384.0 100.0 mittee
7632.0 12383.0 360.0 100.0 which
8040.0 12408.0 228.0 72.0 was
8320.0 12408.0 148.0 72.0 no
8480.0 12392.0 32.0 56.0 *
8500.0 12452.0 20.0 28.0 ,
8568.0 12379.0 400.0 100.0 hostile
9012.0 12392.0 112.0 88.0 to
9176.0 12379.0 116.0 100.0 It.

7328.0 12500.0 240.0 100.0 The
7616.0 12500.0 304.0 104.0 chair
7964.0 12500.0 256.0 100.0 held
8268.0 12496.0 244.0 100.0 that
8596.0 12496.0 200.0 104.0 Mr.
8912.0 12496.0 616.0 104.0 Liesveld's
9636.0 12496.0 320.0 128.0 objec-

7212.0 12616.0 232.0 104.0 tion
7504.0 12639.0 228.0 76.0 was
7780.0 12628.0 196.0 88.0 not
8020.0 12639.0 64.0 72.0 a
8128.0 12616.0 452.0 100.0 tenable
8624.0 12635.0 260.0 76.0 one.

7336.0 12735.0 204.0 96.0 Mi.
7600.0 12732.0 572.0 120.0 Dempstei
8232.0 12728.0 424.0 120.0 replied
8692.0 12739.0 108.0 88.0 to
8852.0 12728.0 200.0 100.0 Mr.
9144.0 12732.0 316.0 124.0 Agee
9564.0 12732.0 144.0 120.0 by
9820.0 12756.0 184.0 76.0 re-

7216.0 12847.0 516.0 112.0 maiking
7780.0 12847.0 236.0 96.0 that
8064.0 12847.0 136.0 100.0 ho
8248.0 12843.0 216.0 100.0 had
8516.0 12868.0 148.0 76.0 no
8736.0 12843.0 508.0 120.0 hostility
9316.0 12860.0 112.0 84.0 to
9516.0 12847.0 188.0 100.0 the
9816.0 12851.0 196.0 96.0 lat-

7216.0 12968.0 260.0 100.0 tor's
7524.0 12964.0 184.0 100.0 bill
7724.0 13036.0 24.0 40.0 ,
7800.0 12964.0 192.0 96.0 but
8040.0 12964.0 408.0 132.0 simply
8496.0 12955.0 448.0 112.0 wanted
8992.0 12972.0 112.0 88.0 to
9152.0 12964.0 284.0 100.0 have
9484.0 12960.0 88.0 104.0 It
9652.0 12988.0 144.0 100.0 go
9888.0 12972.0 116.0 96.0 to

7212.0 13084.0 188.0 100.0 the
7448.0 13103.0 396.0 100.0 proper
7884.0 13084.0 668.0 100.0 committee.

7324.0 13196.0 208.0 100.0 Mr.
7572.0 13200.0 396.0 112.0 Smyth
8016.0 13196.0 240.0 96.0 said
8292.0 13192.0 240.0 100.0 that
8580.0 13192.0 136.0 100.0 he
8760.0 13196.0 420.0 108.0 always
9216.0 13192.0 304.0 104.0 liked
9572.0 13203.0 112.0 92.0 to
9716.0 13200.0 284.0 104.0 have

7212.0 13340.0 64.0 72.0 a
7324.0 13315.0 192.0 100.0 bill
7560.0 13340.0 148.0 92.0 go
7752.0 13319.0 116.0 88.0 to
7952.0 13311.0 188.0 96.0 the
8256.0 13332.0 396.0 100.0 proper
8752.0 13315.0 672.0 100.0 committee.
9564.0 13311.0 132.0 100.0 In
9816.0 13315.0 180.0 100.0 his

7216.0 13428.0 308.0 104.0 mind
7540.0 13500.0 24.0 32.0 ,
7620.0 13428.0 184.0 100.0 the
7852.0 13423.0 296.0 116.0 right
8196.0 13428.0 312.0 116.0 place
8560.0 13428.0 176.0 96.0 for
8780.0 13428.0 184.0 100.0 the
9020.0 13423.0 188.0 104.0 bill
9264.0 13428.0 112.0 100.0 In
9480.0 13432.0 524.0 116.0 question

7216.0 13571.0 228.0 76.0 was
7492.0 13527.0 184.0 116.0 the
7724.0 13544.0 636.0 100.0 committee
8424.0 13564.0 144.0 76.0 on
8684.0 13540.0 432.0 100.0 normal
9224.0 13544.0 440.0 100.0 schools
9776.0 13544.0 224.0 104.0 and

7216.0 13660.0 660.0 116.0 university.
8004.0 13656.0 168.0 100.0 To
8216.0 13679.0 444.0 76.0 assume
8708.0 13656.0 240.0 104.0 that
8996.0 13660.0 88.0 96.0 it
9144.0 13660.0 324.0 100.0 could
9584.0 13671.0 196.0 88.0 not
9868.0 13688.0 140.0 88.0 go

7216.0 13779.0 308.0 100.0 there
7576.0 13800.0 252.0 76.0 now
7880.0 13771.0 272.0 100.0 with
8208.0 13775.0 372.0 116.0 safety
8624.0 13796.0 228.0 76.0 was
8896.0 13783.0 116.0 88.0 to
9120.0 13783.0 236.0 92.0 cast
9436.0 13775.0 564.0 104.0 relleetion

7216.0 13916.0 144.0 76.0 on
7416.0 13891.0 184.0 100.0 the
7644.0 13891.0 572.0 96.0 character
8320.0 13891.0 124.0 92.0 of
8548.0 13879.0 188.0 108.0 the
8836.0 13883.0 568.0 104.0 chairman
9420.0 13960.0 28.0 44.0 ,
9560.0 13904.0 232.0 88.0 and
9896.0 13904.0 112.0 88.0 to

7220.0 14008.0 280.0 100.0 send
7552.0 14004.0 84.0 100.0 it
7684.0 14008.0 112.0 96.0 to
7840.0 14004.0 476.0 100.0 another
8360.0 14000.0 636.0 104.0 committee
9048.0 14004.0 368.0 100.0 would
9468.0 14000.0 140.0 100.0 be
9648.0 14016.0 112.0 88.0 to
9804.0 14008.0 204.0 100.0 ask

7224.0 14124.0 188.0 100.0 thu
7456.0 14124.0 348.0 96.0 house
7852.0 14128.0 108.0 92.0 to
8012.0 14116.0 424.0 100.0 believe
8484.0 14116.0 240.0 100.0 that
8760.0 14116.0 204.0 104.0 Mr.
9016.0 14116.0 596.0 124.0 Dempster
9680.0 14124.0 328.0 100.0 could

7220.0 14243.0 200.0 92.0 not
7468.0 14239.0 276.0 112.0 bury
7780.0 14236.0 176.0 96.0 his
8000.0 14232.0 632.0 120.0 prejudices
8700.0 14232.0 108.0 100.0 in
8904.0 14236.0 188.0 96.0 the
9176.0 14232.0 828.0 104.0 consideration

7216.0 14351.0 124.0 96.0 of
7384.0 14359.0 456.0 88.0 matters
7872.0 14347.0 456.0 112.0 coming
8372.0 14343.0 380.0 100.0 before
8800.0 14347.0 176.0 96.0 his
9008.0 14347.0 672.0 100.0 committee.
9800.0 14347.0 208.0 104.0 Ills

7212.0 14488.0 384.0 76.0 course
7648.0 14459.0 212.0 100.0 had
7912.0 14459.0 272.0 100.0 been
8236.0 14484.0 144.0 72.0 an
8436.0 14459.0 608.0 96.0 honorable
9084.0 14459.0 224.0 100.0 and
9360.0 14463.0 384.0 116.0 manly
9792.0 14484.0 216.0 84.0 one

7212.0 14580.0 416.0 116.0 during
7672.0 14580.0 188.0 96.0 tlio
7908.0 14580.0 296.0 116.0 forty
8268.0 14576.0 288.0 100.0 davs
8640.0 14572.0 140.0 104.0 he
8884.0 14576.0 216.0 100.0 had
9208.0 14580.0 272.0 96.0 been
9600.0 14576.0 116.0 100.0 in
9824.0 14580.0 188.0 104.0 the

7212.0 14696.0 384.0 100.0 house.

7336.0 14811.0 208.0 100.0 Mr.
7600.0 14808.0 340.0 104.0 Knox
7988.0 14804.0 248.0 104.0 said
8284.0 14800.0 244.0 108.0 that
8572.0 14804.0 140.0 100.0 he
8760.0 14804.0 456.0 104.0 favored
9272.0 14808.0 184.0 104.0 the
9520.0 14808.0 492.0 124.0 sending

7216.0 14927.0 120.0 100.0 of
7376.0 14931.0 192.0 96.0 the
7616.0 14927.0 192.0 100.0 bill
7860.0 14931.0 112.0 92.0 to
8020.0 14923.0 476.0 100.0 another
8532.0 14923.0 640.0 100.0 committee
9220.0 14927.0 268.0 96.0 than
9544.0 14927.0 248.0 100.0 tint
9884.0 14940.0 116.0 88.0 ot

7220.0 15044.0 432.0 100.0 normal
7716.0 15040.0 440.0 100.0 schools
8240.0 15044.0 228.0 92.0 and
8576.0 15040.0 624.0 116.0 university
9300.0 15040.0 472.0 104.0 because
9876.0 15044.0 136.0 104.0 he

7220.0 15160.0 336.0 96.0 knew
7604.0 15156.0 188.0 100.0 tlio
7872.0 15156.0 576.0 100.0 chairman
8556.0 15156.0 124.0 96.0 of
8780.0 15156.0 240.0 96.0 that
9104.0 15160.0 640.0 96.0 committee
9748.0 15231.0 24.0 40.0 ,
9888.0 15168.0 116.0 96.0 ot

7224.0 15272.0 360.0 104.0 which
7640.0 15272.0 324.0 100.0 latter
8008.0 15272.0 136.0 100.0 ho
8196.0 15295.0 228.0 72.0 was
8472.0 15295.0 64.0 72.0 a
8584.0 15272.0 488.0 100.0 member
9076.0 15343.0 24.0 48.0 ,
9196.0 15295.0 232.0 76.0 was
9512.0 15283.0 496.0 112.0 opposed

7220.0 15391.0 116.0 100.0 to
7380.0 15391.0 188.0 100.0 the
7612.0 15387.0 228.0 100.0 bill.

7336.0 15503.0 452.0 104.0 Several
7836.0 15503.0 320.0 100.0 other
8192.0 15495.0 528.0 124.0 speeches
8784.0 15528.0 292.0 76.0 were
9160.0 15503.0 324.0 104.0 made
9592.0 15508.0 416.0 108.0 amidst

7216.0 15628.0 312.0 116.0 gieat
7576.0 15624.0 320.0 96.0 noise
7940.0 15620.0 224.0 100.0 and
8212.0 15620.0 640.0 100.0 confusion.

7348.0 15736.0 444.0 120.0 Finally
7840.0 15736.0 196.0 100.0 Mr.
8132.0 15732.0 412.0 112.0 Agee's
8640.0 15736.0 736.0 100.0 amendment
9476.0 15736.0 244.0 104.0 that
9824.0 15740.0 192.0 104.0 the

7224.0 15851.0 192.0 100.0 bill
7468.0 15863.0 128.0 88.0 bo
7644.0 15848.0 488.0 104.0 referred
8184.0 15855.0 108.0 92.0 to
8364.0 15848.0 184.0 100.0 the
8636.0 15851.0 636.0 100.0 committee
9380.0 15880.0 144.0 72.0 on
9640.0 15851.0 372.0 124.0 public

7224.0 15967.0 332.0 100.0 lands
7600.0 15963.0 220.0 104.0 and
7872.0 15963.0 568.0 116.0 buildings
8492.0 15988.0 228.0 76.0 was
8768.0 15971.0 192.0 116.0 put
9008.0 15967.0 116.0 96.0 to
9172.0 15967.0 184.0 100.0 the
9404.0 15971.0 348.0 100.0 house
9784.0 15971.0 224.0 104.0 anil

7224.0 16084.0 212.0 100.0 lost
7488.0 16084.0 140.0 120.0 by
7676.0 16111.0 64.0 72.0 a
7788.0 16084.0 252.0 100.0 vote
8084.0 16092.0 116.0 88.0 ot
8244.0 16084.0 124.0 92.0 .W
8412.0 16088.0 112.0 92.0 to
8572.0 16084.0 148.0 96.0 10.
8848.0 16080.0 244.0 100.0 The
9140.0 16080.0 192.0 104.0 bill
9432.0 16108.0 220.0 76.0 was
9744.0 16088.0 264.0 104.0 then

7228.0 16200.0 488.0 100.0 referred
7788.0 16204.0 112.0 96.0 to
7992.0 16196.0 216.0 104.0 Mr.
8336.0 16200.0 684.0 136.0 Dempster's
9116.0 16204.0 644.0 100.0 committee
9860.0 16227.0 144.0 80.0 on

7228.0 16316.0 428.0 100.0 normal
7696.0 16316.0 440.0 100.0 schools
8188.0 16312.0 224.0 100.0 and
8468.0 16312.0 656.0 120.0 university.

7340.0 16431.0 204.0 104.0 Mr.
7608.0 16427.0 456.0 104.0 Watson
8140.0 16431.0 124.0 96.0 of
8348.0 16431.0 280.0 96.0 Otoe
8712.0 16431.0 416.0 100.0 offered
9236.0 16460.0 64.0 72.0 a
9404.0 16431.0 600.0 108.0 resolution

7224.0 16548.0 244.0 104.0 that
7512.0 16548.0 144.0 100.0 all
7712.0 16543.0 616.0 104.0 thosovtho
8376.0 16548.0 216.0 100.0 had
8644.0 16552.0 196.0 96.0 not
8912.0 16552.0 272.0 96.0 been
9280.0 16548.0 520.0 104.0 Included
9892.0 16556.0 116.0 100.0 in

7224.0 16668.0 188.0 100.0 the
7504.0 16660.0 1024.0 108.0 recommendation
8624.0 16668.0 116.0 92.0 ot
8832.0 16660.0 188.0 100.0 thu
9124.0 16668.0 632.0 100.0 committee
9864.0 16695.0 140.0 72.0 on

7220.0 16780.0 572.0 120.0 emplocs
7900.0 16803.0 120.0 76.0 as
8108.0 16780.0 648.0 96.0 mentioned
8864.0 16780.0 112.0 96.0 in
9092.0 16784.0 188.0 96.0 the
9392.0 16784.0 624.0 120.0 morning's

7220.0 16895.0 732.0 124.0 proceedings
7964.0 16968.0 20.0 44.0 ,
8036.0 16895.0 132.0 100.0 bo
8212.0 16891.0 652.0 120.0 dischaiged
8916.0 16903.0 288.0 92.0 trom
9292.0 16895.0 192.0 104.0 the
9568.0 16924.0 424.0 80.0 service

7228.0 17024.0 116.0 92.0 ot
7400.0 17016.0 184.0 100.0 the
7632.0 17016.0 372.0 100.0 house.

7340.0 17128.0 108.0 104.0 It
7500.0 17155.0 224.0 72.0 was
7768.0 17128.0 516.0 124.0 adopted.

7348.0 17255.0 100.0 92.0 It
7496.0 17271.0 228.0 76.0 was
7768.0 17248.0 396.0 116.0 agreed
8216.0 17244.0 240.0 104.0 that
8500.0 17248.0 188.0 100.0 the
8736.0 17244.0 276.0 100.0 hous
9120.0 17248.0 364.0 100.0 would
9532.0 17248.0 480.0 108.0 adlourn

7224.0 17367.0 620.0 96.0 to-morrow
7904.0 17371.0 116.0 92.0 at
8072.0 17367.0 104.0 92.0 U
8228.0 17359.0 424.0 104.0 o'clock
8704.0 17363.0 288.0 100.0 until
9048.0 17371.0 108.0 88.0 10
9200.0 17363.0 432.0 104.0 o'clock
9700.0 17367.0 276.0 100.0 Tues

7220.0 17479.0 256.0 124.0 day.
7600.0 17475.0 708.0 120.0 Adjourned.

8400.0 17615.0 396.0 84.0 XOTK"
8804.0 17667.0 24.0 28.0 .

7336.0 17712.0 280.0 100.0 This
7668.0 17735.0 224.0 76.0 was
7940.0 17708.0 188.0 104.0 the
8196.0 17712.0 472.0 100.0 noisiest
8752.0 17712.0 220.0 120.0 day
9080.0 17716.0 188.0 96.0 the
9372.0 17712.0 352.0 104.0 house
9812.0 17716.0 200.0 104.0 has

7220.0 17827.0 216.0 100.0 had
7492.0 17831.0 112.0 100.0 In
7656.0 17856.0 64.0 72.0 a
7764.0 17827.0 272.0 120.0 long
8080.0 17823.0 308.0 104.0 time.
8512.0 17827.0 244.0 100.0 The
8808.0 17827.0 260.0 100.0 tlooi
9136.0 17856.0 224.0 76.0 was
9456.0 17835.0 556.0 116.0 thronged

7220.0 17947.0 276.0 100.0 with
7544.0 17951.0 600.0 100.0 strangers.
8340.0 17943.0 276.0 100.0 Half
8668.0 17943.0 184.0 100.0 the
8908.0 17943.0 516.0 100.0 business
9524.0 17972.0 236.0 80.0 was
9808.0 17976.0 152.0 80.0 un-

7220.0 18060.0 672.0 108.0 interesting
7940.0 18068.0 112.0 92.0 to
8104.0 18083.0 340.0 96.0 many
8488.0 18060.0 128.0 100.0 of
8680.0 18064.0 188.0 100.0 the
8976.0 18072.0 552.0 92.0 members
9636.0 18064.0 224.0 100.0 and
9956.0 18091.0 64.0 76.0 a

7220.0 18187.0 316.0 108.0 great
7580.0 18176.0 248.0 104.0 deal
7880.0 18180.0 120.0 96.0 of
8052.0 18176.0 236.0 104.0 talk
8296.0 18247.0 24.0 44.0 ,
8380.0 18180.0 316.0 100.0 noise
8764.0 18187.0 228.0 92.0 and
9080.0 18180.0 612.0 100.0 confusion
9792.0 18207.0 192.0 88.0 pre

7224.0 18295.0 404.0 100.0 vailed.

7336.0 18407.0 484.0 116.0 Twenty
7868.0 18407.0 260.0 112.0 lady
8176.0 18411.0 508.0 100.0 teachers
8728.0 18407.0 288.0 104.0 'rom
9056.0 18407.0 504.0 104.0 Beatrice
9612.0 18407.0 412.0 108.0 visited

7224.0 18523.0 184.0 100.0 the
7460.0 18532.0 344.0 96.0 house
7840.0 18532.0 408.0 108.0 to-day.

7336.0 18640.0 112.0 100.0 A
7496.0 18644.0 296.0 116.0 large
7840.0 18640.0 472.0 100.0 number
8356.0 18644.0 124.0 96.0 of
8524.0 18640.0 192.0 100.0 the
8808.0 18640.0 292.0 104.0 Irish
9192.0 18640.0 452.0 116.0 League
9736.0 18640.0 252.0 108.0 dele-

7220.0 18767.0 312.0 100.0 gates
7584.0 18783.0 288.0 72.0 were
7920.0 18756.0 112.0 100.0 In
8088.0 18759.0 188.0 96.0 the
8316.0 18756.0 416.0 124.0 capltol
8816.0 18759.0 224.0 100.0 this
9088.0 18763.0 568.0 112.0 morning.

7336.0 18871.0 244.0 100.0 The
7656.0 18896.0 556.0 88.0 governor
8320.0 18871.0 196.0 104.0 has
8604.0 18875.0 404.0 116.0 signed
9096.0 18875.0 120.0 104.0 P.
9340.0 18879.0 124.0 96.0 O.
9564.0 18867.0 456.0 108.0 Hawcs'

7220.0 18983.0 192.0 104.0 bill
7424.0 19060.0 24.0 48.0 ,
7564.0 18987.0 228.0 104.0 and
7892.0 18987.0 240.0 100.0 also
8240.0 18987.0 244.0 104.0 that
8588.0 18996.0 180.0 96.0 for
8868.0 18991.0 188.0 104.0 the
9140.0 18991.0 328.0 104.0 relief
9580.0 18996.0 120.0 100.0 of
9752.0 18996.0 280.0 100.0 Otoe

7220.0 19116.0 448.0 112.0 county.

7872.0 19347.0 332.0 96.0 SHE
8276.0 19347.0 684.0 96.0 CAUGHT
9028.0 19351.0 372.0 96.0 HIM.

7228.0 19555.0 108.0 92.0 A
7480.0 19547.0 516.0 120.0 Family
8112.0 19547.0 348.0 100.0 Meet
8488.0 19555.0 232.0 108.0 Inn
8848.0 19576.0 136.0 72.0 in
9124.0 19555.0 260.0 92.0 DCS
9528.0 19551.0 512.0 100.0 Molncs

8012.0 19692.0 552.0 96.0 Creates
8636.0 19715.0 76.0 72.0 a
8788.0 19699.0 476.0 92.0 Storm.

7348.0 19832.0 244.0 104.0 DKS
7644.0 19832.0 484.0 100.0 Motxns
8136.0 19903.0 24.0 40.0 ,
8220.0 19828.0 148.0 100.0 la.
8384.0 19903.0 28.0 40.0 ,
8464.0 19828.0 380.0 104.0 Maicli
8916.0 19836.0 88.0 96.0 4.
9152.0 19840.0 20.0 104.0 [
9200.0 19828.0 440.0 120.0 Special
9728.0 19832.0 276.0 108.0 Tele-

7220.0 20000.0 316.0 100.0 gram
7632.0 19975.0 116.0 100.0 to
7832.0 19984.0 192.0 92.0 the
8116.0 19971.0 340.0 120.0 BKE.J
8604.0 19967.0 260.0 104.0 Last
8980.0 19971.0 328.0 124.0 night
9412.0 20004.0 68.0 72.0 a
9568.0 20000.0 260.0 76.0 man
9920.0 19975.0 128.0 100.0 of

7224.0 20115.0 684.0 120.0 respectable
8008.0 20140.0 696.0 100.0 appearance
8708.0 20187.0 24.0 48.0 ,
8844.0 20111.0 276.0 108.0 with
9268.0 20144.0 68.0 76.0 a
9476.0 20119.0 564.0 120.0 youngish

7224.0 20260.0 464.0 108.0 lookine
7776.0 20260.0 244.0 100.0 face
8108.0 20256.0 368.0 104.0 which
8524.0 20256.0 448.0 104.0 seemed
9048.0 20264.0 112.0 96.0 to
9236.0 20260.0 316.0 124.0 place
9604.0 20260.0 172.0 104.0 his
9836.0 20283.0 208.0 100.0 age

7224.0 20408.0 116.0 100.0 at
7448.0 20404.0 336.0 104.0 about
7888.0 20400.0 612.0 124.0 thirty-live
8504.0 20472.0 28.0 48.0 ,
8644.0 20404.0 804.0 124.0 accompanied
9556.0 20404.0 140.0 120.0 by
9820.0 20412.0 228.0 96.0 two

7224.0 20543.0 508.0 108.0 children
7788.0 20543.0 372.0 124.0 nicely
8204.0 20539.0 456.0 104.0 dressed
8672.0 20616.0 28.0 44.0 ,
8752.0 20543.0 280.0 124.0 aged
9124.0 20543.0 212.0 104.0 live
9412.0 20543.0 228.0 104.0 and
9736.0 20547.0 308.0 120.0 eight

7228.0 20712.0 320.0 80.0 veais
7556.0 20764.0 24.0 44.0 ,
7632.0 20683.0 228.0 104.0 and
7928.0 20683.0 236.0 104.0 also
8216.0 20712.0 64.0 72.0 a
8324.0 20712.0 48.0 92.0 )
8404.0 20707.0 304.0 92.0 ouug
8756.0 20683.0 260.0 124.0 lady
9116.0 20687.0 336.0 100.0 about
9520.0 20687.0 520.0 116.0 eighteen

7228.0 20859.0 48.0 100.0 )
7304.0 20832.0 416.0 104.0 earsof
7788.0 20851.0 200.0 88.0 age
7992.0 20903.0 28.0 44.0 ,
8116.0 20832.0 252.0 100.0 who
8452.0 20828.0 444.0 104.0 seemed
8996.0 20843.0 116.0 88.0 to
9180.0 20832.0 132.0 96.0 be
9392.0 20855.0 64.0 76.0 a
9504.0 20855.0 336.0 80.0 nurse
9932.0 20843.0 116.0 92.0 to

7228.0 20976.0 192.0 104.0 the
7612.0 20972.0 496.0 108.0 children
8128.0 21043.0 24.0 48.0 ,
8308.0 20972.0 552.0 124.0 appeared
9032.0 20984.0 112.0 88.0 at
9312.0 20972.0 188.0 104.0 the
9676.0 20976.0 376.0 104.0 Miller

7232.0 21119.0 380.0 104.0 house.
7832.0 21115.0 244.0 104.0 The
8244.0 21140.0 260.0 80.0 man
8632.0 21111.0 608.0 120.0 registeied
9364.0 21144.0 124.0 76.0 as
9620.0 21115.0 432.0 128.0 George

7228.0 21259.0 176.0 108.0 W.
7544.0 21255.0 572.0 120.0 Keynolds
8124.0 21331.0 28.0 48.0 ,
8272.0 21255.0 588.0 124.0 Ma/svllle
8864.0 21331.0 28.0 52.0 ,
9008.0 21255.0 220.0 108.0 Mo.
9432.0 21259.0 332.0 128.0 Upon
9896.0 21288.0 108.0 76.0 re-

7232.0 21404.0 348.0 124.0 tiring
7704.0 21407.0 180.0 100.0 for
8008.0 21404.0 188.0 100.0 the
8324.0 21400.0 328.0 128.0 night
8776.0 21400.0 140.0 104.0 he
9036.0 21400.0 208.0 104.0 left
9360.0 21407.0 304.0 100.0 woid
9772.0 21404.0 276.0 108.0 wlth

7236.0 21548.0 188.0 104.0 the
7528.0 21548.0 300.0 104.0 hotel
7944.0 21544.0 308.0 108.0 clerk
8344.0 21560.0 116.0 88.0 to
8544.0 21548.0 212.0 104.0 call
8848.0 21544.0 228.0 104.0 him
9128.0 21548.0 180.0 100.0 for
9392.0 21548.0 188.0 104.0 the
9648.0 21515.0 360.0 144.0 North-

7236.0 21700.0 484.0 92.0 western
7776.0 21691.0 296.0 100.0 tialn
8192.0 21687.0 368.0 104.0 which
8676.0 21691.0 368.0 100.0 leaves
9152.0 21700.0 120.0 92.0 at
9368.0 21695.0 240.0 100.0 G:3o
9452.0 21716.0 24.0 80.0 :
9696.0 21691.0 116.0 104.0 In
9864.0 21691.0 188.0 104.0 the

7240.0 21831.0 564.0 116.0 morning.
7968.0 21831.0 244.0 100.0 The
8304.0 21856.0 560.0 100.0 company
8992.0 21856.0 292.0 80.0 were
9388.0 21831.0 616.0 108.0 awakened
10020.0 21908.0 24.0 48.0 ,

7240.0 21972.0 532.0 108.0 obtained
7820.0 21972.0 580.0 104.0 breakiast
8444.0 21972.0 228.0 104.0 and
8720.0 21995.0 292.0 80.0 were
9056.0 21972.0 148.0 104.0 all
9256.0 21976.0 336.0 112.0 ready
9648.0 21987.0 112.0 92.0 to
9808.0 21983.0 248.0 120.0 step

7240.0 22139.0 264.0 80.0 over
7552.0 22124.0 112.0 92.0 to
7712.0 22116.0 188.0 100.0 the
7944.0 22120.0 340.0 120.0 uepot
8364.0 22139.0 76.0 72.0 vv
8476.0 22116.0 216.0 100.0 hen
8784.0 22143.0 64.0 76.0 a
8892.0 22139.0 444.0 80.0 woman
9384.0 22143.0 316.0 80.0 came
9748.0 22120.0 308.0 108.0 rush-

7244.0 22259.0 204.0 100.0 inc
7496.0 22255.0 244.0 104.0 Into
7828.0 22251.0 188.0 104.0 the
8108.0 22255.0 296.0 104.0 hotel
8484.0 22255.0 224.0 104.0 and
8720.0 22332.0 28.0 40.0 ,
8820.0 22255.0 388.0 116.0 seeing
9252.0 22255.0 192.0 104.0 the
9492.0 22288.0 252.0 80.0 man
9760.0 22336.0 24.0 44.0 ,
9880.0 22263.0 132.0 100.0 be-

7244.0 22399.0 312.0 72.0 came
7604.0 22371.0 420.0 100.0 frantic
8068.0 22371.0 232.0 104.0 and
8380.0 22384.0 464.0 92.0 accused
8900.0 22376.0 232.0 100.0 him
9180.0 22376.0 124.0 92.0 of
9352.0 22359.0 460.0 132.0 ruining
9860.0 22380.0 200.0 104.0 her

7248.0 22488.0 228.0 100.0 and
7520.0 22492.0 124.0 96.0 of
7704.0 22488.0 496.0 120.0 stealing
8248.0 22488.0 200.0 100.0 her
8484.0 22488.0 548.0 104.0 children.
9160.0 22492.0 232.0 96.0 She.
9440.0 22496.0 376.0 116.0 pulled
9864.0 22496.0 188.0 104.0 the

7244.0 22603.0 504.0 104.0 children
7804.0 22607.0 112.0 96.0 to
7956.0 22603.0 192.0 100.0 her
8192.0 22603.0 224.0 100.0 and
8464.0 22607.0 504.0 100.0 caressed
9016.0 22600.0 304.0 108.0 them
9376.0 22603.0 400.0 132.0 fondly
9824.0 22607.0 228.0 108.0 and

7248.0 22719.0 272.0 104.0 shed
7728.0 22727.0 324.0 96.0 tears.
8304.0 22719.0 304.0 100.0 Xext
8824.0 22719.0 532.0 104.0 followed
9520.0 22752.0 64.0 72.0 a
9788.0 22748.0 268.0 104.0 very

7252.0 22835.0 436.0 104.0 excited
7984.0 22835.0 792.0 104.0 conversation
9068.0 22835.0 504.0 108.0 between
9868.0 22844.0 192.0 100.0 the

7252.0 22960.0 256.0 96.0 two.
7700.0 22952.0 116.0 100.0 In
8052.0 22952.0 360.0 104.0 which
8632.0 22956.0 188.0 100.0 the
9064.0 22956.0 276.0 100.0 wife
9580.0 22964.0 476.0 100.0 accused

7252.0 23071.0 188.0 100.0 the
7488.0 23056.0 512.0 116.0 husband
8048.0 23071.0 124.0 96.0 of
8220.0 23064.0 552.0 128.0 infidelity
8820.0 23068.0 228.0 104.0 and
9092.0 23071.0 476.0 104.0 claimed
9620.0 23075.0 240.0 104.0 that
9908.0 23075.0 148.0 100.0 ho

7256.0 23183.0 212.0 104.0 had
7524.0 23207.0 208.0 80.0 run
7780.0 23207.0 316.0 84.0 avvar
8148.0 23187.0 268.0 96.0 with
8460.0 23183.0 184.0 100.0 the
8688.0 23212.0 384.0 96.0 young
9156.0 23187.0 212.0 116.0 girl
9456.0 23187.0 368.0 104.0 whom
9916.0 23191.0 140.0 104.0 he

7256.0 23303.0 220.0 100.0 had
7576.0 23303.0 280.0 100.0 with
7968.0 23303.0 264.0 100.0 him.
8416.0 23299.0 244.0 104.0 The
8768.0 23303.0 512.0 100.0 husband
9368.0 23303.0 412.0 108.0 denied
9872.0 23307.0 188.0 104.0 the

7256.0 23420.0 408.0 112.0 charge
7744.0 23411.0 232.0 104.0 and
8076.0 23411.0 480.0 108.0 claimed
8660.0 23415.0 244.0 104.0 that
9012.0 23420.0 140.0 100.0 ho
9252.0 23420.0 272.0 100.0 took
9612.0 23424.0 192.0 104.0 the
9848.0 23424.0 204.0 116.0 girl

7256.0 23539.0 340.0 112.0 along
7680.0 23536.0 116.0 96.0 to
7884.0 23528.0 264.0 104.0 take
8228.0 23555.0 252.0 76.0 care
8568.0 23532.0 120.0 104.0 of
8756.0 23539.0 188.0 96.0 the
9028.0 23536.0 544.0 104.0 children.
9740.0 23519.0 324.0 136.0 They

7260.0 23671.0 296.0 80.0 were
7600.0 23671.0 380.0 96.0 voung
8024.0 23647.0 228.0 100.0 and
8300.0 23647.0 216.0 100.0 had
8608.0 23651.0 112.0 100.0 to
8808.0 23651.0 132.0 100.0 be
9024.0 23655.0 324.0 100.0 cared
9440.0 23659.0 180.0 96.0 for
9704.0 23651.0 364.0 112.0 better

7260.0 23767.0 272.0 100.0 than
7588.0 23763.0 136.0 100.0 he
7768.0 23763.0 328.0 100.0 could
8144.0 23763.0 392.0 104.0 attend
8580.0 23775.0 116.0 92.0 to
8740.0 23771.0 336.0 100.0 them.
9276.0 23767.0 176.0 100.0 He
9536.0 23751.0 248.0 124.0 said
9872.0 23775.0 192.0 104.0 thu

7260.0 23879.0 216.0 116.0 girl
7644.0 23879.0 224.0 104.0 had
8028.0 23879.0 280.0 100.0 been
8476.0 23883.0 120.0 100.0 in
8820.0 23883.0 192.0 100.0 the
9172.0 23883.0 400.0 120.0 family
9756.0 23911.0 308.0 80.0 some

7264.0 23996.0 308.0 104.0 time.
7696.0 23996.0 324.0 116.0 They
8068.0 23996.0 220.0 104.0 had
8336.0 23996.0 488.0 124.0 adopted
8872.0 24000.0 196.0 104.0 her
9072.0 24071.0 28.0 44.0 ,
9224.0 24000.0 252.0 104.0 The
9540.0 24000.0 520.0 108.0 husband

7264.0 24108.0 480.0 104.0 claimed
7792.0 24111.0 240.0 100.0 that
8084.0 24111.0 180.0 100.0 his
8312.0 24111.0 268.0 104.0 wife
8624.0 24123.0 324.0 96.0 cared
9020.0 24115.0 488.0 120.0 nothing
9556.0 24123.0 180.0 96.0 for
9788.0 24119.0 268.0 108.0 him.

7268.0 24227.0 224.0 104.0 She
7544.0 24231.0 300.0 96.0 went
7892.0 24227.0 276.0 104.0 with
8216.0 24227.0 324.0 100.0 other
8588.0 24252.0 248.0 80.0 men
8852.0 24299.0 28.0 48.0 ,
8932.0 24256.0 232.0 76.0 was
9208.0 24260.0 64.0 80.0 a
9320.0 24231.0 212.0 104.0 bad
9576.0 24260.0 436.0 84.0 woman
10032.0 24312.0 24.0 44.0 ,

7264.0 24351.0 232.0 96.0 and
7548.0 24351.0 132.0 92.0 he
7732.0 24343.0 220.0 104.0 had
8048.0 24343.0 328.0 104.0 stood
8420.0 24347.0 188.0 100.0 the
8652.0 24347.0 496.0 104.0 torment
9184.0 24351.0 124.0 96.0 of
9376.0 24347.0 364.0 124.0 living
9788.0 24356.0 276.0 100.0 with

7268.0 24460.0 200.0 104.0 her
7512.0 24483.0 120.0 76.0 as
7680.0 24460.0 272.0 116.0 long
8036.0 24483.0 128.0 76.0 as
8252.0 24460.0 140.0 104.0 he
8436.0 24460.0 324.0 104.0 could
8780.0 24531.0 24.0 48.0 ,
8860.0 24487.0 124.0 80.0 so
9032.0 24472.0 136.0 92.0 lie
9216.0 24468.0 264.0 96.0 took
9568.0 24472.0 188.0 100.0 the
9804.0 24468.0 220.0 108.0 chil

7268.0 24575.0 276.0 100.0 dren
7616.0 24579.0 228.0 96.0 and
7892.0 24599.0 196.0 80.0 ran
8140.0 24603.0 356.0 96.0 away.
8632.0 24579.0 172.0 100.0 He
8848.0 24603.0 260.0 76.0 savs
9156.0 24579.0 140.0 100.0 he
9344.0 24579.0 92.0 100.0 Is
9484.0 24607.0 68.0 76.0 a
9596.0 24595.0 432.0 96.0 respect-

7268.0 24691.0 248.0 100.0 able
7620.0 24695.0 420.0 100.0 farmer
8144.0 24691.0 364.0 112.0 living
8624.0 24715.0 276.0 80.0 near
9000.0 24691.0 576.0 124.0 Klngman
9592.0 24772.0 28.0 48.0 ,
9728.0 24699.0 292.0 104.0 Kan.
10032.0 24772.0 32.0 36.0 ,

7276.0 24807.0 224.0 100.0 and
7604.0 24807.0 244.0 104.0 sold
7956.0 24819.0 296.0 92.0 most
8356.0 24811.0 124.0 96.0 Of
8604.0 24811.0 180.0 100.0 his
8888.0 24824.0 528.0 112.0 property
9524.0 24819.0 228.0 100.0 and
9848.0 24803.0 220.0 120.0 had

7272.0 24923.0 188.0 100.0 the
7536.0 24923.0 344.0 104.0 result
7928.0 24923.0 124.0 100.0 of
8136.0 24923.0 148.0 100.0 Its
8368.0 24923.0 236.0 100.0 .sale
8648.0 24923.0 116.0 104.0 In
8816.0 24928.0 172.0 100.0 his
9036.0 24932.0 436.0 104.0 pocket.
9608.0 24932.0 176.0 104.0 Ho
9824.0 24955.0 188.0 84.0 car-

7272.0 25036.0 236.0 108.0 ried
7548.0 25043.0 272.0 100.0 with
7868.0 25040.0 228.0 100.0 him
8148.0 25040.0 356.0 108.0 81.400
8544.0 25040.0 112.0 104.0 In
8704.0 25047.0 292.0 100.0 cash.
9136.0 25043.0 176.0 104.0 He
9356.0 25043.0 248.0 104.0 said
9652.0 25051.0 140.0 100.0 ho
9836.0 25071.0 240.0 84.0 was

7272.0 25155.0 436.0 120.0 willing
7760.0 25159.0 112.0 92.0 to
7924.0 25155.0 260.0 100.0 take
8224.0 25179.0 252.0 76.0 care
8520.0 25159.0 124.0 100.0 of
8728.0 25159.0 192.0 100.0 the
8996.0 25155.0 512.0 112.0 children
9560.0 25163.0 228.0 104.0 and
9856.0 25167.0 216.0 100.0 had

7268.0 25267.0 208.0 104.0 left
7564.0 25300.0 64.0 72.0 a
7720.0 25271.0 352.0 104.0 f4.000
8236.0 25271.0 288.0 100.0 farm
8660.0 25275.0 176.0 100.0 for
8952.0 25271.0 180.0 108.0 his
9284.0 25279.0 300.0 104.0 wife.
9832.0 25283.0 244.0 108.0 The

7276.0 25387.0 264.0 104.0 wife
7720.0 25387.0 200.0 100.0 did
8108.0 25400.0 200.0 92.0 not
8488.0 25415.0 296.0 76.0 seem
8916.0 25415.0 64.0 80.0 a
9108.0 25391.0 208.0 108.0 bad
9504.0 25396.0 288.0 104.0 kind
9956.0 25400.0 124.0 104.0 of

7276.0 25523.0 440.0 80.0 woman
7908.0 25504.0 224.0 100.0 and
8320.0 25527.0 232.0 76.0 was
8732.0 25508.0 340.0 104.0 about
9240.0 25511.0 348.0 120.0 thirty
9756.0 25535.0 324.0 112.0 years

7272.0 25619.0 116.0 100.0 ot
7440.0 25643.0 236.0 92.0 age.
7804.0 25615.0 244.0 104.0 The
8096.0 25623.0 440.0 96.0 trouble
8576.0 25619.0 452.0 104.0 became
9076.0 25647.0 132.0 80.0 bo
9252.0 25651.0 48.0 76.0 v
9332.0 25623.0 352.0 108.0 lolent
9724.0 25608.0 244.0 124.0 that
10016.0 25656.0 68.0 76.0 a

7272.0 25743.0 628.0 112.0 policeman
7956.0 25760.0 228.0 76.0 was
8228.0 25731.0 360.0 108.0 called
8684.0 25764.0 156.0 80.0 in.
8972.0 25739.0 180.0 104.0 Ho
9228.0 25743.0 612.0 104.0 succeeded
9956.0 25747.0 120.0 100.0 In

7268.0 25851.0 500.0 120.0 calming
7812.0 25851.0 188.0 100.0 the
8040.0 25851.0 392.0 124.0 couple
8476.0 25851.0 336.0 104.0 down
8828.0 25927.0 28.0 40.0 ,
8948.0 25872.0 228.0 88.0 and
9288.0 25859.0 328.0 104.0 when
9732.0 25864.0 344.0 100.0 taken

7272.0 25991.0 264.0 76.0 over
7576.0 25976.0 116.0 92.0 to
7732.0 25963.0 184.0 112.0 the
7960.0 25963.0 360.0 120.0 police
8364.0 25979.0 316.0 92.0 court
8772.0 25972.0 188.0 100.0 the
9064.0 25972.0 272.0 112.0 wife
9428.0 25979.0 456.0 100.0 refused
9972.0 25987.0 112.0 96.0 to

7276.0 26080.0 184.0 104.0 hie
7500.0 26103.0 148.0 80.0 an
7700.0 26080.0 740.0 104.0 information
8492.0 26083.0 452.0 104.0 azalnst
8992.0 26087.0 208.0 100.0 her
9252.0 26091.0 516.0 108.0 husband
9780.0 26163.0 32.0 44.0 ,
9852.0 26091.0 232.0 104.0 and

7272.0 26195.0 144.0 104.0 he
7456.0 26195.0 404.0 124.0 agreed
7908.0 26203.0 112.0 96.0 to
8064.0 26223.0 144.0 96.0 go
8256.0 26199.0 280.0 104.0 back
8584.0 26203.0 328.0 104.0 home
8956.0 26207.0 276.0 104.0 with
9284.0 26207.0 228.0 104.0 her.

7432.0 26467.0 280.0 96.0 The
7780.0 26463.0 820.0 104.0 Milwaukee
8676.0 26471.0 648.0 96.0 Printers'
9400.0 26471.0 496.0 104.0 Strike.

7392.0 26600.0 1252.0 108.0 Mii.wAi-KKKMarch
8688.0 26611.0 88.0 100.0 4.
8904.0 26607.0 368.0 104.0 There
9320.0 26607.0 96.0 104.0 Is
9460.0 26631.0 148.0 80.0 no
9652.0 26611.0 440.0 128.0 change

7276.0 26743.0 120.0 100.0 In
7444.0 26743.0 192.0 100.0 the
7676.0 26743.0 588.0 108.0 condition
8312.0 26748.0 128.0 104.0 of
8524.0 26748.0 188.0 108.0 the.
8796.0 26748.0 528.0 124.0 printers'
9368.0 26752.0 356.0 104.0 strike
9768.0 26752.0 308.0 104.0 hero.

7268.0 26883.0 248.0 104.0 The
7560.0 26883.0 428.0 104.0 several
8080.0 26912.0 668.0 100.0 newspaper
8836.0 26895.0 380.0 100.0 ottlces
9284.0 26915.0 196.0 80.0 are
9524.0 26891.0 572.0 120.0 recoivine

7272.0 27023.0 584.0 108.0 additions
7964.0 27035.0 116.0 96.0 to
8188.0 27027.0 300.0 104.0 their
8564.0 27031.0 364.0 104.0 forces
9008.0 27031.0 148.0 100.0 bv
9260.0 27035.0 832.0 116.0 almost'every

7276.0 27143.0 336.0 104.0 train.
7740.0 27143.0 320.0 104.0 Thus
8104.0 27143.0 180.0 104.0 fur
8324.0 27172.0 336.0 96.0 every
8672.0 27147.0 328.0 104.0 thine
9088.0 27147.0 204.0 100.0 has
9340.0 27151.0 280.0 100.0 been
9708.0 27168.0 380.0 104.0 peacc-

7276.0 27259.0 292.0 100.0 fullv
7608.0 27259.0 664.0 104.0 conducted.
8412.0 27259.0 468.0 128.0 Victory
8920.0 27268.0 100.0 100.0 is
9092.0 27272.0 464.0 96.0 assured
9644.0 27263.0 176.0 108.0 for
9904.0 27268.0 188.0 104.0 the

7276.0 27372.0 660.0 128.0 publishers.

7392.0 27584.0 244.0 104.0 Thn
7740.0 27584.0 424.0 108.0 file-tail
8276.0 27588.0 776.0 116.0 organization
9144.0 27588.0 424.0 108.0 known
9684.0 27619.0 124.0 76.0 as
9904.0 27599.0 188.0 100.0 the

7280.0 27699.0 540.0 108.0 Printers'
7868.0 27703.0 632.0 104.0 Protective
8568.0 27703.0 644.0 124.0 Fraternity
9296.0 27719.0 232.0 92.0 met
9616.0 27707.0 116.0 108.0 iu
9792.0 27707.0 248.0 108.0 Kan-

7280.0 27840.0 188.0 80.0 sas
7504.0 27819.0 264.0 128.0 City
7808.0 27823.0 596.0 120.0 yesterday
8448.0 27823.0 228.0 100.0 and
8764.0 27815.0 424.0 108.0 elected
9260.0 27848.0 68.0 76.0 o
9344.0 27823.0 380.0 108.0 Ulcers.
9844.0 27827.0 252.0 112.0 Tlio

7292.0 27944.0 280.0 108.0 next
7616.0 27939.0 508.0 128.0 uettiog
8164.0 27959.0 80.0 92.0 u
8276.0 27935.0 128.0 116.0 111
8444.0 27935.0 136.0 104.0 be
8620.0 27935.0 140.0 116.0 he
8924.0 27939.0 124.0 132.0 iq
9088.0 27939.0 652.0 128.0 Cleveland.

10148.0 2624.0 692.0 236.0 ALMOST
11028.0 2620.0 228.0 236.0 AN
11388.0 2616.0 448.0 240.0 OPEN
11960.0 2620.0 872.0 236.0 RUPTURE
12855.0 2784.0 36.0 72.0 ,

10128.0 3180.0 104.0 128.0 A
10308.0 3180.0 340.0 136.0 Clash
10728.0 3188.0 536.0 128.0 Between
11340.0 3172.0 616.0 136.0 Cleveland
12080.0 3180.0 224.0 132.0 and
12380.0 3180.0 548.0 160.0 Congress

10932.0 3356.0 580.0 164.0 Narrowly
11564.0 3356.0 556.0 140.0 Avoided.

10140.0 3736.0 476.0 108.0 MANY
10776.0 3736.0 460.0 112.0 BILLS
11432.0 3724.0 408.0 116.0 LEFT
11992.0 3724.0 932.0 120.0 UNSIGNED.

10136.0 4136.0 560.0 104.0 Weaver
10756.0 4144.0 156.0 96.0 of
10964.0 4140.0 692.0 104.0 Nebraska
11772.0 4132.0 364.0 104.0 Fnllt
12208.0 4152.0 136.0 80.0 to
12416.0 4136.0 508.0 96.0 Secure

10320.0 4308.0 888.0 120.0 Hccomiltlon
11280.0 4332.0 164.0 76.0 on
11528.0 4316.0 228.0 88.0 the
11816.0 4304.0 872.0 104.0 Oinnhal'ost
12708.0 4344.0 40.0 36.0 *

10664.0 4480.0 372.0 104.0 ollloe
11152.0 4480.0 612.0 96.0 Measure
11904.0 4476.0 620.0 100.0 National

11024.0 4640.0 524.0 124.0 Capital
11624.0 4640.0 404.0 104.0 News.

10608.0 5008.0 504.0 96.0 Grovcr
11160.0 5000.0 400.0 100.0 Made
11632.0 5000.0 412.0 100.0 Them
12100.0 5004.0 352.0 96.0 Mad.

10256.0 5164.0 888.0 112.0 1ASHIXOTOX.
11148.0 5240.0 24.0 44.0 .
11284.0 5160.0 380.0 108.0 March
11768.0 5168.0 52.0 96.0 4
11828.0 5236.0 28.0 40.0 ,
12000.0 5164.0 32.0 124.0 [
12048.0 5160.0 444.0 120.0 Special
12616.0 5156.0 312.0 108.0 Tele-

10140.0 5336.0 304.0 80.0 cram
10500.0 5324.0 116.0 92.0 to
10680.0 5316.0 192.0 100.0 the
10984.0 5308.0 212.0 108.0 UKI
11207.0 5332.0 32.0 84.0 :
11248.0 5380.0 28.0 32.0 .
11308.0 5312.0 20.0 116.0 |
11460.0 5304.0 364.0 104.0 'Ihero
11912.0 5336.0 308.0 76.0 came
12292.0 5332.0 272.0 76.0 near
12608.0 5304.0 336.0 120.0 being

10136.0 5480.0 68.0 76.0 a
10248.0 5452.0 428.0 104.0 serious
10728.0 5460.0 456.0 116.0 rupture
11248.0 5452.0 112.0 100.0 at
11420.0 5448.0 188.0 100.0 the
11712.0 5448.0 412.0 128.0 capltol
12240.0 5448.0 232.0 124.0 just
12567.0 5448.0 388.0 104.0 before

10136.0 5620.0 536.0 80.0 concress
10720.0 5592.0 656.0 128.0 adjourned.
11504.0 5588.0 244.0 108.0 The
11816.0 5592.0 320.0 108.0 usual
12248.0 5588.0 700.0 108.0 committees

10144.0 5764.0 284.0 80.0 were
10480.0 5736.0 604.0 128.0 appointed
11176.0 5736.0 112.0 104.0 in
11380.0 5728.0 268.0 108.0 each
11720.0 5732.0 344.0 108.0 house
12156.0 5740.0 116.0 96.0 to
12320.0 5728.0 264.0 108.0 wait
12636.0 5756.0 304.0 92.0 upon

10140.0 5884.0 188.0 100.0 the
10396.0 5879.0 576.0 124.0 piesldent
11084.0 5884.0 112.0 100.0 to
11304.0 5868.0 376.0 132.0 notify
11783.0 5872.0 232.0 108.0 htm
12124.0 5876.0 240.0 104.0 that
12416.0 5900.0 532.0 96.0 congress

10144.0 6048.0 228.0 80.0 was
10420.0 6032.0 336.0 116.0 toady
10808.0 6028.0 112.0 100.0 to
10964.0 6020.0 480.0 128.0 adjourn
11495.0 6016.0 224.0 104.0 and
11768.0 6016.0 480.0 108.0 awaited
12336.0 6016.0 176.0 104.0 his
12604.0 6016.0 300.0 128.0 pleas-

10148.0 6191.0 192.0 76.0 ure
10392.0 6168.0 172.0 100.0 for
10612.0 6168.0 436.0 104.0 further
11116.0 6156.0 1040.0 116.0 communications.
12288.0 6160.0 244.0 104.0 The
12620.0 6184.0 288.0 80.0 mem-

10148.0 6308.0 252.0 104.0 bers
10444.0 6312.0 128.0 100.0 of
10616.0 6312.0 184.0 104.0 the
10848.0 6308.0 636.0 108.0 committee
11532.0 6328.0 144.0 80.0 on
11772.0 6300.0 184.0 108.0 the
12024.0 6312.0 248.0 116.0 part
12316.0 6308.0 120.0 100.0 of
12476.0 6304.0 188.0 104.0 the
12712.0 6328.0 192.0 80.0 sen-

10148.0 6456.0 180.0 100.0 ate
10376.0 6476.0 292.0 80.0 were
10716.0 6451.0 444.0 104.0 Messrs.
11216.0 6447.0 540.0 104.0 Sherman
11808.0 6447.0 868.0 116.0 andSaulsbuiy
12724.0 6444.0 228.0 104.0 and

10148.0 6620.0 148.0 76.0 on
10352.0 6592.0 192.0 104.0 the
10592.0 6603.0 244.0 112.0 part
10880.0 6596.0 124.0 100.0 of
11068.0 6592.0 188.0 108.0 the
11340.0 6592.0 344.0 104.0 house
11764.0 6592.0 472.0 104.0 Messrs.
12352.0 6584.0 548.0 108.0 Morrison
12920.0 6655.0 24.0 52.0 ,

10148.0 6732.0 448.0 108.0 Tucker
10640.0 6748.0 228.0 92.0 and
10924.0 6736.0 328.0 108.0 Heed.
11380.0 6732.0 240.0 104.0 Ihe
11688.0 6736.0 572.0 124.0 president
12300.0 6732.0 220.0 104.0 had
12596.0 6732.0 312.0 104.0 stead-

10152.0 6876.0 156.0 124.0 ily
10352.0 6880.0 448.0 104.0 lofused
10844.0 6888.0 108.0 96.0 to
10984.0 6884.0 376.0 104.0 accept
11403.0 6876.0 184.0 100.0 the
11632.0 6876.0 544.0 104.0 advlcoot
12228.0 6872.0 448.0 104.0 friends
12724.0 6872.0 228.0 104.0 and

10148.0 7048.0 144.0 96.0 go
10336.0 7019.0 188.0 104.0 the
10572.0 7019.0 400.0 124.0 capltol
10988.0 7096.0 24.0 48.0 ,
11084.0 7048.0 124.0 80.0 as
11299.0 7019.0 196.0 100.0 has
11584.0 7012.0 272.0 112.0 been
11932.0 7028.0 640.0 112.0 customary
12680.0 7016.0 268.0 100.0 with

10148.0 7160.0 308.0 108.0 chief
10496.0 7172.0 636.0 100.0 executives
11204.0 7160.0 108.0 104.0 In
11372.0 7156.0 184.0 108.0 the
11604.0 7168.0 240.0 116.0 past
11856.0 7231.0 24.0 48.0 ,
11976.0 7188.0 128.0 76.0 so
12188.0 7188.0 124.0 76.0 as
12380.0 7168.0 116.0 96.0 to
12548.0 7160.0 124.0 100.0 bo
12724.0 7156.0 112.0 104.0 in
12892.0 7184.0 68.0 76.0 a

10156.0 7304.0 484.0 128.0 position
10696.0 7320.0 108.0 88.0 to
10852.0 7304.0 412.0 104.0 handle
11348.0 7324.0 568.0 88.0 measures
12004.0 7331.0 120.0 72.0 as
12216.0 7300.0 260.0 120.0 they
12552.0 7304.0 400.0 120.0 passed

10152.0 7472.0 532.0 96.0 congress
10723.0 7472.0 148.0 100.0 up
10919.0 7456.0 112.0 96.0 to
11080.0 7448.0 184.0 104.0 the
11316.0 7444.0 208.0 104.0 last
11556.0 7456.0 492.0 96.0 moment
12088.0 7448.0 120.0 104.0 of
12240.0 7444.0 188.0 104.0 the
12472.0 7439.0 476.0 108.0 session.

10160.0 7588.0 176.0 104.0 He
10384.0 7588.0 192.0 108.0 did
10628.0 7588.0 224.0 104.0 this
10904.0 7591.0 176.0 104.0 for
11124.0 7591.0 188.0 100.0 the
11360.0 7612.0 480.0 96.0 purpose
11884.0 7591.0 120.0 100.0 of
12096.0 7584.0 524.0 124.0 teaching
12708.0 7608.0 256.0 80.0 con-

10156.0 7760.0 408.0 96.0 gressa
10616.0 7732.0 412.0 108.0 lesslon
11124.0 7732.0 112.0 104.0 In
11316.0 7724.0 508.0 108.0 business
11884.0 7728.0 892.0 120.0 expeilcnce.'as
12828.0 7724.0 136.0 104.0 he

10156.0 7872.0 196.0 108.0 did
10408.0 7880.0 196.0 100.0 not
10652.0 7876.0 424.0 104.0 believe
11128.0 7876.0 112.0 104.0 In
11296.0 7872.0 184.0 108.0 the
11528.0 7872.0 472.0 112.0 practice
12036.0 7876.0 124.0 100.0 of
12188.0 7868.0 464.0 120.0 holding
12684.0 7864.0 280.0 108.0 back

10160.0 8016.0 260.0 108.0 bills
10476.0 8020.0 180.0 100.0 for
10704.0 8016.0 264.0 104.0 tlnal
11016.0 8016.0 372.0 108.0 action
11424.0 8016.0 116.0 104.0 to
11568.0 8024.0 184.0 92.0 the
11788.0 8016.0 212.0 104.0 last
12044.0 8024.0 496.0 96.0 moment
12588.0 8007.0 268.0 108.0 with
12900.0 8036.0 68.0 76.0 a

10160.0 8160.0 292.0 104.0 view
10500.0 8163.0 116.0 100.0 to
10660.0 8160.0 532.0 124.0 escaping
11256.0 8160.0 188.0 104.0 the
11532.0 8160.0 504.0 124.0 scrutiny
12132.0 8160.0 120.0 104.0 of
12332.0 8156.0 188.0 104.0 the
12592.0 8148.0 292.0 128.0 presi

10160.0 8300.0 312.0 108.0 dent.
10608.0 8304.0 456.0 104.0 Hesldcs
11072.0 8380.0 24.0 40.0 ,
11148.0 8304.0 140.0 104.0 he
11328.0 8296.0 236.0 108.0 said
11580.0 8371.0 28.0 48.0 ,
11660.0 8300.0 188.0 104.0 the
11912.0 8296.0 680.0 132.0 president's
12640.0 8296.0 316.0 104.0 oftico

10164.0 8468.0 236.0 80.0 was
10452.0 8456.0 112.0 96.0 at
10616.0 8444.0 184.0 104.0 the
10848.0 8444.0 340.0 104.0 white
11256.0 8440.0 348.0 108.0 house
11648.0 8444.0 224.0 104.0 and
11920.0 8464.0 568.0 84.0 measures
12540.0 8432.0 364.0 128.0 requir-

10172.0 8583.0 196.0 124.0 ing
10416.0 8588.0 172.0 104.0 Ills
10636.0 8588.0 576.0 124.0 signature
11256.0 8579.0 400.0 112.0 should
11712.0 8583.0 128.0 104.0 be
11887.0 8592.0 260.0 100.0 sent
12196.0 8583.0 312.0 108.0 theie
12555.0 8579.0 224.0 104.0 and
12836.0 8579.0 132.0 100.0 be

10164.0 8739.0 260.0 92.0 sent
10472.0 8732.0 304.0 124.0 early
10824.0 8732.0 444.0 120.0 enough
11368.0 8728.0 176.0 104.0 for
11636.0 8728.0 172.0 104.0 his
11900.0 8728.0 608.0 104.0 deliberate
12555.0 8728.0 404.0 100.0 action.

10172.0 8872.0 132.0 104.0 In
10356.0 8876.0 324.0 100.0 other
10728.0 8876.0 356.0 100.0 words
11096.0 8947.0 24.0 48.0 ,
11176.0 8872.0 136.0 104.0 he
11391.0 8864.0 248.0 108.0 held
11696.0 8868.0 236.0 108.0 that
11979.0 8895.0 532.0 92.0 congress
12564.0 8864.0 408.0 104.0 should

10160.0 9016.0 516.0 104.0 conform
10728.0 9024.0 116.0 96.0 to
10908.0 9016.0 188.0 104.0 the
11140.0 9012.0 768.0 108.0 convenience
11976.0 9020.0 124.0 96.0 of
12144.0 9012.0 192.0 104.0 the
12384.0 9008.0 588.0 128.0 piesldent

10172.0 9155.0 440.0 108.0 instead
10664.0 9160.0 120.0 100.0 of
10832.0 9164.0 188.0 100.0 the
11064.0 9184.0 472.0 76.0 reverse.
11668.0 9155.0 104.0 104.0 It
11820.0 9184.0 232.0 76.0 was
12148.0 9151.0 436.0 124.0 shortly
12680.0 9151.0 296.0 100.0 after

10172.0 9304.0 108.0 96.0 11
10332.0 9296.0 424.0 112.0 o'clock
10808.0 9304.0 320.0 100.0 when
11148.0 9372.0 24.0 48.0 ,
11248.0 9300.0 172.0 100.0 for
11504.0 9292.0 188.0 108.0 the
11804.0 9324.0 476.0 96.0 purpose
12324.0 9296.0 120.0 100.0 of
12496.0 9288.0 472.0 124.0 waiting

10168.0 9467.0 296.0 100.0 upon
10520.0 9444.0 188.0 100.0 the
10756.0 9440.0 572.0 124.0 president
11340.0 9515.0 20.0 40.0 ,
11436.0 9440.0 456.0 124.0 inquiry
11944.0 9463.0 228.0 80.0 was
12224.0 9444.0 320.0 96.0 made
12592.0 9436.0 144.0 124.0 by
12784.0 9440.0 188.0 96.0 the

10180.0 9584.0 548.0 104.0 members
10836.0 9588.0 120.0 96.0 of
11096.0 9584.0 188.0 100.0 the
11428.0 9580.0 636.0 104.0 committee
12156.0 9576.0 504.0 108.0 whether
12760.0 9571.0 204.0 104.0 Mr.

10184.0 9727.0 612.0 104.0 Cleveland
10848.0 9723.0 216.0 104.0 had
11112.0 9752.0 48.0 96.0 )
11192.0 9732.0 104.0 96.0 et
11344.0 9720.0 428.0 108.0 arrived
11868.0 9727.0 112.0 100.0 at
12052.0 9723.0 188.0 100.0 the
12284.0 9716.0 412.0 128.0 capltol
12744.0 9716.0 228.0 104.0 and

10172.0 9868.0 496.0 104.0 whether
10720.0 9868.0 140.0 104.0 ho
10928.0 9896.0 80.0 76.0 vv
11036.0 9896.0 120.0 76.0 as
11248.0 9868.0 112.0 100.0 in
11456.0 9864.0 192.0 104.0 the
11736.0 9892.0 304.0 76.0 room
12136.0 9860.0 608.0 128.0 adjoining
12788.0 9864.0 188.0 96.0 the

10168.0 10020.0 392.0 96.0 senate
10564.0 10087.0 24.0 44.0 ,
10644.0 10012.0 372.0 108.0 which
11064.0 10035.0 232.0 80.0 was
11344.0 10031.0 264.0 100.0 very
11656.0 10035.0 344.0 96.0 many
12080.0 10035.0 48.0 92.0 )
12156.0 10031.0 244.0 80.0 ears
12492.0 10028.0 212.0 80.0 ace
12808.0 10004.0 168.0 100.0 set

10172.0 10156.0 308.0 100.0 aside
10532.0 10156.0 172.0 100.0 for
10752.0 10152.0 184.0 104.0 thn
10992.0 10152.0 304.0 104.0 work
11344.0 10152.0 120.0 100.0 of
11552.0 10148.0 188.0 104.0 the
11836.0 10148.0 580.0 128.0 president
12528.0 10172.0 148.0 76.0 on
12792.0 10143.0 188.0 100.0 Ihe

10176.0 10299.0 212.0 100.0 last
10432.0 10299.0 216.0 120.0 diy
10700.0 10299.0 120.0 100.0 of
10868.0 10295.0 188.0 104.0 the
11100.0 10295.0 432.0 104.0 session
11587.0 10295.0 120.0 100.0 of
11752.0 10316.0 564.0 100.0 congress.
12460.0 10291.0 104.0 100.0 A
12652.0 10312.0 288.0 96.0 nega

10176.0 10440.0 228.0 100.0 live
10448.0 10440.0 312.0 120.0 reply
10808.0 10464.0 232.0 76.0 was
11088.0 10436.0 500.0 104.0 received
11636.0 10436.0 224.0 100.0 and
11912.0 10436.0 492.0 124.0 surprise
12456.0 10455.0 232.0 76.0 was
12804.0 10455.0 132.0 72.0 ex-

10176.0 10592.0 452.0 112.0 pressed
10676.0 10580.0 240.0 104.0 that
10968.0 10576.0 592.0 104.0 President
11608.0 10576.0 628.0 104.0 Cleveland
12336.0 10572.0 408.0 104.0 should
12836.0 10568.0 108.0 124.0 Ig-

10176.0 10748.0 272.0 76.0 nore
10500.0 10720.0 224.0 104.0 this
10768.0 10720.0 184.0 104.0 old
11000.0 10728.0 424.0 100.0 custom
11556.0 10720.0 228.0 100.0 and
11896.0 10724.0 508.0 108.0 courtesy
12512.0 10720.0 112.0 96.0 to
12728.0 10736.0 208.0 80.0 con

10176.0 10888.0 312.0 80.0 eress
10500.0 10936.0 24.0 48.0 ,
10576.0 10888.0 124.0 80.0 as
10756.0 10863.0 84.0 104.0 It
10876.0 10888.0 96.0 76.0 is
11048.0 10892.0 64.0 72.0 a
11212.0 10860.0 776.0 104.0 convenience
12092.0 10863.0 116.0 96.0 to
12312.0 10860.0 240.0 100.0 that
12656.0 10856.0 320.0 116.0 body.

10176.0 11004.0 244.0 104.0 The
10472.0 11004.0 252.0 104.0 bills
10776.0 11008.0 396.0 120.0 passed
11228.0 11008.0 296.0 100.0 after
11568.0 11004.0 188.0 100.0 the
11864.0 11000.0 628.0 112.0 beginning
12592.0 11004.0 124.0 96.0 of
12800.0 10996.0 184.0 104.0 the

10184.0 11148.0 212.0 108.0 last
10472.0 11156.0 188.0 96.0 ten
10712.0 11148.0 280.0 120.0 days
11040.0 11152.0 120.0 96.0 of
11204.0 11148.0 188.0 104.0 the
11448.0 11144.0 440.0 104.0 session
11948.0 11152.0 296.0 96.0 must
12288.0 11140.0 420.0 104.0 iccclve
12796.0 11140.0 188.0 104.0 the

10180.0 11287.0 584.0 116.0 signature
10928.0 11292.0 120.0 100.0 of
11156.0 11292.0 188.0 100.0 the
11456.0 11296.0 592.0 116.0 president
12156.0 11312.0 128.0 76.0 or
12384.0 11287.0 264.0 116.0 they
12751.0 11283.0 184.0 104.0 die
12947.0 11352.0 28.0 48.0 ,

10184.0 11435.0 492.0 100.0 whereas
10688.0 11508.0 24.0 40.0 ,
10768.0 11435.0 312.0 100.0 those
11128.0 11448.0 396.0 96.0 passed
11576.0 11432.0 296.0 124.0 prior
11920.0 11439.0 112.0 92.0 to
12080.0 11432.0 244.0 100.0 that
12371.0 11428.0 272.0 104.0 time
12724.0 11452.0 256.0 92.0 may

10192.0 11584.0 456.0 96.0 become
10744.0 11576.0 272.0 104.0 laws
11064.0 11576.0 484.0 100.0 without
11644.0 11572.0 188.0 104.0 the
11932.0 11572.0 576.0 116.0 slgnatuie
12596.0 11568.0 120.0 104.0 of
12804.0 11568.0 184.0 100.0 the

10272.0 11716.0 496.0 104.0 resident
10824.0 11724.0 136.0 104.0 bv
11011.0 11724.0 356.0 96.0 virtue
11416.0 11720.0 128.0 100.0 of
11584.0 11747.0 64.0 72.0 a
11748.0 11712.0 860.0 108.0 constitutloual
12724.0 11740.0 260.0 96.0 pro-

10260.0 11872.0 280.0 92.0 Ision
10560.0 11928.0 24.0 48.0 ,
10640.0 11888.0 124.0 76.0 so
10812.0 11859.0 84.0 100.0 It
10940.0 11888.0 208.0 76.0 can
11200.0 11859.0 132.0 100.0 be
11380.0 11855.0 424.0 124.0 readily
11852.0 11884.0 264.0 76.0 seen
12175.0 11855.0 308.0 104.0 theie
12536.0 11859.0 92.0 96.0 Is
12680.0 11855.0 308.0 108.0 treat

10184.0 12004.0 556.0 120.0 necessity
10792.0 12004.0 176.0 100.0 for
11048.0 12004.0 188.0 100.0 the
11340.0 12000.0 576.0 124.0 president
12020.0 12015.0 116.0 88.0 to
12248.0 12004.0 124.0 96.0 be
12484.0 12000.0 296.0 104.0 close
12872.0 12024.0 24.0 72.0 :
12904.0 12004.0 80.0 92.0 tt

10220.0 12144.0 264.0 104.0 land
10536.0 12144.0 236.0 100.0 that
10828.0 12144.0 132.0 100.0 lie
11011.0 12171.0 256.0 96.0 may
11316.0 12144.0 256.0 108.0 sign
11624.0 12144.0 256.0 100.0 bills
11988.0 12167.0 156.0 96.0 up
12248.0 12148.0 112.0 96.0 to
12468.0 12140.0 188.0 100.0 the
12764.0 12140.0 216.0 100.0 last

10204.0 12288.0 408.0 100.0 iiilnuto
10656.0 12312.0 532.0 88.0 congress
11299.0 12284.0 92.0 104.0 Is
11504.0 12288.0 116.0 100.0 in
11740.0 12288.0 472.0 100.0 session.
12356.0 12279.0 356.0 104.0 When
12792.0 12284.0 188.0 100.0 the

10180.0 12427.0 636.0 104.0 committee
10919.0 12456.0 236.0 76.0 was
11268.0 12427.0 556.0 104.0 informed
12000.0 12427.0 244.0 100.0 that
12388.0 12423.0 600.0 104.0 Piesldent

10276.0 12572.0 152.0 104.0 lev
10456.0 12572.0 332.0 104.0 eland
10840.0 12576.0 212.0 96.0 had
11104.0 12568.0 452.0 104.0 refused
11608.0 12583.0 112.0 100.0 to
11768.0 12568.0 260.0 104.0 visit
12080.0 12576.0 184.0 96.0 the
12320.0 12568.0 404.0 108.0 capltol
12760.0 12564.0 220.0 104.0 and

10180.0 12712.0 432.0 124.0 sternly
10660.0 12716.0 556.0 120.0 protested
11272.0 12712.0 244.0 100.0 that
11564.0 12716.0 84.0 96.0 it
11696.0 12735.0 232.0 80.0 was
11979.0 12716.0 184.0 100.0 the
12212.0 12712.0 276.0 120.0 duty
12560.0 12712.0 120.0 100.0 of
12728.0 12732.0 200.0 76.0 congress

10180.0 12884.0 308.0 92.0 gross
10536.0 12860.0 112.0 96.0 to
10696.0 12864.0 300.0 96.0 cater
11044.0 12860.0 116.0 96.0 to
11207.0 12856.0 176.0 104.0 his
11444.0 12851.0 780.0 108.0 convenience
12312.0 12851.0 308.0 104.0 there
12700.0 12876.0 288.0 80.0 were

10204.0 13003.0 412.0 96.0 .ittercd
10692.0 12995.0 368.0 104.0 woids
11144.0 12999.0 128.0 96.0 of
11360.0 12999.0 204.0 96.0 not
11644.0 12995.0 272.0 120.0 only
12000.0 12995.0 712.0 124.0 disipproval
12796.0 12995.0 188.0 96.0 but

10180.0 13148.0 600.0 104.0 contempt.
10916.0 13136.0 316.0 104.0 Then
11292.0 13136.0 84.0 104.0 It
11488.0 13155.0 232.0 88.0 was
11828.0 13140.0 544.0 120.0 proposed
12484.0 13136.0 240.0 104.0 that
12792.0 13136.0 188.0 104.0 the

10244.0 13284.0 568.0 100.0 ommlttco
10856.0 13292.0 168.0 88.0 set
11072.0 13284.0 340.0 100.0 down
11468.0 13280.0 224.0 100.0 and
11776.0 13280.0 324.0 104.0 write
12204.0 13307.0 68.0 72.0 a
12376.0 13284.0 376.0 120.0 report
12864.0 13284.0 116.0 96.0 to

10232.0 13423.0 136.0 100.0 ho
10420.0 13428.0 224.0 96.0 two
10688.0 13419.0 404.0 104.0 houses
11140.0 13428.0 112.0 96.0 to
11304.0 13423.0 184.0 100.0 the
11532.0 13415.0 336.0 112.0 etfect
11916.0 13423.0 236.0 100.0 that
12196.0 13419.0 80.0 100.0 It
12324.0 13419.0 212.0 104.0 had
12624.0 13419.0 348.0 108.0 called

10184.0 13571.0 112.0 96.0 at
10340.0 13564.0 184.0 104.0 the
10576.0 13588.0 304.0 76.0 room
10928.0 13567.0 168.0 96.0 set
11140.0 13567.0 320.0 120.0 apart
11552.0 13564.0 172.0 104.0 for
11808.0 13560.0 192.0 108.0 the
12100.0 13588.0 644.0 100.0 occupancy
12852.0 13564.0 128.0 100.0 of

10236.0 13723.0 136.0 84.0 he
10416.0 13700.0 572.0 120.0 president
11036.0 13727.0 144.0 76.0 on
11236.0 13708.0 188.0 96.0 the
11468.0 13704.0 220.0 100.0 last
11724.0 13712.0 224.0 112.0 day
12032.0 13708.0 124.0 96.0 of
12260.0 13704.0 192.0 100.0 the
12536.0 13712.0 440.0 96.0 session

10184.0 13852.0 120.0 96.0 of
10344.0 13872.0 528.0 84.0 congress
10916.0 13844.0 224.0 104.0 and
11212.0 13848.0 244.0 96.0 that
11504.0 13848.0 84.0 96.0 It
11632.0 13844.0 216.0 104.0 hud
11904.0 13852.0 200.0 96.0 not
12152.0 13848.0 356.0 100.0 found
12564.0 13844.0 176.0 104.0 his
12804.0 13872.0 132.0 76.0 ex-

10180.0 13987.0 496.0 108.0 cellency
10720.0 13987.0 432.0 100.0 therein
11204.0 14000.0 224.0 88.0 and
11480.0 13987.0 244.0 96.0 that
11780.0 13991.0 80.0 96.0 it
11908.0 13987.0 216.0 100.0 had
12180.0 14012.0 148.0 76.0 no
12416.0 13991.0 376.0 104.0 report
12872.0 13991.0 120.0 96.0 to

10184.0 14156.0 428.0 92.0 convey
10660.0 14135.0 288.0 92.0 from
10996.0 14128.0 264.0 100.0 him.
11352.0 14124.0 280.0 108.0 This
11679.0 14151.0 232.0 76.0 was
11960.0 14124.0 404.0 124.0 agieed
12416.0 14132.0 112.0 96.0 to
12572.0 14124.0 364.0 108.0 unani-

10184.0 14272.0 436.0 112.0 mously
10624.0 14340.0 28.0 48.0 ,
10704.0 14268.0 184.0 100.0 the
10932.0 14268.0 672.0 108.0 democratic
11644.0 14264.0 552.0 104.0 members
12240.0 14268.0 124.0 100.0 of
12408.0 14268.0 192.0 100.0 the
12692.0 14291.0 292.0 80.0 com-

10224.0 14407.0 344.0 104.0 nlttco
10632.0 14407.0 528.0 116.0 agreeing
11232.0 14407.0 272.0 104.0 with
11608.0 14407.0 188.0 100.0 the
11904.0 14407.0 732.0 120.0 republicans
12744.0 14411.0 252.0 96.0 that

10184.0 14548.0 216.0 104.0 Mr.
10528.0 14548.0 608.0 112.0 Cleveland
11248.0 14580.0 124.0 72.0 ac
11428.0 14548.0 140.0 104.0 cd
11704.0 14544.0 1000.0 124.0 contemptuously
12872.0 14551.0 112.0 96.0 in

10184.0 14692.0 520.0 120.0 refusing
10872.0 14700.0 112.0 92.0 to
11144.0 14696.0 148.0 96.0 do
11452.0 14692.0 304.0 100.0 what
11967.0 14688.0 148.0 100.0 all
12340.0 14688.0 644.0 124.0 presidents

10240.0 14860.0 236.0 80.0 rom
10568.0 14840.0 428.0 116.0 Cicorgc
11052.0 14832.0 744.0 128.0 Washington
11887.0 14832.0 340.0 104.0 down
12336.0 14844.0 116.0 92.0 to
12540.0 14836.0 220.0 100.0 and
12836.0 14832.0 116.0 104.0 in-

10180.0 14975.0 464.0 124.0 cluding
10692.0 14975.0 428.0 104.0 Arthur
11164.0 14975.0 212.0 100.0 had
11428.0 14975.0 292.0 100.0 done
11764.0 14971.0 592.0 128.0 promptly.
12488.0 14971.0 284.0 104.0 This
12836.0 15000.0 160.0 76.0 re-

10208.0 15131.0 224.0 92.0 iiort
10480.0 15144.0 228.0 76.0 was
10748.0 15120.0 564.0 120.0 convened
11368.0 15123.0 112.0 92.0 to
11508.0 15116.0 188.0 100.0 the
11748.0 15116.0 572.0 124.0 president
12364.0 15144.0 200.0 80.0 pro
12612.0 15120.0 220.0 100.0 torn
12876.0 15120.0 124.0 100.0 of

10240.0 15264.0 132.0 100.0 he
10456.0 15272.0 388.0 92.0 senate
10948.0 15260.0 224.0 104.0 and
11280.0 15283.0 468.0 100.0 speaKer
11832.0 15260.0 124.0 100.0 of
12056.0 15256.0 188.0 104.0 the
12328.0 15260.0 352.0 100.0 house
12680.0 15331.0 28.0 48.0 ,
12764.0 15260.0 228.0 104.0 and

10184.0 15408.0 532.0 100.0 altliouch
10804.0 15404.0 88.0 100.0 It
10940.0 15428.0 228.0 72.0 was
11252.0 15408.0 204.0 92.0 not
11536.0 15399.0 672.0 104.0 announced
12224.0 15472.0 24.0 48.0 ,
12304.0 15399.0 84.0 104.0 It
12451.0 15424.0 280.0 80.0 soon
12831.0 15408.0 124.0 96.0 be-

10180.0 15572.0 316.0 80.0 came
10540.0 15543.0 392.0 104.0 noised
10976.0 15551.0 336.0 96.0 about
11360.0 15543.0 224.0 100.0 and
11636.0 15543.0 436.0 100.0 cieated
12120.0 15572.0 60.0 72.0 a
12228.0 15555.0 312.0 92.0 great
12592.0 15543.0 248.0 100.0 deal
12876.0 15543.0 124.0 100.0 of

10184.0 15692.0 708.0 100.0 excitement.
11060.0 15684.0 584.0 124.0 Instantly
11684.0 15684.0 600.0 120.0 telegiams
12380.0 15711.0 288.0 76.0 were
12739.0 15692.0 256.0 96.0 sent

10236.0 15863.0 64.0 64.0 o
10348.0 15832.0 188.0 100.0 the
10584.0 15828.0 336.0 104.0 white
10996.0 15832.0 344.0 100.0 house
11416.0 15832.0 144.0 120.0 by
11644.0 15824.0 500.0 128.0 Speaker
12232.0 15828.0 472.0 104.0 Carlisle
12768.0 15828.0 224.0 104.0 and

10188.0 15984.0 480.0 92.0 senator
10744.0 15971.0 276.0 100.0 Han
11048.0 15971.0 88.0 100.0 is
11144.0 16044.0 28.0 40.0 ,
11228.0 15967.0 632.0 120.0 Infoimiiig
11948.0 15971.0 184.0 100.0 the
12228.0 15971.0 576.0 120.0 president
12876.0 15971.0 124.0 100.0 of

10244.0 16119.0 128.0 96.0 lie
10420.0 16119.0 368.0 96.0 action
10844.0 16115.0 120.0 100.0 of
11008.0 16115.0 188.0 100.0 the
11240.0 16108.0 636.0 108.0 committee
11924.0 16115.0 224.0 100.0 and
12200.0 16111.0 524.0 120.0 advising
12768.0 16111.0 228.0 104.0 him

10216.0 16288.0 8.0 68.0 :
10236.0 16288.0 64.0 68.0 o
10348.0 16283.0 308.0 80.0 come
10704.0 16260.0 116.0 100.0 to
10868.0 16260.0 184.0 96.0 the
11096.0 16252.0 444.0 124.0 capltol.
11640.0 16252.0 112.0 104.0 It
11792.0 16279.0 232.0 76.0 was
12071.0 16252.0 264.0 108.0 then
12392.0 16256.0 296.0 100.0 after
12724.0 16256.0 280.0 100.0 half-

10232.0 16408.0 208.0 96.0 last
10488.0 16404.0 108.0 96.0 11
10648.0 16396.0 456.0 108.0 o'clock.
11236.0 16396.0 596.0 124.0 Presently
11875.0 16423.0 64.0 76.0 a
12000.0 16396.0 512.0 124.0 dispatch
12564.0 16423.0 232.0 76.0 was
12843.0 16423.0 160.0 76.0 ic-

10188.0 16543.0 388.0 100.0 ceived
10676.0 16543.0 284.0 100.0 from
11056.0 16539.0 188.0 100.0 the
11332.0 16539.0 576.0 104.0 executive
12008.0 16539.0 516.0 100.0 mansion
12620.0 16548.0 112.0 96.0 to
12812.0 16543.0 192.0 100.0 the

10188.0 16687.0 336.0 100.0 etlcct
10572.0 16695.0 240.0 88.0 that
10860.0 16687.0 208.0 96.0 Mr.
11128.0 16680.0 604.0 104.0 Cleveland
11808.0 16708.0 228.0 76.0 was
12116.0 16708.0 140.0 76.0 on
12356.0 16683.0 172.0 100.0 his
12580.0 16708.0 244.0 96.0 way
12888.0 16687.0 116.0 100.0 to

10216.0 16828.0 12.0 72.0 :
10248.0 16812.0 136.0 92.0 ho
10432.0 16799.0 444.0 124.0 capltol.
11016.0 16795.0 356.0 108.0 When
11448.0 16803.0 136.0 96.0 hn
11660.0 16799.0 440.0 100.0 arilved
12188.0 16803.0 308.0 96.0 there
12584.0 16824.0 288.0 76.0 vvero
12935.0 16828.0 68.0 72.0 a

10208.0 16920.0 460.0 100.0 number
10712.0 16920.0 124.0 96.0 of
10896.0 16916.0 500.0 100.0 enrolled
11444.0 16916.0 256.0 104.0 bills
11748.0 16916.0 316.0 112.0 lying
12108.0 16940.0 144.0 76.0 on
12312.0 16920.0 180.0 96.0 the
12540.0 16924.0 296.0 92.0 table
12880.0 16920.0 116.0 96.0 iu

10204.0 17036.0 176.0 100.0 his
10432.0 17059.0 296.0 76.0 room
10748.0 17107.0 20.0 44.0 ,
10824.0 17032.0 224.0 100.0 and
11100.0 17032.0 376.0 104.0 before
11528.0 17036.0 136.0 96.0 ho
11752.0 17032.0 216.0 100.0 had
12056.0 17032.0 592.0 104.0 examined
12700.0 17036.0 296.0 100.0 them

10196.0 17159.0 80.0 92.0 it
10328.0 17176.0 232.0 76.0 was
10608.0 17155.0 112.0 92.0 12
10764.0 17148.0 448.0 104.0 o'clock.
11372.0 17148.0 444.0 124.0 Quietly
11868.0 17151.0 184.0 96.0 thn
12100.0 17148.0 708.0 120.0 homelands
12848.0 17176.0 148.0 72.0 on

10200.0 17267.0 188.0 100.0 the
10492.0 17263.0 376.0 104.0 clocks
10980.0 17267.0 112.0 96.0 in
11188.0 17263.0 188.0 100.0 the
11456.0 17271.0 228.0 92.0 two
11764.0 17263.0 408.0 100.0 houses
12220.0 17292.0 288.0 72.0 were
12592.0 17263.0 412.0 104.0 turned

10204.0 17384.0 276.0 100.0 back
10560.0 17392.0 112.0 92.0 to
10756.0 17379.0 392.0 120.0 permit
11220.0 17384.0 188.0 96.0 the
11495.0 17379.0 668.0 124.0 completion
12244.0 17384.0 124.0 100.0 of
12444.0 17379.0 548.0 104.0 business.

10192.0 17500.0 376.0 116.0 Again
10728.0 17504.0 188.0 92.0 the
11036.0 17496.0 676.0 104.0 hour-hinds
11860.0 17519.0 288.0 76.0 were
12296.0 17496.0 488.0 120.0 shading
12892.0 17504.0 112.0 92.0 12

10204.0 17615.0 420.0 100.0 o'clock
10676.0 17612.0 220.0 100.0 and
10948.0 17615.0 188.0 96.0 the
11216.0 17612.0 632.0 100.0 committee
11892.0 17639.0 232.0 72.0 was
12200.0 17619.0 200.0 92.0 not
12488.0 17631.0 336.0 104.0 icady
12892.0 17619.0 116.0 92.0 to

10204.0 17743.0 376.0 104.0 repoit
10664.0 17735.0 280.0 92.0 from
11080.0 17727.0 184.0 100.0 the
11356.0 17727.0 608.0 124.0 prcs'dent.
12052.0 17731.0 228.0 100.0 and
12388.0 17731.0 332.0 104.0 again
12816.0 17727.0 196.0 104.0 the

10204.0 17847.0 284.0 100.0 hour
10544.0 17847.0 368.0 96.0 hands
10960.0 17868.0 288.0 76.0 were
11296.0 17843.0 408.0 104.0 turned
11796.0 17843.0 308.0 108.0 back.
12296.0 17843.0 452.0 124.0 Finally
12812.0 17843.0 196.0 104.0 the

10212.0 17964.0 572.0 112.0 president
10892.0 17960.0 444.0 100.0 refused
11468.0 17972.0 116.0 92.0 to
11720.0 17956.0 328.0 108.0 delav
12196.0 17960.0 808.0 124.0 adjournment

10204.0 18080.0 392.0 108.0 longer
10596.0 18151.0 28.0 44.0 ,
10680.0 18076.0 556.0 100.0 informed
11292.0 18083.0 184.0 92.0 the
11548.0 18076.0 640.0 104.0 committee
12264.0 18080.0 84.0 100.0 it
12428.0 18080.0 324.0 100.0 could
12848.0 18103.0 112.0 76.0 re-

10204.0 18203.0 248.0 104.0 port
10544.0 18220.0 144.0 76.0 no
10772.0 18195.0 432.0 100.0 further
11288.0 18195.0 940.0 100.0 communication
12328.0 18195.0 288.0 100.0 from
12732.0 18191.0 224.0 104.0 him
12972.0 18268.0 24.0 40.0 ,

10204.0 18311.0 224.0 100.0 and
10440.0 18384.0 28.0 44.0 ,
10512.0 18311.0 700.0 112.0 diawingon
11299.0 18307.0 176.0 100.0 his
11560.0 18324.0 312.0 104.0 great
11956.0 18315.0 244.0 96.0 coat
12212.0 18384.0 24.0 40.0 ,
12292.0 18307.0 208.0 104.0 left
12592.0 18311.0 412.0 124.0 hastily

10208.0 18436.0 176.0 92.0 tor
10428.0 18432.0 188.0 96.0 the
10664.0 18428.0 336.0 96.0 white
11048.0 18424.0 340.0 100.0 house
11412.0 18451.0 28.0 92.0 ;
11508.0 18424.0 196.0 100.0 but
11752.0 18428.0 144.0 96.0 he
11936.0 18424.0 204.0 104.0 left
12188.0 18436.0 116.0 88.0 to
12368.0 18428.0 188.0 100.0 die
12640.0 18451.0 64.0 72.0 a
12751.0 18428.0 212.0 100.0 mis-

10208.0 18544.0 368.0 100.0 erable
10680.0 18540.0 224.0 100.0 and
11008.0 18540.0 672.0 116.0 disgraceful
11792.0 18540.0 332.0 100.0 death
12212.0 18567.0 68.0 76.0 n
12344.0 18540.0 476.0 104.0 number
12884.0 18544.0 124.0 96.0 of

10212.0 18655.0 704.0 104.0 meritorious
10968.0 18679.0 556.0 80.0 measures
11532.0 18731.0 24.0 36.0 ,
11612.0 18659.0 180.0 100.0 for
11836.0 18655.0 364.0 100.0 which
12276.0 18659.0 544.0 100.0 members
12884.0 18659.0 120.0 100.0 of

10212.0 18775.0 264.0 100.0 botli
10528.0 18771.0 408.0 116.0 parties
10984.0 18767.0 216.0 104.0 had
11252.0 18771.0 444.0 104.0 worked
11748.0 18783.0 272.0 92.0 loiie
12104.0 18775.0 224.0 100.0 and
12412.0 18771.0 592.0 116.0 faithfully

10208.0 18892.0 224.0 100.0 and
10512.0 18887.0 112.0 100.0 iu
10704.0 18887.0 364.0 100.0 which
11144.0 18887.0 188.0 100.0 the
11391.0 18892.0 360.0 100.0 entire
11820.0 18896.0 472.0 116.0 country
12368.0 18915.0 228.0 76.0 was
12672.0 18892.0 292.0 100.0 inter

10212.0 19004.0 340.0 104.0 ested.
10632.0 19000.0 460.0 104.0 Intense
11144.0 19004.0 708.0 124.0 Indignation
11908.0 19000.0 228.0 104.0 wSs
12204.0 19008.0 596.0 120.0 expressed
12848.0 19031.0 148.0 76.0 on

10212.0 19143.0 332.0 100.0 every
10584.0 19116.0 300.0 104.0 hand
10968.0 19127.0 116.0 92.0 at
11168.0 19120.0 188.0 100.0 the
11436.0 19123.0 368.0 100.0 action
11896.0 19123.0 120.0 96.0 of
12116.0 19120.0 192.0 104.0 the
12392.0 19120.0 604.0 124.0 president.

10220.0 19235.0 180.0 104.0 He
10528.0 19235.0 400.0 100.0 should
11008.0 19235.0 280.0 100.0 have
11388.0 19260.0 292.0 80.0 cone
11776.0 19247.0 112.0 88.0 to
11992.0 19235.0 188.0 100.0 the
12284.0 19239.0 416.0 120.0 capitol
12792.0 19235.0 216.0 104.0 last

10216.0 19351.0 328.0 120.0 night
10588.0 19351.0 220.0 100.0 and
10864.0 19355.0 568.0 96.0 remained
11476.0 19351.0 152.0 104.0 all
11696.0 19347.0 324.0 124.0 night
12071.0 19355.0 84.0 96.0 it
12248.0 19376.0 592.0 96.0 nect-ssaiy
12884.0 19368.0 120.0 88.0 to

10212.0 19468.0 392.0 104.0 attend
10652.0 19472.0 116.0 96.0 to
10812.0 19472.0 188.0 96.0 the
11048.0 19468.0 304.0 100.0 work
11403.0 19472.0 168.0 100.0 for
11616.0 19472.0 232.0 96.0 him
11928.0 19480.0 116.0 84.0 to
12083.0 19468.0 144.0 100.0 do
12236.0 19539.0 24.0 44.0 ,
12320.0 19468.0 188.0 104.0 but
12564.0 19472.0 436.0 100.0 instead

10216.0 19588.0 136.0 100.0 he
10400.0 19584.0 572.0 100.0 remained
11020.0 19588.0 112.0 96.0 at
11216.0 19580.0 188.0 104.0 the
11504.0 19584.0 580.0 104.0 executive
12188.0 19584.0 516.0 104.0 mansion
12772.0 19588.0 232.0 100.0 and

10216.0 19711.0 236.0 92.0 two
10536.0 19699.0 548.0 116.0 carriages
11172.0 19724.0 288.0 80.0 were
11544.0 19699.0 512.0 124.0 required
12104.0 19703.0 112.0 96.0 to
12276.0 19728.0 316.0 92.0 carry
12636.0 19703.0 368.0 104.0 clerks

10216.0 19819.0 280.0 100.0 back
10544.0 19815.0 228.0 100.0 and
10840.0 19815.0 616.0 100.0 forthwith
11544.0 19840.0 560.0 80.0 measures
12192.0 19819.0 572.0 120.0 requiring
12831.0 19819.0 176.0 100.0 ills

10216.0 19936.0 616.0 116.0 signature.
10976.0 19927.0 316.0 104.0 More
11384.0 19936.0 272.0 100.0 than
11764.0 19932.0 236.0 100.0 that
12012.0 20007.0 24.0 40.0 ,
12140.0 19940.0 224.0 92.0 two
12468.0 19959.0 132.0 76.0 or
12692.0 19936.0 312.0 100.0 three

10220.0 20063.0 320.0 88.0 extia
10640.0 20044.0 368.0 104.0 clerks
11092.0 20048.0 216.0 104.0 had
11396.0 20056.0 112.0 96.0 to
11584.0 20052.0 132.0 96.0 be
11756.0 20048.0 484.0 100.0 enlisted
12292.0 20056.0 172.0 92.0 for
12508.0 20056.0 188.0 96.0 the
12760.0 20075.0 208.0 92.0 pur-

10220.0 20192.0 264.0 92.0 pose
10492.0 20239.0 24.0 40.0 ,
10568.0 20163.0 228.0 100.0 and
10876.0 20163.0 84.0 100.0 it
11048.0 20167.0 388.0 100.0 rained
11532.0 20163.0 224.0 104.0 and
11800.0 20167.0 464.0 96.0 snowed
12312.0 20167.0 228.0 100.0 and
12592.0 20192.0 224.0 76.0 was
12884.0 20192.0 124.0 76.0 as

10216.0 20267.0 764.0 132.0 dlsigreeablc
11024.0 20304.0 124.0 76.0 as
11188.0 20279.0 324.0 104.0 could
11600.0 20283.0 132.0 100.0 be
11816.0 20279.0 172.0 100.0 for
12068.0 20279.0 240.0 100.0 that
12396.0 20308.0 600.0 80.0 enormous

10220.0 20404.0 472.0 96.0 amount
10736.0 20408.0 116.0 92.0 ot
10904.0 20408.0 316.0 88.0 extra
11264.0 20395.0 220.0 100.0 and
11532.0 20420.0 756.0 80.0 unnecessary
12336.0 20400.0 344.0 100.0 travel
12696.0 20472.0 24.0 32.0 ,

10224.0 20516.0 600.0 124.0 presented
10888.0 20508.0 144.0 120.0 by
11072.0 20535.0 228.0 96.0 any
11344.0 20516.0 624.0 112.0 legislative
12012.0 20512.0 288.0 120.0 body
12328.0 20539.0 120.0 76.0 as
12480.0 20520.0 240.0 100.0 that
12756.0 20539.0 76.0 80.0 w
12864.0 20516.0 124.0 104.0 it-

10908.0 20647.0 452.0 84.0 IthCKSS
11400.0 20651.0 136.0 84.0 IN
11584.0 20655.0 48.0 76.0 1
11668.0 20651.0 164.0 80.0 UK
11884.0 20651.0 432.0 80.0 1IOUSK.

10344.0 20743.0 104.0 104.0 It
10492.0 20743.0 96.0 104.0 is
10636.0 20743.0 680.0 124.0 Improbable
11360.0 20751.0 232.0 100.0 that
11664.0 20747.0 264.0 104.0 such
11976.0 20772.0 68.0 76.0 a
12092.0 20768.0 328.0 80.0 scene
12468.0 20768.0 228.0 84.0 was
12739.0 20772.0 264.0 80.0 ever

10228.0 20859.0 400.0 104.0 nessed
10684.0 20863.0 116.0 100.0 In
10852.0 20859.0 184.0 104.0 the
11084.0 20863.0 340.0 100.0 house
11468.0 20876.0 112.0 92.0 at
11632.0 20863.0 108.0 100.0 10
11820.0 20859.0 420.0 108.0 o'clock
12332.0 20859.0 224.0 104.0 this
12647.0 20891.0 308.0 76.0 morn

10224.0 20984.0 232.0 116.0 ing.
10592.0 20976.0 352.0 112.0 Paper
10988.0 20976.0 224.0 104.0 and
11288.0 20980.0 444.0 140.0 t9bacco
11816.0 20976.0 328.0 124.0 quids
12232.0 20980.0 224.0 100.0 and
12508.0 20984.0 308.0 96.0 stubs
12884.0 20984.0 120.0 96.0 of

10220.0 21095.0 364.0 112.0 cigars
10624.0 21095.0 224.0 100.0 and
10916.0 21095.0 316.0 96.0 other
11316.0 21095.0 236.0 104.0 tilth
11636.0 21095.0 460.0 100.0 covered
12188.0 21095.0 188.0 100.0 the
12436.0 21107.0 380.0 108.0 carpet
12884.0 21123.0 124.0 72.0 so

10224.0 21211.0 660.0 116.0 completely
10936.0 21211.0 236.0 100.0 that
11236.0 21236.0 216.0 80.0 ono
11532.0 21211.0 324.0 104.0 could
11948.0 21219.0 200.0 92.0 not
12228.0 21223.0 508.0 96.0 discover
12800.0 21215.0 188.0 100.0 the

10224.0 21331.0 304.0 100.0 color
10564.0 21327.0 120.0 96.0 of
10728.0 21327.0 240.0 100.0 that
11011.0 21323.0 412.0 112.0 aitlcle.
11552.0 21331.0 236.0 100.0 The
11836.0 21336.0 540.0 92.0 membeis
12451.0 21331.0 208.0 100.0 had
12712.0 21331.0 276.0 100.0 been

10228.0 21471.0 148.0 96.0 up
10420.0 21444.0 796.0 112.0 continuously
11268.0 21452.0 168.0 96.0 tor
11480.0 21448.0 396.0 104.0 almo-,1
11967.0 21444.0 644.0 120.0 forty-eight
12659.0 21448.0 340.0 104.0 hours

10224.0 21563.0 220.0 100.0 and
10504.0 21583.0 288.0 76.0 were
10872.0 21583.0 248.0 76.0 sore
11168.0 21560.0 412.0 108.0 headed
11596.0 21639.0 24.0 48.0 ,
11672.0 21563.0 368.0 120.0 sleepy
12096.0 21560.0 220.0 104.0 and
12368.0 21563.0 588.0 104.0 uncharita

10224.0 21679.0 212.0 100.0 ble.
10560.0 21675.0 244.0 104.0 Tim
10888.0 21679.0 468.0 116.0 speaker
11356.0 21756.0 28.0 32.0 ,
11472.0 21675.0 748.0 124.0 anticipating
12264.0 21704.0 64.0 76.0 a
12392.0 21683.0 580.0 120.0 stampede
12976.0 21756.0 24.0 40.0 ,

10232.0 21795.0 216.0 104.0 had
10500.0 21791.0 384.0 140.0 posted
10936.0 21820.0 64.0 72.0 a
11048.0 21795.0 416.0 100.0 titistcd
11556.0 21795.0 484.0 104.0 sentinel
12112.0 21799.0 424.0 112.0 twenty
12588.0 21804.0 228.0 96.0 tcet
12888.0 21795.0 112.0 104.0 In

10228.0 21899.0 312.0 112.0 front
10624.0 21916.0 124.0 92.0 of
10852.0 21908.0 172.0 100.0 his
11108.0 21908.0 272.0 104.0 desk
11428.0 21920.0 112.0 96.0 to
11587.0 21908.0 328.0 104.0 assist
11972.0 21908.0 224.0 104.0 him
12248.0 21912.0 112.0 100.0 in
12440.0 21916.0 188.0 96.0 the
12672.0 21920.0 336.0 96.0 event

10228.0 22028.0 124.0 96.0 of
10456.0 22051.0 140.0 76.0 an
10708.0 22051.0 684.0 100.0 emergency.
11568.0 22028.0 540.0 120.0 Springer
12112.0 22099.0 24.0 40.0 ,
12228.0 22024.0 480.0 104.0 Hnlman
12784.0 22028.0 224.0 104.0 anil

10236.0 22143.0 392.0 100.0 Curtiii
10684.0 22163.0 288.0 76.0 were
11016.0 22143.0 664.0 120.0 designated
11724.0 22143.0 168.0 100.0 for
11964.0 22143.0 212.0 100.0 ilils
12224.0 22168.0 472.0 96.0 purpose
12704.0 22220.0 28.0 40.0 ,
12784.0 22147.0 228.0 100.0 and

10228.0 22284.0 220.0 76.0 one
10492.0 22259.0 120.0 96.0 of
10696.0 22259.0 300.0 100.0 them
11044.0 22263.0 524.0 116.0 occupied
11616.0 22288.0 64.0 76.0 a
11720.0 22255.0 312.0 104.0 chair
12112.0 22263.0 116.0 96.0 at
12296.0 22259.0 184.0 100.0 the
12552.0 22263.0 276.0 100.0 head
12896.0 22267.0 108.0 96.0 ot

10228.0 22376.0 188.0 100.0 the
10452.0 22376.0 388.0 100.0 center
10876.0 22376.0 276.0 100.0 aisle
11196.0 22376.0 116.0 104.0 in
11360.0 22407.0 60.0 72.0 a
11460.0 22371.0 652.0 112.0 semi-circle
12160.0 22384.0 116.0 92.0 in
12320.0 22380.0 304.0 100.0 front
12656.0 22384.0 124.0 92.0 of
12824.0 22376.0 188.0 104.0 the

10228.0 22496.0 452.0 108.0 speakei
10744.0 22488.0 148.0 100.0 all
10972.0 22492.0 184.0 100.0 the
11240.0 22492.0 296.0 104.0 tlmo.
11668.0 22492.0 440.0 112.0 Dining
12196.0 22496.0 188.0 100.0 the
12492.0 22496.0 216.0 100.0 last
12772.0 22496.0 244.0 100.0 half

10232.0 22607.0 280.0 100.0 hour
10596.0 22619.0 112.0 88.0 ot
10820.0 22607.0 192.0 100.0 the
11096.0 22607.0 1092.0 108.0 sesslnnCurtlns.it
12267.0 22607.0 112.0 100.0 in
12436.0 22607.0 188.0 100.0 the
12668.0 22611.0 312.0 100.0 chair
12984.0 22683.0 24.0 44.0 ,

10232.0 22723.0 196.0 100.0 but
10472.0 22723.0 140.0 104.0 he
10656.0 22723.0 540.0 120.0 appeared
11248.0 22752.0 124.0 72.0 so
11416.0 22727.0 384.0 116.0 newly
11860.0 22723.0 616.0 100.0 exhausted
12524.0 22752.0 124.0 72.0 as
12692.0 22731.0 112.0 96.0 to
12872.0 22727.0 132.0 100.0 beef

10232.0 22844.0 124.0 96.0 of
10408.0 22863.0 144.0 76.0 no
10596.0 22844.0 616.0 100.0 assistance
11256.0 22848.0 112.0 96.0 to
11412.0 22852.0 188.0 96.0 the
11636.0 22856.0 508.0 100.0 speaker.
12267.0 22844.0 20.0 40.0 '
12292.0 22839.0 48.0 104.0 1
12376.0 22839.0 100.0 100.0 In
12572.0 22844.0 280.0 120.0 duty
12896.0 22844.0 124.0 100.0 of

10232.0 22956.0 312.0 104.0 these
10592.0 22956.0 548.0 100.0 sentinels
11188.0 22983.0 224.0 76.0 was
11460.0 22971.0 112.0 92.0 to
11612.0 22956.0 364.0 120.0 object
12024.0 22967.0 112.0 88.0 to
12175.0 22956.0 832.0 116.0 consideration

10232.0 23075.0 120.0 96.0 ot
10456.0 23071.0 256.0 100.0 bills
10800.0 23071.0 356.0 104.0 under
11196.0 23099.0 64.0 76.0 a
11304.0 23075.0 672.0 124.0 suspension
12024.0 23071.0 128.0 100.0 of
12236.0 23071.0 528.0 104.0 theiules
12772.0 23147.0 24.0 48.0 ,
12855.0 23075.0 112.0 100.0 In-

10236.0 23187.0 636.0 104.0 troduction
10940.0 23191.0 124.0 96.0 of
11144.0 23191.0 664.0 104.0 resolutions
11872.0 23187.0 224.0 104.0 and
12184.0 23191.0 560.0 116.0 anything
12788.0 23191.0 232.0 100.0 else

10236.0 23307.0 364.0 100.0 which
10652.0 23299.0 352.0 112.0 might
11052.0 23311.0 616.0 108.0 embarrass
11748.0 23299.0 192.0 104.0 the
12004.0 23303.0 584.0 128.0 presiding
12647.0 23307.0 376.0 100.0 officer

10232.0 23443.0 128.0 80.0 or
10460.0 23415.0 376.0 108.0 house.
11032.0 23420.0 100.0 100.0 It
11228.0 23420.0 620.0 112.0 wasMltelr
11964.0 23420.0 412.0 120.0 special
12500.0 23428.0 280.0 116.0 duty
12908.0 23432.0 116.0 92.0 to

10232.0 23559.0 188.0 76.0 see
10464.0 23536.0 244.0 104.0 that
10796.0 23536.0 484.0 108.0 nothing
11328.0 23567.0 232.0 80.0 was
11612.0 23536.0 656.0 108.0 considered
12359.0 23539.0 364.0 104.0 which
12792.0 23567.0 232.0 76.0 waste

10236.0 23659.0 116.0 96.0 to
10400.0 23651.0 132.0 100.0 bo
10568.0 23659.0 116.0 96.0 to
10732.0 23651.0 1036.0 116.0 thedladvantaee
11812.0 23651.0 128.0 100.0 of
11992.0 23651.0 180.0 104.0 the
12224.0 23655.0 800.0 124.0 predominant

10240.0 23775.0 360.0 116.0 partv.
10723.0 23767.0 364.0 100.0 There
11164.0 23796.0 224.0 80.0 was
11432.0 23799.0 72.0 80.0 n
11540.0 23788.0 308.0 104.0 great
11928.0 23771.0 424.0 100.0 clamor
12416.0 23796.0 112.0 76.0 to
12572.0 23779.0 184.0 96.0 iret
12804.0 23796.0 176.0 80.0 rec-

10236.0 23883.0 512.0 120.0 ognition
10764.0 23955.0 28.0 40.0 ,
10844.0 23888.0 220.0 100.0 and
11156.0 23900.0 928.0 92.0 some'members
12163.0 23888.0 324.0 104.0 stood
12555.0 23911.0 156.0 92.0 up
12796.0 23888.0 228.0 104.0 and

10244.0 24000.0 436.0 104.0 howled
10732.0 24004.0 668.0 104.0 themselves
11448.0 23992.0 388.0 120.0 Hoarse
11840.0 24075.0 28.0 48.0 ,
11924.0 24000.0 228.0 104.0 and
12204.0 24004.0 116.0 100.0 In
12371.0 24031.0 348.0 88.0 anger
12784.0 24011.0 244.0 96.0 tore

10240.0 24143.0 156.0 96.0 up
10440.0 24115.0 188.0 104.0 the
10712.0 24115.0 260.0 104.0 bills
11060.0 24119.0 216.0 100.0 and
11356.0 24127.0 424.0 112.0 reports
11824.0 24123.0 228.0 100.0 and
12120.0 24115.0 316.0 124.0 flung
12520.0 24123.0 304.0 100.0 them
12876.0 24143.0 148.0 80.0 on

10244.0 24235.0 188.0 100.0 the
10480.0 24235.0 276.0 100.0 floor
10804.0 24235.0 108.0 100.0 In
10972.0 24235.0 208.0 104.0 full
11232.0 24235.0 288.0 108.0 view
11548.0 24239.0 124.0 116.0 of
11740.0 24235.0 192.0 100.0 the
11976.0 24235.0 500.0 116.0 speaker.
12612.0 24239.0 248.0 100.0 One
12904.0 24239.0 120.0 100.0 ot

10244.0 24364.0 188.0 88.0 the
10504.0 24356.0 288.0 96.0 most
10844.0 24356.0 864.0 104.0 perhistent-for
11788.0 24356.0 696.0 100.0 rtcomiition
12540.0 24379.0 228.0 80.0 was
12816.0 24356.0 208.0 100.0 Mr.

10252.0 24464.0 468.0 108.0 Weaver
10720.0 24539.0 28.0 40.0 ,
10796.0 24468.0 120.0 100.0 of
11024.0 24468.0 652.0 108.0 Nebraska.1
11760.0 24464.0 172.0 104.0 He
12028.0 24468.0 212.0 100.0 had
12288.0 24495.0 68.0 76.0 a
12400.0 24468.0 196.0 104.0 bill
12644.0 24495.0 348.0 92.0 appro-

10244.0 24579.0 500.0 124.0 priating
10788.0 24579.0 472.0 120.0 $100,000
11344.0 24591.0 176.0 104.0 for
11564.0 24583.0 188.0 108.0 the
11788.0 24583.0 780.0 116.0 enlargement
12616.0 24579.0 128.0 104.0 of
12840.0 24595.0 192.0 92.0 the

10244.0 24703.0 740.0 108.0 government
11072.0 24699.0 668.0 124.0 bulldlncat
11808.0 24699.0 436.0 100.0 Omaha
12248.0 24776.0 28.0 36.0 ,
12328.0 24703.0 228.0 104.0 and
12656.0 24703.0 176.0 100.0 for
12880.0 24728.0 148.0 76.0 an

10248.0 24815.0 284.0 100.0 hour
10572.0 24815.0 140.0 100.0 he
10756.0 24815.0 320.0 104.0 stood
11172.0 24819.0 384.0 108.0 bcsldw
11596.0 24819.0 176.0 108.0 his
11816.0 24824.0 248.0 92.0 Feat
12144.0 24815.0 228.0 104.0 and
12440.0 24815.0 352.0 104.0 called
12852.0 24815.0 184.0 108.0 for

10248.0 24936.0 192.0 96.0 the
10524.0 24936.0 576.0 104.0 speaker's
11168.0 24955.0 240.0 100.0 eye.
11544.0 24936.0 168.0 104.0 He
11764.0 24932.0 276.0 104.0 tried
12124.0 24955.0 336.0 96.0 every
12548.0 24936.0 488.0 120.0 possible

10248.0 25051.0 448.0 100.0 schemn
10744.0 25047.0 112.0 104.0 in
10912.0 25047.0 868.0 124.0 parliamentary
11824.0 25043.0 396.0 108.0 tactics
12228.0 25123.0 28.0 36.0 ,
12304.0 25067.0 284.0 84.0 even
12644.0 25055.0 352.0 100.0 resort-

10252.0 25163.0 200.0 116.0 ing
10516.0 25171.0 116.0 92.0 to
10716.0 25167.0 360.0 120.0 rising
11116.0 25171.0 116.0 100.0 to
11276.0 25196.0 68.0 76.0 a
11384.0 25155.0 512.0 136.0 question
11952.0 25163.0 124.0 100.0 of
12180.0 25163.0 544.0 120.0 privilege
12728.0 25240.0 28.0 44.0 ,
12808.0 25175.0 116.0 96.0 to
12972.0 25192.0 68.0 80.0 a

10252.0 25279.0 516.0 124.0 question
10820.0 25283.0 120.0 96.0 of
10984.0 25287.0 324.0 100.0 order
11308.0 25359.0 28.0 48.0 ,
11388.0 25296.0 120.0 96.0 to
11552.0 25283.0 324.0 104.0 make
11944.0 25275.0 872.0 128.0 parliamentary
12868.0 25287.0 116.0 96.0 in-

10252.0 25396.0 320.0 144.0 quiry
10584.0 25463.0 24.0 44.0 ,
10664.0 25396.0 368.0 104.0 which
11116.0 25400.0 136.0 100.0 he
11340.0 25404.0 368.0 104.0 would
11796.0 25404.0 256.0 96.0 turn
12124.0 25396.0 244.0 104.0 into
12412.0 25427.0 68.0 76.0 a
12528.0 25400.0 248.0 116.0 plea
12864.0 25404.0 176.0 100.0 for

10256.0 25500.0 392.0 120.0 gettini
10648.0 25539.0 48.0 72.0 ;
10780.0 25515.0 692.0 112.0 recognition
11556.0 25519.0 180.0 100.0 for
11804.0 25511.0 188.0 104.0 the
12032.0 25511.0 832.0 108.0 consideration
12916.0 25519.0 124.0 96.0 of

10256.0 25627.0 176.0 100.0 his
10532.0 25627.0 228.0 112.0 bill.
10888.0 25627.0 324.0 108.0 Then
11299.0 25635.0 204.0 108.0 Mr.
11560.0 25631.0 468.0 104.0 Weaver
12096.0 25639.0 300.0 92.0 went
12484.0 25631.0 336.0 100.0 down
12920.0 25631.0 116.0 104.0 in

10260.0 25747.0 308.0 96.0 Iront
10616.0 25747.0 120.0 96.0 of
10808.0 25747.0 188.0 100.0 the
11040.0 25751.0 560.0 112.0 speaker's
11644.0 25743.0 280.0 108.0 desk
11984.0 25743.0 220.0 104.0 and
12255.0 25760.0 336.0 112.0 spent
12632.0 25747.0 188.0 100.0 thn
12868.0 25771.0 116.0 76.0 re-

10260.0 25855.0 516.0 120.0 maining
10868.0 25864.0 284.0 100.0 hour
11236.0 25868.0 536.0 124.0 pleadinir
11772.0 25935.0 28.0 44.0 ,
11848.0 25859.0 460.0 128.0 trading
12312.0 25935.0 24.0 36.0 ,
12388.0 25864.0 660.0 120.0 combining

10256.0 25987.0 228.0 88.0 and
10572.0 25976.0 264.0 100.0 then
10888.0 25976.0 724.0 124.0 denouncing
11616.0 26055.0 24.0 44.0 ,
11688.0 25963.0 200.0 116.0 but
11976.0 25979.0 88.0 100.0 it
12152.0 26003.0 228.0 76.0 was
12468.0 25979.0 148.0 104.0 all
12692.0 25991.0 120.0 88.0 to
12900.0 26003.0 148.0 80.0 no

10264.0 26087.0 292.0 104.0 avail
10576.0 26163.0 32.0 28.0 ,
10740.0 26087.0 184.0 108.0 lie
10968.0 26095.0 384.0 120.0 finally
11396.0 26091.0 448.0 116.0 labored
11892.0 26091.0 176.0 100.0 for
12112.0 26087.0 388.0 108.0 iiftcen
12555.0 26095.0 492.0 104.0 minutes

10264.0 26203.0 272.0 104.0 with
10588.0 26207.0 216.0 104.0 Mr.
10848.0 26211.0 540.0 116.0 bprlncer
11388.0 26291.0 28.0 44.0 ,
11476.0 26219.0 248.0 100.0 who
11764.0 26207.0 512.0 124.0 objected
12371.0 26215.0 120.0 92.0 to
12560.0 26211.0 184.0 100.0 the
12788.0 26236.0 208.0 80.0 con-

10264.0 26319.0 608.0 104.0 sideration
10919.0 26327.0 128.0 96.0 of
11148.0 26327.0 192.0 104.0 the
11412.0 26351.0 500.0 88.0 measure
11952.0 26323.0 228.0 104.0 and
12280.0 26327.0 252.0 100.0 who
12616.0 26336.0 432.0 112.0 sternly

10268.0 26444.0 444.0 100.0 refused
10804.0 26455.0 116.0 88.0 to
10968.0 26440.0 584.0 112.0 withdraw
11636.0 26447.0 180.0 100.0 bis
11880.0 26440.0 668.0 120.0 objections.
12688.0 26444.0 356.0 104.0 When

10268.0 26555.0 204.0 104.0 Mr.
10532.0 26555.0 300.0 104.0 Keed
10919.0 26559.0 424.0 112.0 offered
11391.0 26567.0 192.0 100.0 the
11652.0 26555.0 620.0 116.0 resolution
12320.0 26583.0 144.0 76.0 on
12516.0 26563.0 188.0 100.0 the
12800.0 26567.0 252.0 100.0 part

10264.0 26671.0 124.0 100.0 of
10464.0 26671.0 188.0 100.0 the
10740.0 26675.0 344.0 100.0 house
11176.0 26679.0 564.0 116.0 thanking
11804.0 26675.0 188.0 100.0 the
12076.0 26675.0 476.0 120.0 speaker
12628.0 26675.0 180.0 124.0 for
12872.0 26659.0 180.0 120.0 his

10264.0 26783.0 632.0 128.0 uniformly
11096.0 26787.0 560.0 128.0 Impartial
11840.0 26787.0 920.0 108.0 administration
12932.0 26795.0 120.0 100.0 of

10268.0 26912.0 192.0 96.0 the
10644.0 26904.0 580.0 104.0 functions
11384.0 26919.0 124.0 100.0 of
11688.0 26908.0 188.0 104.0 the
12060.0 26908.0 588.0 120.0 presiding
12808.0 26908.0 244.0 100.0 ofll-

10260.0 27043.0 216.0 76.0 eer.
10648.0 27023.0 224.0 104.0 and
11096.0 27023.0 196.0 104.0 the
11504.0 27023.0 476.0 128.0 speaker
12184.0 27019.0 220.0 104.0 nad
12632.0 27019.0 420.0 116.0 replied

10272.0 27135.0 116.0 104.0 In
10440.0 27135.0 432.0 124.0 feeling
10912.0 27139.0 344.0 100.0 terms
11260.0 27211.0 32.0 48.0 ,
11336.0 27151.0 228.0 100.0 and
11616.0 27143.0 324.0 100.0 when
11992.0 27131.0 148.0 108.0 all
12192.0 27164.0 232.0 72.0 was
12468.0 27139.0 312.0 120.0 quiet
12824.0 27139.0 228.0 100.0 and

10264.0 27255.0 636.0 120.0 everbody
10988.0 27255.0 232.0 104.0 elite
11268.0 27283.0 228.0 80.0 was
11584.0 27259.0 112.0 104.0 In
11772.0 27255.0 176.0 104.0 his
11992.0 27263.0 240.0 92.0 scat
12232.0 27328.0 28.0 40.0 ,
12316.0 27255.0 208.0 104.0 Mr.
12584.0 27251.0 468.0 108.0 Weaver

10272.0 27376.0 316.0 96.0 stood
10676.0 27372.0 328.0 104.0 alone
11052.0 27376.0 116.0 96.0 In
11220.0 27372.0 188.0 108.0 the
11468.0 27367.0 652.0 112.0 semi-circle
12168.0 27372.0 116.0 104.0 in
12340.0 27372.0 312.0 100.0 front
12696.0 27376.0 124.0 96.0 of
12864.0 27372.0 188.0 104.0 thu

10268.0 27484.0 320.0 104.0 chair
10620.0 27487.0 268.0 100.0 with
10936.0 27487.0 176.0 100.0 his
11160.0 27491.0 428.0 104.0 Omaha
11632.0 27487.0 188.0 104.0 bill
11884.0 27484.0 228.0 104.0 and
12160.0 27487.0 892.0 124.0 accompanying

10264.0 27611.0 376.0 108.0 report
10804.0 27599.0 344.0 124.0 ready
11268.0 27619.0 116.0 92.0 to
11504.0 27603.0 204.0 112.0 ask
11868.0 27603.0 736.0 104.0 recognition.
12772.0 27599.0 280.0 108.0 This

10272.0 27711.0 92.0 104.0 is
10532.0 27719.0 200.0 100.0 but
10904.0 27744.0 224.0 80.0 one
11280.0 27731.0 128.0 96.0 of
11587.0 27723.0 188.0 104.0 the
11936.0 27744.0 268.0 96.0 very
12384.0 27744.0 344.0 96.0 many
12896.0 27727.0 116.0 100.0 In-

10264.0 27844.0 384.0 92.0 stance
10656.0 27867.0 60.0 64.0 *
10872.0 27840.0 124.0 100.0 of
11216.0 27835.0 260.0 108.0 how
11679.0 27840.0 336.0 104.0 hours
12216.0 27855.0 288.0 84.0 were
12728.0 27844.0 324.0 116.0 spent

10268.0 27948.0 120.0 108.0 la
10632.0 27948.0 416.0 148.0 ujous
11164.0 27959.0 324.0 112.0 effort
11612.0 27959.0 112.0 108.0 to
11844.0 27963.0 148.0 96.0 do
12160.0 27952.0 304.0 116.0 what
12620.0 27952.0 96.0 112.0 U
12836.0 27952.0 216.0 108.0 had

13096.0 2608.0 276.0 108.0 been
13424.0 2612.0 464.0 108.0 decreed
13936.0 2612.0 272.0 108.0 das
14260.0 2640.0 208.0 84.0 ago
14516.0 2612.0 396.0 108.0 should
14963.0 2620.0 196.0 96.0 not
15212.0 2608.0 128.0 108.0 be
15372.0 2608.0 328.0 104.0 done.
15764.0 2608.0 128.0 104.0 In

13100.0 2732.0 184.0 100.0 the
13332.0 2740.0 392.0 100.0 senate
13776.0 2736.0 308.0 100.0 there
14140.0 2756.0 224.0 80.0 was
14444.0 2736.0 348.0 100.0 better
14880.0 2732.0 368.0 100.0 order.
15400.0 2728.0 128.0 100.0 In
15628.0 2732.0 220.0 100.0 fact
15863.0 2800.0 24.0 44.0 ,

13096.0 2864.0 220.0 80.0 one
13364.0 2848.0 324.0 100.0 could
13796.0 2856.0 196.0 96.0 not
14099.0 2844.0 284.0 108.0 have
14491.0 2848.0 276.0 100.0 been
14871.0 2848.0 600.0 120.0 impressed
15592.0 2840.0 140.0 124.0 by
15836.0 2872.0 64.0 72.0 a

13096.0 2960.0 376.0 104.0 casual
13520.0 2964.0 396.0 120.0 glance
13968.0 2960.0 308.0 108.0 thery
14324.0 2964.0 240.0 100.0 that
14612.0 2992.0 64.0 72.0 a
14724.0 2964.0 432.0 100.0 session
15212.0 2984.0 228.0 80.0 was
15548.0 2960.0 308.0 100.0 drawIng
15863.0 3008.0 36.0 28.0 -

13108.0 3076.0 196.0 116.0 Ing
13356.0 3084.0 112.0 92.0 to
13511.0 3108.0 64.0 68.0 a
13624.0 3080.0 296.0 100.0 close
13924.0 3148.0 24.0 40.0 ,
14007.0 3076.0 332.0 104.0 while
14392.0 3080.0 108.0 100.0 In
14564.0 3080.0 184.0 100.0 the
14796.0 3080.0 344.0 100.0 11011-0
15251.0 3080.0 304.0 100.0 there
15672.0 3100.0 224.0 76.0 W.H

13100.0 3212.0 144.0 80.0 an
13300.0 3212.0 404.0 104.0 uproar
13748.0 3216.0 144.0 80.0 on
13948.0 3192.0 184.0 104.0 the
14176.0 3196.0 272.0 100.0 floor
14491.0 3192.0 364.0 104.0 which
14904.0 3192.0 464.0 104.0 rivalled
15447.0 3188.0 200.0 108.0 bed
15672.0 3192.0 104.0 100.0 In
15800.0 3220.0 92.0 72.0 in

13104.0 3308.0 224.0 100.0 and
13380.0 3336.0 60.0 72.0 a
13488.0 3312.0 364.0 100.0 cioud
13912.0 3304.0 108.0 108.0 In
14120.0 3312.0 184.0 100.0 tlio
14392.0 3308.0 508.0 120.0 galleries
14968.0 3312.0 224.0 100.0 and
15296.0 3308.0 560.0 104.0 corridor"
15868.0 3380.0 28.0 48.0 ,

13112.0 3424.0 464.0 116.0 making
13620.0 3424.0 80.0 104.0 It
13748.0 3424.0 400.0 104.0 almost
14200.0 3424.0 644.0 116.0 impossible
14895.0 3428.0 172.0 100.0 for
15112.0 3452.0 216.0 76.0 one
15379.0 3436.0 112.0 92.0 to
15584.0 3448.0 316.0 80.0 move

13104.0 3540.0 340.0 100.0 about
13492.0 3564.0 120.0 76.0 or
13664.0 3536.0 488.0 112.0 breathe.
14280.0 3540.0 360.0 104.0 There
14687.0 3568.0 228.0 76.0 was
14968.0 3544.0 184.0 100.0 the
15260.0 3568.0 304.0 80.0 same
15652.0 3540.0 248.0 104.0 cold

13104.0 3652.0 232.0 104.0 and
13384.0 3656.0 508.0 104.0 seemlne
13940.0 3656.0 652.0 104.0 indilTeieiit
14680.0 3664.0 712.0 120.0 atmosphere
15504.0 3660.0 112.0 100.0 in
15716.0 3660.0 188.0 100.0 tlm

13108.0 3780.0 388.0 92.0 senate
13544.0 3772.0 368.0 104.0 which
13960.0 3780.0 108.0 100.0 at
14120.0 3776.0 148.0 100.0 all
14320.0 3772.0 324.0 104.0 times
14696.0 3776.0 376.0 100.0 marks
15159.0 3776.0 84.0 100.0 it
15336.0 3780.0 288.0 96.0 from
15716.0 3776.0 188.0 100.0 the

13108.0 3892.0 328.0 96.0 order
13480.0 3892.0 120.0 100.0 of
13648.0 3888.0 188.0 104.0 the
13880.0 3888.0 344.0 108.0 hous"
14244.0 3956.0 24.0 36.0 .
14375.0 3888.0 168.0 124.0 15y
14588.0 3900.0 640.0 92.0 to-morrow
15275.0 3888.0 308.0 116.0 night
15643.0 3896.0 260.0 96.0 two-

13108.0 4004.0 360.0 100.0 thirds
13516.0 4004.0 120.0 100.0 of
13684.0 4004.0 184.0 104.0 the
13912.0 4004.0 632.0 120.0 legislators
14600.0 4032.0 72.0 76.0 w
14708.0 4008.0 112.0 100.0 ill
14871.0 4008.0 128.0 100.0 be
15048.0 4012.0 192.0 96.0 out
15288.0 4008.0 120.0 100.0 of
15447.0 4008.0 184.0 100.0 thu
15676.0 4008.0 228.0 112.0 city

13108.0 4120.0 228.0 100.0 and
13384.0 4140.0 144.0 84.0 on
13584.0 4124.0 296.0 100.0 their
13924.0 4144.0 240.0 100.0 way
14220.0 4132.0 324.0 92.0 home
14552.0 4196.0 24.0 40.0 ,
14628.0 4124.0 224.0 100.0 and
14944.0 4124.0 376.0 100.0 before
15408.0 4124.0 184.0 100.0 the
15680.0 4120.0 220.0 104.0 end

13112.0 4240.0 112.0 100.0 ot
13280.0 4248.0 272.0 92.0 next
13600.0 4236.0 308.0 108.0 week
13960.0 4260.0 264.0 100.0 very
14276.0 4240.0 220.0 100.0 few
14544.0 4264.0 76.0 76.0 vv
14660.0 4240.0 108.0 100.0 111
14820.0 4244.0 128.0 100.0 be
15055.0 4240.0 236.0 104.0 left.
15423.0 4244.0 156.0 96.0 At
15628.0 4236.0 272.0 108.0 least

13112.0 4376.0 220.0 80.0 one
13380.0 4376.0 400.0 96.0 person
13832.0 4380.0 80.0 76.0 w
13948.0 4348.0 116.0 112.0 111
14111.0 4356.0 128.0 100.0 bo
14288.0 4352.0 252.0 108.0 clad
14592.0 4356.0 120.0 104.0 of
14828.0 4356.0 180.0 104.0 thu
15060.0 4356.0 536.0 104.0 riddance
15600.0 4428.0 24.0 40.0 ,
15676.0 4356.0 228.0 100.0 and

13116.0 4472.0 240.0 100.0 that
13407.0 4480.0 92.0 96.0 is
13560.0 4472.0 580.0 112.0 Prcnldcnt
14191.0 4472.0 636.0 108.0 Cleveland.
14972.0 4476.0 168.0 104.0 He
15183.0 4500.0 256.0 80.0 sas
15488.0 4476.0 136.0 100.0 ho
15676.0 4472.0 232.0 100.0 will

13119.0 4584.0 100.0 104.0 IK
13220.0 4616.0 28.0 72.0 )
13296.0 4592.0 372.0 120.0 happy
13716.0 4600.0 112.0 92.0 to
13876.0 4592.0 280.0 104.0 have
14200.0 4620.0 64.0 72.0 a
14312.0 4604.0 224.0 92.0 rest
14608.0 4600.0 284.0 96.0 from
15004.0 4600.0 184.0 92.0 the
15296.0 4588.0 612.0 120.0 unceasing

13124.0 4704.0 836.0 124.0 Importunities
14007.0 4708.0 176.0 100.0 for
14224.0 4712.0 312.0 100.0 ollice
14583.0 4708.0 360.0 108.0 which
15000.0 4708.0 136.0 104.0 he
15188.0 4724.0 200.0 84.0 has
15468.0 4704.0 216.0 104.0 had
15796.0 4712.0 116.0 92.0 to

13124.0 4820.0 608.0 104.0 withstand
13787.0 4832.0 168.0 92.0 tor
14004.0 4828.0 484.0 96.0 months.
14612.0 4824.0 368.0 100.0 There
15028.0 4824.0 224.0 104.0 will
15308.0 4832.0 128.0 92.0 bo
15539.0 4848.0 64.0 76.0 a
15708.0 4816.0 200.0 108.0 lull

13119.0 4932.0 112.0 104.0 In
13296.0 4932.0 736.0 120.0 Washington
14087.0 4940.0 280.0 100.0 fora
14420.0 4944.0 216.0 100.0 few
14687.0 4940.0 368.0 104.0 weeks
15064.0 5016.0 24.0 36.0 ,
15144.0 4940.0 264.0 104.0 then
15508.0 4932.0 80.0 108.0 it
15684.0 4964.0 76.0 76.0 w
15836.0 4936.0 72.0 104.0 11

13119.0 5076.0 300.0 96.0 grow
13468.0 5056.0 388.0 120.0 bree/y
13860.0 5124.0 28.0 52.0 ,
13940.0 5060.0 604.0 96.0 statesmen
14640.0 5064.0 224.0 96.0 and
14960.0 5056.0 632.0 124.0 politicians
15684.0 5048.0 224.0 108.0 will

13116.0 5188.0 320.0 80.0 come
13480.0 5192.0 112.0 76.0 in
13656.0 5172.0 172.0 100.0 for
13868.0 5172.0 400.0 104.0 otlleial
14340.0 5168.0 520.0 108.0 business
14956.0 5200.0 128.0 76.0 or
15183.0 5172.0 368.0 104.0 otllccs
15563.0 5244.0 24.0 40.0 ,
15676.0 5172.0 236.0 100.0 talk

13119.0 5280.0 236.0 104.0 will
13404.0 5280.0 324.0 128.0 begin
13787.0 5288.0 332.0 100.0 about
14172.0 5288.0 776.0 108.0 nominations
14992.0 5300.0 272.0 96.0 next
15336.0 5312.0 264.0 96.0 jear
15604.0 5360.0 28.0 44.0 ,
15728.0 5296.0 188.0 92.0 the

13119.0 5396.0 728.0 120.0 presidential
13900.0 5404.0 412.0 104.0 bureau
14368.0 5408.0 220.0 100.0 will
14660.0 5432.0 284.0 96.0 open
15064.0 5408.0 224.0 100.0 and
15348.0 5404.0 564.0 104.0 schemers

13124.0 5512.0 228.0 104.0 will
13404.0 5520.0 332.0 104.0 beitln
13784.0 5528.0 108.0 92.0 to
13944.0 5520.0 440.0 104.0 scheme
14392.0 5596.0 24.0 36.0 ,
14472.0 5552.0 124.0 72.0 so
14644.0 5524.0 240.0 100.0 that
14968.0 5520.0 384.0 104.0 before
15440.0 5528.0 468.0 92.0 autumn

13124.0 5632.0 184.0 100.0 the
13360.0 5632.0 496.0 104.0 national
13908.0 5640.0 404.0 136.0 capital
14368.0 5636.0 92.0 100.0 Is
14508.0 5640.0 532.0 120.0 expected
15096.0 5644.0 824.0 112.0 topieseiittho

13128.0 5756.0 284.0 92.0 most
13460.0 5752.0 360.0 100.0 active
13864.0 5748.0 228.0 108.0 anil
14144.0 5756.0 672.0 116.0 Intetesting
14868.0 5756.0 252.0 104.0 Held
15239.0 5736.0 80.0 120.0 It
15432.0 5752.0 200.0 104.0 his
15744.0 5760.0 164.0 92.0 foi

13124.0 5872.0 224.0 96.0 two
13388.0 5892.0 48.0 96.0 )
13468.0 5892.0 276.0 80.0 ears.

13772.0 6004.0 460.0 88.0 Donsn\
14264.0 5980.0 24.0 52.0 '
14307.0 6008.0 28.0 48.0 <
14336.0 6012.0 24.0 64.0 <
14436.0 6008.0 280.0 80.0 port
14767.0 6012.0 68.0 80.0 i.
14876.0 6008.0 392.0 84.0 VIJITV.

13256.0 6120.0 904.0 128.0 Uepresentatlve
14280.0 6124.0 420.0 128.0 Dorsey
14808.0 6156.0 228.0 76.0 was
15147.0 6152.0 140.0 80.0 on
15408.0 6124.0 180.0 108.0 his
15699.0 6128.0 224.0 100.0 feet

13124.0 6236.0 404.0 108.0 almost
13572.0 6243.0 708.0 120.0 continually
14360.0 6243.0 412.0 116.0 during
14824.0 6252.0 184.0 96.0 the
15060.0 6243.0 208.0 104.0 last
15360.0 6240.0 564.0 104.0 thiitv-sU

13128.0 6356.0 336.0 104.0 hours
13511.0 6364.0 112.0 96.0 ot
13676.0 6384.0 528.0 96.0 congress
14256.0 6360.0 516.0 124.0 working
14852.0 6364.0 168.0 100.0 for
15067.0 6368.0 184.0 92.0 the
15296.0 6360.0 588.0 104.0 considera-

13128.0 6472.0 236.0 104.0 tion
13419.0 6480.0 116.0 96.0 of
13603.0 6476.0 172.0 100.0 his
13884.0 6476.0 192.0 100.0 bill
14179.0 6476.0 848.0 140.0 apptoprlating
15116.0 6476.0 416.0 124.0 SIO.OOO
15596.0 6480.0 176.0 96.0 tor
15868.0 6499.0 60.0 72.0 a

13136.0 6600.0 740.0 92.0 government
13928.0 6592.0 520.0 120.0 building
14496.0 6603.0 112.0 92.0 at
14668.0 6592.0 556.0 104.0 Fremont.
15360.0 6592.0 176.0 100.0 He
15588.0 6588.0 340.0 108.0 failed

13208.0 6704.0 196.0 120.0 nly
13568.0 6711.0 464.0 100.0 because
14200.0 6711.0 84.0 100.0 it
14455.0 6736.0 228.0 76.0 was
14852.0 6704.0 468.0 108.0 decreed
15508.0 6704.0 424.0 108.0 several

13211.0 6848.0 196.0 72.0 i8
13572.0 6852.0 64.0 72.0 a
13716.0 6856.0 68.0 72.0 o
13968.0 6828.0 240.0 104.0 that
14336.0 6848.0 148.0 80.0 no
14672.0 6852.0 556.0 76.0 meisuios
15404.0 6828.0 124.0 96.0 ot
15708.0 6824.0 228.0 100.0 this

13200.0 6948.0 496.0 92.0 haracter
13840.0 6940.0 392.0 104.0 should
14344.0 6967.0 312.0 76.0 come
14740.0 6964.0 152.0 100.0 up
15012.0 6952.0 356.0 92.0 under
15515.0 6967.0 64.0 76.0 a
15704.0 6964.0 228.0 80.0 sus-

13184.0 7064.0 424.0 92.0 leusioii
13716.0 7060.0 124.0 96.0 of
13920.0 7060.0 188.0 100.0 thu
14212.0 7060.0 292.0 100.0 rule'
14524.0 7120.0 32.0 48.0 ,
14692.0 7060.0 204.0 104.0 Mr.
14992.0 7060.0 424.0 120.0 Dor-ey
15464.0 7056.0 200.0 104.0 left
15708.0 7052.0 232.0 108.0 this

13200.0 7172.0 424.0 108.0 veiling
13672.0 7175.0 176.0 96.0 for
13896.0 7172.0 284.0 104.0 Xovv
14236.0 7175.0 324.0 104.0 Vork.
14608.0 7179.0 456.0 104.0 whence
15112.0 7184.0 136.0 96.0 he
15292.0 7200.0 264.0 100.0 goes
15604.0 7179.0 112.0 92.0 to
15759.0 7172.0 180.0 100.0 his

13184.0 7312.0 272.0 76.0 mine
13535.0 7292.0 116.0 96.0 In
13768.0 7292.0 608.0 104.0 Nebraska.
14516.0 7292.0 436.0 104.0 During
15060.0 7296.0 172.0 100.0 his
15340.0 7292.0 424.0 104.0 service
15815.0 7292.0 112.0 96.0 In

13176.0 7432.0 12.0 68.0 :
13196.0 7424.0 464.0 80.0 ouiresn
13700.0 7428.0 148.0 80.0 no
13896.0 7432.0 252.0 76.0 man
14208.0 7412.0 204.0 100.0 has
14464.0 7412.0 316.0 100.0 made
14832.0 7435.0 296.0 76.0 more
15180.0 7412.0 100.0 96.0 fr
15328.0 7408.0 284.0 100.0 ends
15711.0 7408.0 224.0 100.0 and

13216.0 7543.0 120.0 76.0 as
13392.0 7524.0 272.0 96.0 been
13719.0 7543.0 304.0 84.0 more
14068.0 7524.0 508.0 100.0 elTeetive
14632.0 7528.0 108.0 100.0 iu
14796.0 7524.0 176.0 104.0 his
15020.0 7524.0 312.0 100.0 work
15379.0 7528.0 272.0 100.0 than
15723.0 7524.0 204.0 100.0 Mr.

13196.0 7636.0 36.0 92.0 )
13244.0 7660.0 116.0 72.0 or
13428.0 7660.0 164.0 96.0 ey.
13736.0 7636.0 168.0 104.0 He
13952.0 7640.0 200.0 104.0 has
14200.0 7640.0 432.0 104.0 formed
14680.0 7672.0 60.0 68.0 a
14772.0 7640.0 644.0 124.0 prominent
15464.0 7640.0 476.0 104.0 alliance

13188.0 7772.0 64.0 76.0 n
13312.0 7747.0 188.0 104.0 tlio
13544.0 7760.0 344.0 96.0 house
13896.0 7828.0 24.0 44.0 ,
13976.0 7756.0 176.0 100.0 his
14200.0 7772.0 288.0 84.0 most
14592.0 7760.0 392.0 100.0 ardent
15064.0 7760.0 124.0 96.0 of
15236.0 7756.0 432.0 100.0 friends
15711.0 7756.0 224.0 100.0 and

13200.0 7868.0 600.0 104.0 o-workers
13852.0 7872.0 332.0 112.0 being
14232.0 7872.0 268.0 100.0 such
14556.0 7896.0 248.0 80.0 men
14859.0 7900.0 120.0 72.0 as
15020.0 7872.0 380.0 112.0 Judge
15447.0 7868.0 328.0 140.0 Kelly
15824.0 7876.0 120.0 92.0 of

13196.0 7984.0 824.0 124.0 Vnnsylvanla.
14144.0 7988.0 296.0 100.0 Keed
14528.0 7992.0 124.0 92.0 of
14755.0 7988.0 380.0 100.0 Maine
15144.0 8063.0 24.0 36.0 ,
15292.0 7988.0 480.0 100.0 lllscock
15824.0 7992.0 120.0 96.0 of

13168.0 8096.0 256.0 104.0 Vew
13484.0 8100.0 300.0 100.0 Yoik
13832.0 8096.0 228.0 108.0 and
14111.0 8100.0 596.0 124.0 McKinley
14748.0 8108.0 124.0 96.0 of
14920.0 8104.0 320.0 104.0 Ohio.
15348.0 8100.0 208.0 104.0 Ills
15604.0 8100.0 340.0 104.0 social

13168.0 8212.0 512.0 104.0 relations
13728.0 8215.0 284.0 108.0 have
14060.0 8219.0 236.0 100.0 also
14344.0 8219.0 276.0 100.0 been
14680.0 8219.0 264.0 104.0 with
14996.0 8224.0 184.0 96.0 the
15220.0 8228.0 288.0 92.0 most
15556.0 8224.0 392.0 116.0 potent

13168.0 8375.0 20.0 48.0 >
13184.0 8332.0 452.0 100.0 voikers
13744.0 8332.0 112.0 104.0 In
13912.0 8336.0 260.0 100.0 both
14283.0 8332.0 540.0 104.0 branches
14912.0 8340.0 120.0 96.0 of
15100.0 8360.0 528.0 96.0 congress
15636.0 8408.0 28.0 48.0 ,
15720.0 8336.0 220.0 100.0 and

13180.0 8444.0 136.0 104.0 ils
13360.0 8452.0 760.0 100.0 constituents
14228.0 8475.0 256.0 88.0 may
14528.0 8456.0 396.0 120.0 expect
15028.0 8475.0 276.0 80.0 even
15364.0 8479.0 300.0 76.0 moie
15711.0 8475.0 236.0 96.0 pio-

13184.0 8564.0 404.0 100.0 lucllve
13636.0 8568.0 404.0 100.0 results
14087.0 8564.0 112.0 104.0 in
14256.0 8568.0 184.0 100.0 the
14488.0 8579.0 268.0 92.0 next
14804.0 8572.0 272.0 100.0 than
15147.0 8572.0 264.0 116.0 they
15464.0 8572.0 280.0 100.0 have
15792.0 8596.0 160.0 72.0 le-

13184.0 8708.0 12.0 72.0 :
13204.0 8680.0 320.0 100.0 elved
13580.0 8680.0 108.0 100.0 In
13748.0 8680.0 220.0 104.0 this
14016.0 8708.0 520.0 88.0 congress
14571.0 8696.0 112.0 92.0 at
14728.0 8687.0 176.0 100.0 his
14956.0 8687.0 392.0 104.0 hands.
15456.0 8687.0 176.0 100.0 Xo
15684.0 8708.0 256.0 80.0 man

13208.0 8791.0 336.0 104.0 lauds
13588.0 8796.0 396.0 112.0 higher
14087.0 8808.0 116.0 92.0 at
14256.0 8808.0 184.0 92.0 thu
14552.0 8804.0 508.0 100.0 national
15156.0 8800.0 412.0 128.0 capltol
15664.0 8804.0 268.0 96.0 than

13168.0 8912.0 184.0 100.0 Mr.
13419.0 8912.0 452.0 124.0 Dors.'y.
14004.0 8920.0 168.0 96.0 As
14260.0 8916.0 324.0 104.0 much
14704.0 8943.0 248.0 88.0 may
15000.0 8920.0 236.0 100.0 also
15331.0 8932.0 132.0 88.0 be
15512.0 8920.0 240.0 100.0 said
15824.0 8928.0 112.0 88.0 ot

13176.0 9028.0 340.0 104.0 ludu'e
13612.0 9028.0 464.0 108.0 Weaver
14080.0 9103.0 28.0 44.0 ,
14160.0 9036.0 120.0 96.0 of
14328.0 9036.0 184.0 100.0 the
14588.0 9036.0 432.0 100.0 Omaha
15112.0 9036.0 480.0 100.0 district.
15732.0 9032.0 172.0 104.0 He
15912.0 9103.0 24.0 44.0 ,

13196.0 9172.0 132.0 72.0 oo
13339.0 9220.0 20.0 48.0 ,
13419.0 9148.0 196.0 96.0 has
13660.0 9144.0 388.0 108.0 rallied
14099.0 9155.0 112.0 92.0 to
14260.0 9148.0 172.0 100.0 his
14484.0 9151.0 256.0 120.0 help
14788.0 9151.0 184.0 100.0 the
15020.0 9176.0 264.0 96.0 very
15340.0 9151.0 236.0 100.0 best
15652.0 9151.0 292.0 100.0 class

13152.0 9259.0 124.0 96.0 of
13380.0 9268.0 608.0 96.0 statesmen
14104.0 9264.0 224.0 104.0 and
14440.0 9264.0 144.0 100.0 all
14699.0 9276.0 356.0 108.0 regret
15108.0 9264.0 168.0 104.0 his
15343.0 9268.0 600.0 108.0 departure

13152.0 9380.0 284.0 100.0 from
13488.0 9380.0 372.0 116.0 public
13908.0 9380.0 232.0 104.0 life.
14276.0 9380.0 176.0 100.0 Ho
14503.0 9384.0 196.0 96.0 has
14776.0 9388.0 392.0 96.0 shown
15284.0 9384.0 464.0 100.0 himself
15836.0 9384.0 112.0 96.0 to

13152.0 9492.0 128.0 100.0 be
13376.0 9519.0 68.0 72.0 a
13556.0 9492.0 464.0 104.0 faithful
14092.0 9504.0 488.0 96.0 member
14672.0 9496.0 112.0 100.0 In
14840.0 9500.0 640.0 100.0 committee
15524.0 9496.0 220.0 104.0 and
15796.0 9524.0 144.0 72.0 on

13200.0 9608.0 136.0 100.0 ho
13407.0 9608.0 272.0 104.0 Moor
13719.0 9619.0 116.0 92.0 ot
13888.0 9612.0 184.0 104.0 the
14120.0 9616.0 344.0 100.0 house
14568.0 9616.0 224.0 100.0 and
14844.0 9640.0 148.0 76.0 no
15043.0 9640.0 220.0 80.0 one
15316.0 9616.0 308.0 104.0 bears
15711.0 9612.0 232.0 104.0 him

13200.0 9723.0 76.0 100.0 11
13324.0 9727.0 260.0 100.0 will.

13556.0 9864.0 576.0 84.0 TIIOTTEH
14179.0 9864.0 432.0 88.0 V1AKHS
14660.0 9868.0 352.0 84.0 THF.M
15067.0 9872.0 420.0 80.0 TIRin.
15340.0 9872.0 24.0 76.0 :

13272.0 9983.0 328.0 120.0 Quite
13644.0 10012.0 120.0 76.0 as
13811.0 9987.0 320.0 100.0 much
14191.0 9983.0 712.0 116.0 indignation
14956.0 10020.0 124.0 72.0 as
15128.0 9992.0 500.0 128.0 surprise
15711.0 10016.0 232.0 80.0 was

13220.0 10108.0 524.0 116.0 xpressed
13799.0 10104.0 140.0 120.0 by
13988.0 10104.0 716.0 104.0 residentsot
14796.0 10108.0 228.0 100.0 this
15088.0 10108.0 232.0 120.0 city
15408.0 10112.0 324.0 100.0 when
15860.0 10112.0 84.0 100.0 it

13156.0 10220.0 444.0 100.0 became
13648.0 10220.0 420.0 100.0 known
14124.0 10220.0 220.0 100.0 tills
14392.0 10220.0 532.0 124.0 morning
14972.0 10224.0 240.0 104.0 that
15251.0 10224.0 184.0 104.0 the
15539.0 10232.0 396.0 96.0 senate

13156.0 10332.0 212.0 100.0 'lad
13419.0 10328.0 608.0 108.0 continued
14111.0 10336.0 448.0 104.0 Tiotter
14564.0 10412.0 24.0 36.0 ,
14684.0 10340.0 184.0 100.0 the
14975.0 10343.0 412.0 100.0 second
15492.0 10340.0 448.0 104.0 colored

13204.0 10476.0 212.0 72.0 nan
13476.0 10447.0 648.0 104.0 nominated
14172.0 10480.0 124.0 72.0 as
14348.0 10455.0 504.0 104.0 iccorder
14892.0 10460.0 124.0 96.0 of
15060.0 10455.0 336.0 104.0 deeds
15508.0 10468.0 164.0 92.0 toi
15752.0 10460.0 188.0 100.0 the

13188.0 10564.0 436.0 104.0 District
13688.0 10576.0 120.0 92.0 ot
13976.0 10564.0 604.0 108.0 Columbia.
14716.0 10572.0 104.0 100.0 It
14972.0 10596.0 224.0 80.0 was
15304.0 10572.0 336.0 104.0 taken
15768.0 10580.0 172.0 96.0 for

13156.0 10684.0 468.0 108.0 granted
13680.0 10684.0 140.0 104.0 bv
13864.0 10684.0 404.0 100.0 almost
14316.0 10684.0 552.0 124.0 everybod
14883.0 10711.0 44.0 96.0 )
15000.0 10692.0 244.0 96.0 that
15292.0 10692.0 188.0 96.0 tlm
15588.0 10692.0 308.0 96.0 nomi-

13160.0 10796.0 388.0 104.0 nation
13608.0 10800.0 360.0 100.0 would
14024.0 10800.0 128.0 100.0 he
14200.0 10800.0 480.0 124.0 icjected
14728.0 10828.0 144.0 76.0 on
14928.0 10804.0 184.0 100.0 tlio
15159.0 10804.0 496.0 112.0 grounds
15699.0 10811.0 240.0 96.0 that

13156.0 10912.0 440.0 104.0 Trotter
13636.0 10940.0 224.0 80.0 was
13912.0 10928.0 192.0 88.0 not
14152.0 10944.0 64.0 72.0 a
14307.0 10919.0 492.0 100.0 icsldent
14908.0 10919.0 124.0 96.0 of
15135.0 10919.0 184.0 100.0 the
15440.0 10919.0 484.0 104.0 District.

13160.0 11027.0 224.0 100.0 Hut
13468.0 11036.0 188.0 92.0 the
13724.0 11032.0 704.0 104.0 republicans
14500.0 11040.0 220.0 96.0 and
14776.0 11036.0 420.0 100.0 several
15312.0 11036.0 620.0 104.0 democrats

13160.0 11144.0 608.0 104.0 concluded
13823.0 11156.0 112.0 92.0 to
13988.0 11156.0 248.0 92.0 vote
14288.0 11152.0 176.0 100.0 for
14508.0 11152.0 188.0 100.0 the
14755.0 11156.0 772.0 96.0 conlirmation
15548.0 11224.0 24.0 44.0 ,
15667.0 11160.0 280.0 96.0 leir-

13188.0 11287.0 176.0 88.0 ing
13412.0 11264.0 236.0 100.0 that
13700.0 11264.0 184.0 100.0 the
13928.0 11264.0 436.0 108.0 ground
14472.0 11276.0 116.0 92.0 of
14696.0 11264.0 560.0 124.0 objection
15364.0 11268.0 368.0 104.0 would
15803.0 11272.0 128.0 96.0 bo

13204.0 11376.0 852.0 120.0 nMntcrprclod
14108.0 11408.0 124.0 72.0 or
14283.0 11380.0 812.0 104.0 mlscnnstiued
15144.0 11383.0 228.0 104.0 and
15420.0 11396.0 188.0 92.0 thu
15660.0 11412.0 212.0 96.0 people

13180.0 11500.0 156.0 112.0 ple
13384.0 11495.0 120.0 96.0 of
13556.0 11495.0 188.0 100.0 the
13787.0 11500.0 468.0 112.0 country
14312.0 11500.0 368.0 100.0 would
14732.0 11508.0 180.0 92.0 lav
15004.0 11500.0 80.0 100.0 it
15192.0 11512.0 116.0 88.0 to
15416.0 11504.0 184.0 100.0 the
15711.0 11504.0 224.0 100.0 fact

13180.0 11612.0 220.0 100.0 that
13444.0 11612.0 140.0 100.0 he
13636.0 11612.0 92.0 100.0 is
13772.0 11640.0 60.0 72.0 a
13880.0 11612.0 448.0 104.0 colored
14384.0 11640.0 292.0 76.0 man.
14804.0 11612.0 360.0 104.0 Theie
15220.0 11620.0 92.0 96.0 Is
15355.0 11620.0 188.0 100.0 the
15592.0 11628.0 308.0 108.0 great-

13156.0 11736.0 168.0 92.0 est
13416.0 11724.0 712.0 108.0 Indignation
14228.0 11728.0 592.0 124.0 expressed
14900.0 11732.0 484.0 112.0 to-night
15471.0 11736.0 224.0 100.0 and
15792.0 11759.0 148.0 76.0 no

13156.0 11868.0 220.0 76.0 ono
13652.0 11868.0 208.0 76.0 tan
14144.0 11844.0 132.0 100.0 bo
14520.0 11844.0 344.0 104.0 found
14880.0 11920.0 24.0 44.0 ,
15152.0 11848.0 384.0 104.0 unless
15808.0 11855.0 140.0 96.0 he

13172.0 11959.0 92.0 96.0 's
13572.0 11988.0 64.0 72.0 a
13932.0 11984.0 648.0 100.0 mugwump
14588.0 12036.0 24.0 44.0 ,
14895.0 11963.0 252.0 100.0 who
15412.0 11967.0 540.0 104.0 endows

13232.0 12076.0 280.0 100.0 ither
13556.0 12080.0 188.0 96.0 the
13787.0 12076.0 712.0 104.0 nomination
14552.0 12104.0 128.0 76.0 or
14720.0 12080.0 828.0 104.0 confirmation.
15667.0 12084.0 280.0 100.0 This

13156.0 12192.0 588.0 104.0 evenimt's
13787.0 12200.0 252.0 96.0 fctar
14044.0 12267.0 24.0 36.0 ,
14124.0 12192.0 356.0 100.0 winch
14496.0 12267.0 24.0 44.0 ,
14571.0 12192.0 168.0 104.0 till
14791.0 12196.0 132.0 100.0 Ti
14951.0 12204.0 288.0 92.0 otter
15288.0 12223.0 228.0 76.0 was
15604.0 12204.0 304.0 100.0 nomi-

13164.0 12312.0 328.0 96.0 nated
13511.0 12379.0 20.0 44.0 ,
13592.0 12312.0 472.0 104.0 heartily
14108.0 12312.0 548.0 100.0 endorsed
14748.0 12312.0 184.0 100.0 tlio
14996.0 12312.0 904.0 104.0 administration
15919.0 12392.0 24.0 48.0 ,

13160.0 12423.0 408.0 116.0 speaks
13615.0 12427.0 188.0 96.0 the
13891.0 12423.0 564.0 104.0 universal
14524.0 12427.0 608.0 108.0 sentiment
15220.0 12456.0 124.0 72.0 as
15452.0 12435.0 440.0 96.0 follows
15919.0 12460.0 28.0 76.0 ;

13168.0 12544.0 64.0 44.0 "
13272.0 12539.0 208.0 100.0 The
13564.0 12539.0 772.0 104.0 continuation
14392.0 12539.0 124.0 100.0 of
14571.0 12539.0 452.0 104.0 Trotter
15067.0 12544.0 200.0 100.0 has
15312.0 12576.0 64.0 68.0 a
15423.0 12548.0 524.0 116.0 practical

13160.0 12656.0 460.0 120.0 bearing
13664.0 12683.0 140.0 72.0 on
13860.0 12656.0 584.0 120.0 principle.
14528.0 12656.0 652.0 104.0 Piactlcallv
15236.0 12660.0 720.0 112.0 thedespotlc

13160.0 12795.0 372.0 96.0 power
13576.0 12780.0 228.0 96.0 and
13848.0 12772.0 456.0 100.0 avowed
14380.0 12772.0 460.0 108.0 Interest
14888.0 12776.0 112.0 100.0 In
15092.0 12776.0 228.0 100.0 this
15367.0 12784.0 400.0 96.0 matter
15832.0 12787.0 120.0 92.0 ot

13216.0 12888.0 132.0 96.0 hu
13396.0 12888.0 568.0 108.0 president
14019.0 12891.0 36.0 104.0 (
14075.0 12891.0 248.0 96.0 who
14372.0 12891.0 88.0 96.0 is
14544.0 12891.0 280.0 108.0 king
14876.0 12891.0 112.0 100.0 In
15084.0 12895.0 188.0 96.0 the
15324.0 12891.0 460.0 104.0 District
15856.0 12895.0 92.0 100.0 if

13160.0 13003.0 268.0 120.0 only
13511.0 13003.0 572.0 120.0 president
14172.0 13003.0 648.0 100.0 elsewhere-
14836.0 13080.0 24.0 36.0 ,
14908.0 13007.0 468.0 124.0 coupled
15432.0 13012.0 268.0 100.0 with
15768.0 13016.0 184.0 100.0 the

13160.0 13120.0 336.0 116.0 slurp
13584.0 13120.0 288.0 104.0 trick
13956.0 13124.0 124.0 96.0 of
14228.0 13124.0 668.0 116.0 appointing
15000.0 13124.0 448.0 104.0 Trotter
15532.0 13132.0 420.0 120.0 deputy

13160.0 13236.0 508.0 100.0 recorder
13672.0 13307.0 24.0 40.0 ,
13787.0 13236.0 212.0 104.0 had
14087.0 13236.0 452.0 116.0 already
14624.0 13240.0 476.0 104.0 doomnd
15208.0 13244.0 188.0 100.0 the
15468.0 13244.0 468.0 104.0 District

13168.0 13352.0 472.0 100.0 without
13684.0 13356.0 284.0 100.0 hone
14012.0 13356.0 112.0 96.0 ot
14191.0 13376.0 392.0 96.0 escipe
14672.0 13359.0 112.0 92.0 to
14871.0 13356.0 280.0 100.0 have
15232.0 13359.0 228.0 100.0 this
15520.0 13371.0 436.0 104.0 carput-

13164.0 13467.0 404.0 120.0 'lairger
13612.0 13467.0 392.0 104.0 loaded
14056.0 13492.0 292.0 92.0 upon
14408.0 13471.0 140.0 96.0 Its
14595.0 13471.0 584.0 100.0 shoulders
15256.0 13475.0 232.0 104.0 and
15560.0 13500.0 108.0 76.0 to
15735.0 13504.0 216.0 96.0 pay

13204.0 13584.0 188.0 100.0 ilm
13544.0 13584.0 112.0 100.0 In
13776.0 13584.0 228.0 104.0 fees
14012.0 13656.0 24.0 40.0 ,
14172.0 13584.0 492.0 104.0 unaided
14871.0 13592.0 144.0 116.0 by
15159.0 13588.0 188.0 104.0 the
15488.0 13619.0 472.0 84.0 govern-

13204.0 13700.0 300.0 100.0 ueut.
13636.0 13700.0 116.0 100.0 at
13868.0 13700.0 192.0 100.0 the
14220.0 13719.0 236.0 84.0 rate
14556.0 13704.0 124.0 100.0 of
14828.0 13704.0 352.0 120.0 51,000
15284.0 13731.0 192.0 92.0 per
15560.0 13712.0 392.0 96.0 month

13188.0 13839.0 156.0 76.0 ior
13484.0 13812.0 172.0 100.0 his
13836.0 13812.0 432.0 120.0 tiilllng
14448.0 13816.0 480.0 104.0 services
15092.0 13848.0 124.0 72.0 as
15379.0 13823.0 188.0 96.0 the
15735.0 13823.0 220.0 100.0 'old

13204.0 13952.0 220.0 76.0 iian
13552.0 13927.0 124.0 100.0 of
13796.0 13931.0 188.0 96.0 the
14104.0 13952.0 220.0 76.0 sea.
14340.0 13924.0 32.0 56.0 '
14564.0 13931.0 660.0 120.0 Practically
15227.0 14004.0 28.0 40.0 ,
15364.0 13935.0 560.0 100.0 therefore
15924.0 14008.0 28.0 48.0 ,

13176.0 14047.0 188.0 96.0 the
13540.0 14064.0 392.0 96.0 wrong
14068.0 14056.0 296.0 88.0 done
14488.0 14043.0 144.0 120.0 by
14748.0 14047.0 192.0 100.0 tlio
15064.0 14047.0 576.0 116.0 piesidcnt
15764.0 14052.0 200.0 100.0 has

13168.0 14164.0 196.0 96.0 not
13407.0 14156.0 276.0 104.0 been
13736.0 14160.0 668.0 104.0 asrgiavated
14452.0 14160.0 136.0 120.0 by
14675.0 14160.0 192.0 100.0 the
14936.0 14164.0 792.0 100.0 confirmation
15836.0 14172.0 124.0 92.0 ot

13168.0 14272.0 472.0 100.0 Trotter.
13772.0 14264.0 240.0 112.0 The
14056.0 14276.0 636.0 100.0 revolution
14743.0 14280.0 124.0 96.0 of
14916.0 14284.0 188.0 96.0 the
15192.0 14284.0 772.0 120.0 lecordership

13168.0 14380.0 512.0 128.0 pop-dish
13736.0 14388.0 204.0 100.0 has
14028.0 14388.0 276.0 100.0 been
14399.0 14395.0 468.0 112.0 stopped
14980.0 14392.0 224.0 100.0 and
15312.0 14420.0 68.0 72.0 a
15480.0 14399.0 484.0 112.0 possible

13168.0 14511.0 436.0 108.0 giound
13652.0 14499.0 124.0 96.0 of
13820.0 14496.0 564.0 128.0 objection
14432.0 14507.0 108.0 92.0 to
14592.0 14507.0 188.0 96.0 the
14828.0 14507.0 464.0 116.0 legality
15336.0 14507.0 128.0 96.0 of
15508.0 14511.0 184.0 96.0 the
15740.0 14536.0 172.0 76.0 rec-

13168.0 14615.0 196.0 100.0 ord
13431.0 14615.0 124.0 100.0 of
13600.0 14615.0 692.0 124.0 subsequent
14352.0 14615.0 460.0 104.0 District
14844.0 14644.0 780.0 96.0 conveyances
15667.0 14648.0 92.0 76.0 is
15808.0 14652.0 112.0 76.0 re-

13176.0 14728.0 392.0 104.0 moved
13760.0 14732.0 128.0 100.0 In
13944.0 14732.0 552.0 140.0 principle
14500.0 14808.0 28.0 44.0 ,
14583.0 14736.0 516.0 104.0 however
15104.0 14811.0 28.0 48.0 ,
15188.0 14740.0 584.0 100.0 theactlon
15832.0 14744.0 120.0 96.0 of

13172.0 14848.0 188.0 100.0 the
13400.0 14852.0 392.0 96.0 senate
13828.0 14860.0 424.0 92.0 cannot
14320.0 14840.0 128.0 108.0 be
14496.0 14852.0 624.0 100.0 sustained.
15256.0 14852.0 132.0 104.0 In
15444.0 14856.0 188.0 100.0 the
15708.0 14884.0 204.0 76.0 con-

13172.0 14967.0 216.0 92.0 test
13440.0 14964.0 264.0 100.0 with
13756.0 14971.0 188.0 92.0 thn
13988.0 14964.0 576.0 124.0 president
14600.0 14967.0 80.0 100.0 It
14716.0 14975.0 196.0 92.0 tins
14948.0 14992.0 296.0 96.0 gone
15288.0 14975.0 112.0 96.0 to
15444.0 14975.0 184.0 96.0 the
15672.0 14975.0 280.0 104.0 wall.

13180.0 15079.0 96.0 96.0 It
13332.0 15079.0 200.0 100.0 has
13572.0 15079.0 672.0 100.0 abandoned
14292.0 15083.0 720.0 108.0 consistency
15016.0 15156.0 28.0 36.0 ,
15096.0 15096.0 236.0 88.0 cast
15379.0 15071.0 568.0 128.0 suspicion

13172.0 15220.0 296.0 100.0 upon
13528.0 15200.0 140.0 96.0 its
13712.0 15191.0 524.0 124.0 previous
14283.0 15200.0 364.0 100.0 action
14663.0 15272.0 24.0 40.0 ,
14743.0 15204.0 568.0 100.0 sacnliced
15364.0 15204.0 556.0 116.0 principle
15928.0 15279.0 24.0 40.0 ,

13168.0 15312.0 224.0 100.0 and
13440.0 15312.0 560.0 104.0 connived
14052.0 15320.0 112.0 92.0 at
14208.0 15339.0 64.0 72.0 a
14320.0 15335.0 384.0 96.0 wrong
14748.0 15320.0 300.0 96.0 done
15096.0 15328.0 112.0 88.0 to
15256.0 15320.0 188.0 100.0 the
15492.0 15320.0 468.0 104.0 District

13172.0 15432.0 144.0 116.0 by
13364.0 15428.0 184.0 96.0 tlio
13596.0 15428.0 576.0 124.0 piesldent
14224.0 15428.0 116.0 100.0 In
14455.0 15428.0 436.0 120.0 pursuit
14996.0 15439.0 116.0 92.0 ot
15216.0 15460.0 68.0 76.0 a
15388.0 15439.0 564.0 120.0 supposed

13180.0 15555.0 324.0 108.0 party
13548.0 15543.0 660.0 112.0 advantage.
14224.0 15539.0 64.0 52.0 "

13407.0 15680.0 372.0 80.0 MOItllI
13860.0 15684.0 192.0 84.0 OX
14068.0 15695.0 28.0 64.0 !
14096.0 15711.0 28.0 48.0 >
14212.0 15680.0 316.0 84.0 I.4ST
14592.0 15688.0 564.0 80.0 OFFKIU
15159.0 15736.0 32.0 32.0 ,
15251.0 15692.0 468.0 80.0 WORDS.

13288.0 15799.0 244.0 104.0 The
13776.0 15799.0 212.0 104.0 last
14236.0 15807.0 396.0 104.0 speech
14904.0 15803.0 564.0 108.0 delivered
15740.0 15815.0 224.0 100.0 and

13172.0 15915.0 192.0 104.0 the
13488.0 15924.0 212.0 96.0 last
13823.0 15924.0 180.0 100.0 act
14124.0 15919.0 652.0 104.0 committed
14932.0 15924.0 140.0 124.0 by
15204.0 15928.0 496.0 104.0 William
15839.0 15932.0 120.0 100.0 11.

13176.0 16036.0 552.0 100.0 Moirison
13744.0 16108.0 24.0 44.0 ,
14036.0 16044.0 124.0 88.0 ot
14424.0 16036.0 444.0 104.0 Illinois
14876.0 16111.0 28.0 44.0 ,
15140.0 16067.0 228.0 76.0 was
15631.0 16044.0 332.0 104.0 when

13180.0 16152.0 136.0 100.0 ho
13520.0 16148.0 676.0 108.0 announced
14363.0 16156.0 376.0 116.0 to-day
14948.0 16184.0 124.0 72.0 as
15232.0 16188.0 68.0 72.0 a
15484.0 16163.0 492.0 100.0 member

13176.0 16267.0 124.0 96.0 of
13344.0 16267.0 188.0 100.0 the
13576.0 16267.0 640.0 100.0 committee
14264.0 16267.0 360.0 104.0 which
14684.0 16271.0 400.0 100.0 waited
15132.0 16296.0 148.0 76.0 on
15352.0 16275.0 188.0 100.0 the
15628.0 16279.0 292.0 116.0 presi-

13172.0 16383.0 272.0 100.0 dent
13528.0 16379.0 240.0 128.0 just
13816.0 16387.0 376.0 96.0 before
14236.0 16412.0 532.0 80.0 conzrcss
14812.0 16387.0 628.0 116.0 adjourned
15488.0 16396.0 240.0 100.0 that
15784.0 16396.0 184.0 104.0 the

13176.0 16500.0 304.0 100.0 chluf
13523.0 16500.0 576.0 104.0 executive
14148.0 16500.0 212.0 104.0 had
14452.0 16524.0 152.0 80.0 no
14692.0 16504.0 436.0 100.0 fuither
15227.0 16512.0 700.0 100.0 communica-

13180.0 16616.0 232.0 100.0 tion
13468.0 16624.0 112.0 92.0 to
13632.0 16616.0 352.0 104.0 make.
14128.0 16616.0 100.0 104.0 It
14276.0 16624.0 92.0 96.0 is
14416.0 16616.0 676.0 112.0 Improbable
15140.0 16620.0 240.0 104.0 that
15416.0 16647.0 240.0 96.0 nny
15704.0 16652.0 256.0 76.0 man

13180.0 16732.0 364.0 100.0 leaves
13592.0 16732.0 372.0 124.0 public
14028.0 16732.0 204.0 104.0 life
14276.0 16732.0 252.0 104.0 who
14576.0 16735.0 276.0 100.0 feels
14895.0 16751.0 188.0 88.0 cut
15124.0 16764.0 128.0 72.0 so
15336.0 16735.0 404.0 136.0 deeply
15844.0 16772.0 124.0 72.0 as

13176.0 16860.0 272.0 88.0 does
13496.0 16847.0 596.0 104.0 Moiilson.
14228.0 16847.0 104.0 104.0 It
14384.0 16847.0 92.0 104.0 Is
14524.0 16851.0 684.0 100.0 understood
15260.0 16855.0 240.0 100.0 that
15551.0 16855.0 136.0 100.0 ho
15735.0 16860.0 228.0 100.0 will

13176.0 16964.0 132.0 100.0 he
13356.0 16968.0 120.0 96.0 of
13520.0 16968.0 188.0 100.0 the
13776.0 16968.0 624.0 100.0 inter-state
14484.0 16992.0 616.0 76.0 commerce
15180.0 16972.0 716.0 104.0 commission
15912.0 17047.0 28.0 44.0 ,

13184.0 17088.0 320.0 92.0 when
13620.0 17084.0 132.0 96.0 hu
13860.0 17080.0 224.0 104.0 will
14156.0 17107.0 312.0 76.0 come
14552.0 17092.0 116.0 92.0 to
14755.0 17088.0 372.0 112.0 public
15192.0 17088.0 364.0 104.0 notice
15607.0 17099.0 352.0 112.0 again

13176.0 17200.0 232.0 100.0 and
13456.0 17196.0 524.0 124.0 probably
14028.0 17207.0 196.0 92.0 not
14271.0 17224.0 96.0 76.0 rr
14396.0 17203.0 252.0 96.0 turn
14704.0 17207.0 112.0 92.0 to
14864.0 17228.0 560.0 76.0 congress.

13535.0 17336.0 592.0 84.0 iF..iirTr.i
13580.0 17340.0 28.0 76.0 (
13816.0 17336.0 24.0 80.0 :
14144.0 17344.0 28.0 60.0 >
14240.0 17336.0 244.0 80.0 rou
14544.0 17340.0 52.0 76.0 >
14583.0 17375.0 28.0 40.0 ,
14632.0 17340.0 536.0 80.0 O.V-HRSII
15183.0 17348.0 24.0 64.0 >
15227.0 17344.0 368.0 80.0 F.NCK.

13296.0 17427.0 244.0 104.0 The
13588.0 17427.0 700.0 108.0 nomination
14344.0 17436.0 124.0 96.0 of
14508.0 17431.0 308.0 104.0 .iolin
14876.0 17436.0 116.0 100.0 P.
15055.0 17436.0 280.0 100.0 Irish
15348.0 17511.0 28.0 48.0 ,
15428.0 17440.0 124.0 96.0 of
15628.0 17436.0 296.0 104.0 Iowa
15936.0 17511.0 24.0 40.0 ,

13176.0 17571.0 124.0 76.0 as
13344.0 17567.0 532.0 104.0 surveyor
13920.0 17552.0 444.0 100.0 ccneral
14412.0 17556.0 112.0 92.0 ot
14580.0 17552.0 468.0 104.0 Nevada
15135.0 17579.0 232.0 76.0 was
15476.0 17556.0 484.0 116.0 rejected

13180.0 17667.0 140.0 136.0 by
13407.0 17675.0 188.0 88.0 ttie
13700.0 17671.0 388.0 96.0 senate
14191.0 17687.0 144.0 76.0 on
14448.0 17664.0 188.0 104.0 the
14736.0 17691.0 308.0 76.0 samn
15168.0 17679.0 440.0 100.0 giound
15720.0 17671.0 240.0 100.0 that

13176.0 17779.0 600.0 100.0 Matthews
13784.0 17856.0 24.0 36.0 ,
13868.0 17779.0 180.0 100.0 the
14111.0 17779.0 444.0 100.0 colored
14608.0 17808.0 252.0 76.0 man
14944.0 17787.0 284.0 100.0 tiom
15324.0 17783.0 280.0 104.0 Xevv
15652.0 17783.0 316.0 104.0 York

13180.0 17920.0 232.0 72.0 was
13460.0 17895.0 484.0 116.0 rejected
14000.0 17899.0 176.0 96.0 for
14240.0 17899.0 508.0 100.0 recorder
14820.0 17904.0 116.0 96.0 ot
15031.0 17899.0 340.0 104.0 deeds
15459.0 17908.0 176.0 96.0 for
15744.0 17904.0 228.0 104.0 this

13180.0 18012.0 260.0 100.0 disti
13472.0 18028.0 144.0 88.0 ict
13744.0 18016.0 240.0 96.0 that
14032.0 18024.0 116.0 88.0 ot
14203.0 18012.0 888.0 108.0 non-residence.

13180.0 18147.0 600.0 80.0 I'EVSIOVS
13860.0 18151.0 240.0 84.0 FOP.
14188.0 18151.0 844.0 84.0 NKIlItASKAXH
15120.0 18155.0 268.0 80.0 AMI
15435.0 18155.0 528.0 84.0 1OWANS.

13304.0 18243.0 552.0 104.0 Pensions
14007.0 18255.0 472.0 100.0 granted
14651.0 18247.0 720.0 104.0 Xebraskans
15532.0 18255.0 376.0 116.0 today
15931.0 18280.0 32.0 80.0 :

13176.0 18359.0 440.0 104.0 Minors
13716.0 18367.0 120.0 92.0 of
13900.0 18359.0 496.0 104.0 Thomis
14500.0 18363.0 132.0 100.0 T.
14736.0 18363.0 424.0 104.0 Russell
15176.0 18440.0 24.0 44.0 ,
15304.0 18372.0 612.0 100.0 Stockvllle
15943.0 18399.0 28.0 92.0 ;

13176.0 18476.0 424.0 104.0 minors
13764.0 18484.0 116.0 88.0 ot
14012.0 18476.0 376.0 120.0 Philip
14600.0 18480.0 584.0 108.0 Lallhandi
15183.0 18511.0 36.0 56.0 *
15232.0 18559.0 24.0 36.0 ,
15388.0 18484.0 584.0 108.0 Ashlands

13184.0 18592.0 408.0 104.0 Robert
13756.0 18592.0 424.0 104.0 Wilson
14200.0 18667.0 24.0 48.0 ,
14375.0 18596.0 460.0 104.0 Shelton
14871.0 18623.0 28.0 88.0 ;
15036.0 18600.0 360.0 104.0 Kiitus
15563.0 18603.0 376.0 108.0 Piicer
15943.0 18679.0 24.0 48.0 ,

13180.0 18707.0 676.0 104.0 Kiilnina/oo
13880.0 18736.0 28.0 92.0 ;
13952.0 18707.0 308.0 108.0 John
14320.0 18715.0 512.0 112.0 Albiugli
14844.0 18788.0 24.0 40.0 ,
14928.0 18715.0 456.0 104.0 Dubois.

13304.0 18823.0 552.0 104.0 Pensions
13948.0 18831.0 472.0 116.0 granted
14500.0 18827.0 448.0 108.0 Invvans
15008.0 18840.0 372.0 116.0 to-day
15408.0 18860.0 28.0 76.0 :
15568.0 18831.0 408.0 124.0 Nancy

13180.0 18935.0 120.0 108.0 L.
13320.0 19012.0 20.0 40.0 ,
13407.0 18948.0 32.0 112.0 (
13464.0 18948.0 172.0 96.0 for
13700.0 18939.0 384.0 104.0 widow
14148.0 18956.0 116.0 88.0 ot
14328.0 18944.0 524.0 104.0 Johnson
14904.0 18948.0 132.0 108.0 C.
15108.0 18948.0 816.0 124.0 Hosenbnrgerj
15943.0 19023.0 24.0 52.0 ,

13184.0 19056.0 752.0 108.0 Washington
13968.0 19087.0 32.0 84.0 ;
14072.0 19064.0 432.0 100.0 minors
14588.0 19071.0 112.0 88.0 ot
14772.0 19064.0 520.0 100.0 Johnson
15372.0 19068.0 128.0 100.0 C.
15563.0 19064.0 416.0 104.0 Hoscn-

13180.0 19172.0 432.0 116.0 burner.
13731.0 19175.0 736.0 104.0 Washington
14508.0 19204.0 28.0 92.0 ;
14668.0 19179.0 396.0 104.0 Danle1
15176.0 19179.0 148.0 104.0 M.
15440.0 19183.0 500.0 100.0 Kobbins
15948.0 19256.0 24.0 40.0 ,

13180.0 19291.0 664.0 100.0 Mainakato
13868.0 19320.0 28.0 88.0 ;
14024.0 19295.0 328.0 100.0 Jesse
14488.0 19295.0 112.0 100.0 L.
14720.0 19295.0 396.0 120.0 Higley
15120.0 19368.0 28.0 44.0 ,
15260.0 19295.0 660.0 108.0 bhelberuer
15943.0 19328.0 32.0 88.0 ;

13176.0 19407.0 496.0 100.0 Thomas
13719.0 19407.0 116.0 104.0 P.
13948.0 19424.0 40.0 84.0 ;
14004.0 19407.0 380.0 116.0 hance.
14484.0 19412.0 380.0 100.0 Union
14895.0 19439.0 28.0 84.0 ;
15004.0 19399.0 396.0 116.0 Daniel
15459.0 19416.0 472.0 104.0 Driscoll
15948.0 19487.0 24.0 48.0 ,

13176.0 19524.0 776.0 120.0 Spragunville
13980.0 19551.0 24.0 92.0 ;
14084.0 19528.0 404.0 100.0 Martin
14544.0 19528.0 140.0 100.0 V.
14740.0 19532.0 572.0 100.0 Saunders
15319.0 19603.0 24.0 36.0 ,
15412.0 19532.0 508.0 100.0 lieisona
15948.0 19559.0 28.0 80.0 :

13176.0 19647.0 36.0 84.0 (
13235.0 19640.0 232.0 100.0 ieor
13548.0 19640.0 216.0 104.0 eS.
13828.0 19640.0 412.0 104.0 Roaers
14252.0 19715.0 24.0 40.0 ,
14368.0 19643.0 404.0 104.0 Mount
14876.0 19643.0 460.0 108.0 Vernon
15367.0 19676.0 28.0 92.0 ;
15484.0 19647.0 500.0 104.0 Thomas

13172.0 19755.0 128.0 100.0 J.
13360.0 19755.0 524.0 104.0 Johnson
13900.0 19832.0 24.0 40.0 ,
13992.0 19755.0 504.0 108.0 Hartlett.

13888.0 19896.0 576.0 84.0 ur.cisio.v
14571.0 19900.0 420.0 80.0 ithviit
14880.0 19900.0 28.0 80.0 :
15076.0 19903.0 192.0 80.0 Kn.

13300.0 19988.0 576.0 120.0 Secretary
13992.0 19988.0 404.0 108.0 Lamar
14496.0 19996.0 372.0 100.0 to-day
14972.0 19996.0 512.0 100.0 reversed
15572.0 19996.0 188.0 104.0 the
15808.0 19996.0 136.0 104.0 de-

13176.0 20104.0 360.0 104.0 cision
13592.0 20115.0 108.0 88.0 ol
13787.0 20111.0 188.0 96.0 tlio
14019.0 20104.0 548.0 108.0 Xiobrara
14620.0 20108.0 264.0 104.0 land
14932.0 20115.0 316.0 100.0 oflice
15304.0 20115.0 108.0 96.0 in
15471.0 20111.0 188.0 104.0 tlio
15732.0 20140.0 256.0 80.0 case

13176.0 20231.0 112.0 88.0 ot
13368.0 20223.0 432.0 108.0 George
13908.0 20219.0 148.0 108.0 M.
14116.0 20223.0 388.0 104.0 Foster
14552.0 20252.0 124.0 76.0 vs
14776.0 20223.0 308.0 108.0 John
15144.0 20231.0 40.0 92.0 (
15196.0 20231.0 76.0 120.0 J.
15328.0 20231.0 364.0 100.0 Smith
15728.0 20304.0 28.0 40.0 ,
15808.0 20244.0 140.0 92.0 ad-

13188.0 20335.0 700.0 108.0 ministrator
13932.0 20343.0 120.0 96.0 of
14108.0 20339.0 312.0 104.0 John
14484.0 20339.0 400.0 124.0 Prelss

13988.0 20475.0 476.0 84.0 POSTAL
14528.0 20479.0 628.0 84.0 CMANOns.

13300.0 20568.0 240.0 104.0 The
13648.0 20572.0 572.0 116.0 postofllce
14328.0 20583.0 120.0 92.0 at
14564.0 20572.0 252.0 108.0 Van
14960.0 20576.0 356.0 128.0 W.vck
15319.0 20651.0 28.0 48.0 ,
15504.0 20579.0 484.0 108.0 Lincoln

13176.0 20699.0 424.0 108.0 county
13612.0 20764.0 24.0 48.0 ,
13716.0 20687.0 1068.0 108.0 vvasdlsiontlmied
14836.0 20695.0 408.0 120.0 to-day.

13540.0 20967.0 104.0 96.0 A
13736.0 20963.0 404.0 116.0 Ijeftnl
14236.0 20963.0 436.0 96.0 Shark
14767.0 20967.0 764.0 100.0 Convicted.

13292.0 21103.0 576.0 116.0 ICnpjjr'ffM
13964.0 21107.0 40.0 88.0 1
14024.0 21107.0 28.0 48.0 <
14044.0 21107.0 24.0 76.0 <
14064.0 21103.0 60.0 84.0 S
14271.0 21103.0 128.0 100.0 by
14472.0 21107.0 284.0 88.0 Jim'
14871.0 21107.0 84.0 84.0 O
14996.0 21107.0 856.0 108.0 inl.nilennrd.l

13312.0 21236.0 516.0 104.0 LONDON
13840.0 21303.0 24.0 40.0 ,
13983.0 21227.0 384.0 108.0 March
14472.0 21236.0 88.0 100.0 4.
14708.0 21232.0 36.0 124.0 [
14764.0 21232.0 680.0 108.0 Xevvork
15576.0 21236.0 420.0 104.0 Herald

13184.0 21375.0 340.0 108.0 Cable
13648.0 21371.0 436.0 128.0 Special
14176.0 21388.0 112.0 88.0 to
14356.0 21375.0 184.0 100.0 the
14663.0 21375.0 216.0 104.0 lii.i
14892.0 21400.0 28.0 76.0 :
14928.0 21452.0 24.0 28.0 .
14984.0 21383.0 24.0 112.0 )
15171.0 21375.0 340.0 104.0 1'hero
15619.0 21404.0 236.0 80.0 was
15940.0 21411.0 64.0 72.0 a

13180.0 21527.0 396.0 112.0 strong
13676.0 21515.0 772.0 120.0 commenting
14556.0 21515.0 260.0 104.0 hero
14920.0 21519.0 376.0 112.0 to-day
15400.0 21548.0 300.0 100.0 upon
15815.0 21523.0 188.0 100.0 the

13184.0 21660.0 468.0 108.0 wisdom
13704.0 21667.0 112.0 92.0 ot
13872.0 21660.0 184.0 104.0 the
14099.0 21667.0 512.0 104.0 warning
14712.0 21660.0 324.0 116.0 giver
15132.0 21664.0 456.0 104.0 mouths
15631.0 21691.0 212.0 88.0 ago
15892.0 21671.0 112.0 96.0 to

13184.0 21835.0 176.0 100.0 pei
13388.0 21804.0 312.0 104.0 sons'
13752.0 21799.0 564.0 124.0 believing
14363.0 21799.0 108.0 108.0 In
14532.0 21799.0 316.0 108.0 those
14892.0 21816.0 400.0 108.0 agents
15340.0 21808.0 252.0 100.0 who
15628.0 21812.0 340.0 104.0 adver-

13184.0 21955.0 216.0 96.0 tise
13448.0 21951.0 412.0 100.0 estates
13896.0 21943.0 224.0 108.0 and
14176.0 21947.0 348.0 100.0 funds
14576.0 21972.0 116.0 80.0 in
14740.0 21947.0 564.0 120.0 chancery
15348.0 21951.0 228.0 100.0 and
15631.0 21951.0 116.0 104.0 in
15800.0 21955.0 196.0 100.0 tlio

13188.0 22091.0 332.0 104.0 IJank
13627.0 22095.0 124.0 96.0 of
13868.0 22087.0 528.0 112.0 England
14508.0 22091.0 540.0 112.0 awaiting
15156.0 22120.0 480.0 80.0 owners.
15768.0 22095.0 244.0 104.0 The

13184.0 22236.0 432.0 104.0 central
13728.0 22232.0 516.0 104.0 criminal
14292.0 22239.0 316.0 96.0 court
14692.0 22236.0 388.0 120.0 to-day
15124.0 22239.0 584.0 104.0 convicted
15780.0 22239.0 228.0 108.0 and

13188.0 22376.0 612.0 108.0 sentenced
13856.0 22380.0 36.0 96.0 (
13908.0 22380.0 376.0 112.0 icorgo
14384.0 22380.0 596.0 104.0 Anderson
14996.0 22451.0 28.0 48.0 ,
15135.0 22407.0 144.0 76.0 an
15400.0 22380.0 604.0 108.0 Ameilcan

13192.0 22523.0 424.0 120.0 lawyer
13620.0 22596.0 24.0 44.0 ,
13704.0 22523.0 112.0 96.0 to
13868.0 22523.0 212.0 100.0 five
14124.0 22548.0 48.0 88.0 )
14203.0 22544.0 248.0 80.0 ears
14536.0 22527.0 336.0 116.0 penal
14920.0 22523.0 568.0 104.0 servitude
15544.0 22527.0 180.0 104.0 for
15824.0 22527.0 144.0 104.0 ob-

13188.0 22663.0 448.0 116.0 taining
13684.0 22683.0 464.0 100.0 moneys
14200.0 22667.0 280.0 96.0 trom
14528.0 22663.0 308.0 104.0 John
14951.0 22663.0 436.0 104.0 Deakln
15408.0 22740.0 24.0 48.0 ,
15532.0 22671.0 128.0 96.0 of
15759.0 22667.0 260.0 108.0 Sus-

13188.0 22808.0 636.0 120.0 qnehann.t.
13944.0 22804.0 184.0 104.0 Pa.
14144.0 22875.0 28.0 44.0 ,
14283.0 22804.0 68.0 100.0 b
14360.0 22831.0 44.0 92.0 )
14479.0 22804.0 280.0 104.0 false
14876.0 22811.0 576.0 120.0 pretenses
15536.0 22835.0 124.0 76.0 as
15708.0 22815.0 112.0 96.0 to
15863.0 22835.0 144.0 76.0 an

13188.0 22948.0 480.0 124.0 I'.ngllsh
13784.0 22952.0 360.0 100.0 estate
14292.0 22948.0 540.0 120.0 awaiting
14932.0 22952.0 192.0 100.0 the
15272.0 22952.0 372.0 104.0 latter.
15776.0 22952.0 244.0 104.0 The

13188.0 23120.0 256.0 76.0 ease
13632.0 23087.0 200.0 104.0 has
13956.0 23087.0 284.0 108.0 been
14348.0 23087.0 456.0 128.0 already
14951.0 23091.0 616.0 108.0 described.
15759.0 23099.0 192.0 100.0 An-

13192.0 23235.0 408.0 104.0 derson
13756.0 23259.0 232.0 76.0 was
14087.0 23231.0 628.0 104.0 astounded
14812.0 23243.0 112.0 96.0 at
15031.0 23235.0 176.0 104.0 his
15328.0 23239.0 684.0 104.0 conviction.

13200.0 23380.0 228.0 100.0 and
13535.0 23380.0 564.0 104.0 sentence.
14236.0 23376.0 180.0 104.0 He
14524.0 23376.0 96.0 104.0 is
14728.0 23399.0 260.0 80.0 now
15076.0 23403.0 144.0 80.0 on
15319.0 23380.0 176.0 104.0 his
15588.0 23407.0 252.0 100.0 way
15907.0 23387.0 116.0 100.0 to

13200.0 23524.0 552.0 104.0 Portland
13804.0 23524.0 372.0 124.0 prison
14196.0 23595.0 24.0 44.0 ,
14276.0 23524.0 176.0 100.0 for
14500.0 23519.0 136.0 104.0 he
14704.0 23519.0 656.0 108.0 discovered
15420.0 23528.0 236.0 100.0 that
15708.0 23528.0 316.0 104.0 there

13196.0 23667.0 96.0 104.0 is
13400.0 23695.0 148.0 72.0 no
13652.0 23695.0 324.0 92.0 game
14080.0 23667.0 120.0 100.0 of
14288.0 23663.0 624.0 104.0 battledore
14996.0 23663.0 228.0 104.0 and
15319.0 23667.0 704.0 104.0 shuttlecock

13204.0 23807.0 828.0 108.0 technicalities
14080.0 23807.0 260.0 104.0 hero
14380.0 23807.0 500.0 104.0 between
14928.0 23807.0 408.0 124.0 jrnUes
15379.0 23811.0 232.0 100.0 and
15692.0 23836.0 284.0 80.0 coun-

13200.0 23955.0 156.0 100.0 sel
13407.0 23955.0 292.0 104.0 after
13744.0 23952.0 684.0 104.0 conviction.
14568.0 23952.0 104.0 100.0 It
14728.0 23952.0 92.0 100.0 Is
14868.0 23948.0 552.0 128.0 perfectly
15484.0 23952.0 248.0 108.0 safe
15839.0 23952.0 180.0 104.0 for

13200.0 24119.0 288.0 100.0 your
13535.0 24096.0 444.0 104.0 readers
14028.0 24100.0 112.0 96.0 to
14188.0 24096.0 288.0 100.0 treat
14520.0 24115.0 124.0 80.0 as
14736.0 24091.0 664.0 104.0 fraudulent
15484.0 24119.0 228.0 96.0 any
15800.0 24096.0 224.0 104.0 and

13211.0 24264.0 336.0 96.0 every
13592.0 24231.0 884.0 132.0 advertisement
14524.0 24264.0 128.0 76.0 or
14720.0 24231.0 608.0 116.0 allegation
15428.0 24235.0 244.0 104.0 that
15800.0 24264.0 224.0 100.0 any

13200.0 24383.0 568.0 120.0 chancery
13820.0 24379.0 352.0 104.0 funds
14215.0 24403.0 128.0 76.0 or
14387.0 24371.0 644.0 108.0 unclaimed
15120.0 24383.0 412.0 96.0 estates
15616.0 24375.0 408.0 108.0 within

13204.0 24523.0 188.0 104.0 the
13444.0 24520.0 428.0 108.0 United
13928.0 24516.0 568.0 124.0 Kingdom
14548.0 24520.0 352.0 104.0 exists
14948.0 24520.0 564.0 104.0 unbarred
15568.0 24523.0 144.0 124.0 by
15836.0 24527.0 188.0 104.0 the

13204.0 24672.0 492.0 100.0 statutes
13740.0 24668.0 120.0 104.0 of
13903.0 24659.0 648.0 108.0 limitation.

13560.0 24963.0 608.0 104.0 Crofters
14228.0 24963.0 792.0 100.0 Itecelvcan
15079.0 24967.0 608.0 96.0 Ovation.

13436.0 25103.0 584.0 120.0 tCopyr/oM
13820.0 25103.0 32.0 88.0 /
14064.0 25103.0 372.0 104.0 ISStby
14467.0 25099.0 280.0 92.0 Jtime
14755.0 25127.0 44.0 60.0 *
14847.0 25103.0 400.0 92.0 Gordon
15300.0 25103.0 424.0 92.0 lleiwrlt

13332.0 25235.0 760.0 108.0 EDiNiirnoii
14108.0 25303.0 28.0 48.0 ,
14188.0 25231.0 380.0 104.0 March
14616.0 25235.0 56.0 92.0 4
14684.0 25307.0 20.0 36.0 ,
14856.0 25227.0 36.0 132.0 [
14912.0 25227.0 272.0 108.0 New
15251.0 25231.0 300.0 104.0 York
15604.0 25231.0 420.0 104.0 Herald

13211.0 25379.0 344.0 104.0 Cable
13684.0 25371.0 432.0 124.0 Special
14172.0 25383.0 112.0 96.0 to
14384.0 25375.0 192.0 100.0 the
14663.0 25371.0 340.0 116.0 IiF.f.,1
15147.0 25379.0 104.0 100.0 A
15331.0 25383.0 312.0 96.0 creat
15716.0 25375.0 256.0 104.0 dem-

13211.0 25519.0 640.0 104.0 onstration
13903.0 25515.0 272.0 104.0 took
14288.0 25519.0 312.0 120.0 place
14648.0 25515.0 404.0 128.0 to-day
15096.0 25523.0 116.0 100.0 In
15268.0 25515.0 368.0 108.0 which
15688.0 25543.0 336.0 96.0 many

13216.0 25664.0 568.0 104.0 thousand
13876.0 25660.0 672.0 108.0 Scotchmen
14624.0 25660.0 632.0 108.0 celabrated
15352.0 25660.0 192.0 104.0 the
15612.0 25660.0 412.0 104.0 release

13220.0 25807.0 292.0 104.0 from
13600.0 25799.0 208.0 128.0 jail
13856.0 25807.0 120.0 96.0 of
14068.0 25799.0 192.0 104.0 the
14348.0 25799.0 312.0 108.0 Sko
14708.0 25799.0 1316.0 108.0 crofters-Maximilian

13216.0 25947.0 228.0 104.0 and
13496.0 25943.0 640.0 108.0 McDonald
14264.0 25955.0 256.0 92.0 who
14595.0 25968.0 288.0 80.0 were
14963.0 25939.0 588.0 112.0 convicted
15607.0 25947.0 124.0 100.0 of
15820.0 25943.0 200.0 108.0 riot

13220.0 26115.0 268.0 80.0 over
13560.0 26091.0 188.0 104.0 the
13836.0 26087.0 492.0 120.0 eviction
14412.0 26087.0 224.0 104.0 and
14708.0 26083.0 620.0 108.0 resistance
15396.0 26091.0 116.0 100.0 to
15560.0 26087.0 188.0 104.0 the
15824.0 26087.0 196.0 104.0 law

13220.0 26259.0 144.0 80.0 on
13424.0 26239.0 240.0 100.0 that
13712.0 26232.0 400.0 104.0 Island.
14240.0 26228.0 324.0 128.0 They
14644.0 26255.0 292.0 80.0 were
15020.0 26228.0 668.0 124.0 discharged
15735.0 26232.0 228.0 104.0 carl
15980.0 26259.0 40.0 96.0 )

13223.0 26379.0 116.0 104.0 in
13516.0 26379.0 192.0 104.0 the
13872.0 26371.0 220.0 128.0 day
14215.0 26371.0 228.0 104.0 and
14576.0 26371.0 600.0 108.0 furnished
15348.0 26371.0 268.0 104.0 with
15792.0 26375.0 228.0 104.0 free

13223.0 26544.0 384.0 108.0 passes
13780.0 26515.0 328.0 108.0 homo
14271.0 26515.0 228.0 104.0 and
14692.0 26511.0 464.0 112.0 advised
15343.0 26523.0 116.0 96.0 to
15648.0 26515.0 372.0 128.0 depart

13232.0 26659.0 768.0 132.0 Immediately
14012.0 26731.0 28.0 48.0 ,
14215.0 26659.0 196.0 104.0 but
14624.0 26659.0 296.0 104.0 their
15147.0 26644.0 436.0 120.0 friends
15820.0 26683.0 200.0 80.0 ant-

13223.0 26835.0 56.0 72.0 s
13288.0 26839.0 44.0 88.0 )
13368.0 26804.0 668.0 132.0 mpathlzers
14087.0 26804.0 112.0 104.0 in
14252.0 26808.0 308.0 108.0 great
14608.0 26804.0 532.0 104.0 numbers
15204.0 26800.0 484.0 108.0 awaited
15735.0 26804.0 284.0 100.0 their

13228.0 26960.0 112.0 92.0 at
13407.0 26947.0 192.0 104.0 the
13707.0 26943.0 380.0 124.0 prison
14203.0 26960.0 312.0 104.0 gates
14628.0 26943.0 272.0 104.0 with
15012.0 26943.0 548.0 120.0 highland
15631.0 26943.0 376.0 128.0 pipers

13228.0 27091.0 244.0 104.0 The
13523.0 27083.0 496.0 112.0 released
14108.0 27091.0 484.0 116.0 martyrs
14595.0 27164.0 28.0 44.0 ,
14680.0 27116.0 124.0 76.0 as
14892.0 27083.0 264.0 128.0 they
15208.0 27112.0 292.0 80.0 were
15584.0 27087.0 400.0 104.0 consid-

13228.0 27235.0 256.0 104.0 ered
13499.0 27307.0 24.0 40.0 ,
13580.0 27259.0 288.0 80.0 were
13915.0 27231.0 340.0 104.0 taken
14312.0 27243.0 112.0 92.0 to
14476.0 27255.0 64.0 76.0 a
14588.0 27231.0 300.0 120.0 large
14944.0 27227.0 296.0 104.0 hotel
15308.0 27255.0 272.0 80.0 near
15631.0 27239.0 140.0 116.0 by
15776.0 27303.0 28.0 52.0 ,
15863.0 27227.0 156.0 108.0 tl.c

13228.0 27376.0 372.0 108.0 crowd
13707.0 27372.0 528.0 120.0 sveiling
14340.0 27383.0 116.0 96.0 at
14544.0 27399.0 336.0 100.0 every
14948.0 27372.0 472.0 104.0 mlcnte.
15548.0 27372.0 368.0 108.0 There
15984.0 27399.0 36.0 76.0 i

13235.0 27523.0 224.0 104.0 fine
13508.0 27519.0 572.0 108.0 breakfast
14132.0 27543.0 228.0 76.0 was
14404.0 27515.0 404.0 128.0 spread
14856.0 27528.0 224.0 96.0 and
15132.0 27519.0 188.0 100.0 the
15367.0 27511.0 384.0 132.0 prison
15812.0 27515.0 208.0 104.0 fan

13235.0 27667.0 628.0 120.0 forgotten.
14000.0 27655.0 556.0 132.0 Speeches
14604.0 27688.0 292.0 76.0 were
14948.0 27655.0 320.0 108.0 made
15355.0 27659.0 664.0 124.0 embonjlnj

13235.0 27831.0 344.0 100.0 many
13668.0 27803.0 124.0 104.0 of
13891.0 27803.0 192.0 108.0 the
14167.0 27803.0 292.0 104.0 facts
14503.0 27827.0 128.0 80.0 ns
14675.0 27807.0 112.0 100.0 to
14836.0 27807.0 184.0 100.0 the
15064.0 27807.0 528.0 120.0 outrages
15655.0 27799.0 144.0 128.0 by
15868.0 27799.0 152.0 108.0 tin

13240.0 27948.0 580.0 112.0 landlords
13891.0 27944.0 232.0 116.0 and
14215.0 27944.0 664.0 132.0 oppression
14984.0 27944.0 148.0 140.0 by
15244.0 27948.0 196.0 112.0 Uie
15548.0 27944.0 464.0 116.0 ottlclais

16236.0 2624.0 108.0 92.0 A
16456.0 2620.0 60.0 96.0 ;
16536.0 2616.0 1508.0 104.0 in.viuA.lumiiKit
18179.0 2616.0 544.0 104.0 KIGHT.

16076.0 2820.0 492.0 100.0 Armed
16732.0 2824.0 636.0 96.0 Greasers
17492.0 2824.0 412.0 100.0 Kntor
18044.0 2820.0 224.0 100.0 tlio
18395.0 2820.0 488.0 100.0 United

16556.0 2968.0 448.0 92.0 States
17064.0 2968.0 264.0 96.0 nnd
17392.0 2968.0 260.0 100.0 Arc
17712.0 2968.0 392.0 100.0 Tired
18164.0 2972.0 240.0 96.0 On.

16192.0 3100.0 268.0 104.0 SAN
16516.0 3096.0 164.0 108.0 Kit
16724.0 3124.0 500.0 84.0 \NCISCO
17231.0 3180.0 24.0 44.0 ,
17315.0 3104.0 380.0 108.0 March
17744.0 3112.0 92.0 92.0 4.
17971.0 3100.0 240.0 108.0 The
18291.0 3096.0 596.0 112.0 Hulletln's

16076.0 3240.0 488.0 120.0 Xogales
16664.0 3260.0 32.0 96.0 (
16712.0 3244.0 268.0 104.0 Arl/
17003.0 3316.0 24.0 32.0 .
17052.0 3256.0 40.0 104.0 )
17192.0 3248.0 412.0 128.0 special
17715.0 3272.0 256.0 76.0 sis
18000.0 3268.0 24.0 80.0 :
18167.0 3244.0 264.0 108.0 Last
18547.0 3240.0 320.0 124.0 night

16088.0 3380.0 436.0 132.0 Dcmtty
16572.0 3384.0 828.0 108.0 Sherltflames
17448.0 3388.0 360.0 124.0 Speed
17860.0 3408.0 228.0 84.0 saw
18172.0 3384.0 684.0 108.0 Lieutenant

16076.0 3532.0 40.0 96.0 (
16132.0 3524.0 524.0 120.0 iulttereg
16708.0 3556.0 76.0 72.0 w
16819.0 3528.0 156.0 104.0 Itli
17032.0 3532.0 252.0 104.0 four
17332.0 3528.0 376.0 108.0 armed
17760.0 3528.0 472.0 108.0 soldiers
18276.0 3524.0 512.0 128.0 crossing
18828.0 3556.0 64.0 80.0 a-

16076.0 3668.0 388.0 116.0 bridge
16516.0 3696.0 264.0 80.0 over
16824.0 3700.0 56.0 76.0 a
16936.0 3672.0 324.0 104.0 small
17312.0 3672.0 200.0 112.0 dry
17564.0 3672.0 324.0 108.0 creek
17944.0 3672.0 236.0 112.0 Into
18232.0 3672.0 184.0 104.0 the
18460.0 3664.0 428.0 112.0 lrnlled

16080.0 3812.0 404.0 104.0 States.
16628.0 3812.0 168.0 104.0 Hu
16908.0 3812.0 760.0 136.0 Immediately
17775.0 3812.0 352.0 108.0 called
18235.0 3840.0 144.0 80.0 on
18499.0 3812.0 388.0 124.0 Henry

16088.0 3952.0 624.0 128.0 Littlcpngo
16759.0 3956.0 224.0 104.0 and
17044.0 3956.0 176.0 108.0 Dr.
17288.0 3956.0 368.0 128.0 Purdy
17708.0 3972.0 112.0 92.0 to
17867.0 3984.0 140.0 96.0 go
18060.0 3956.0 272.0 108.0 with
18380.0 3952.0 232.0 112.0 him
18660.0 3956.0 236.0 108.0 and

16080.0 4124.0 188.0 76.0 see
16316.0 4104.0 260.0 116.0 why
16628.0 4124.0 140.0 76.0 an
16848.0 4100.0 376.0 104.0 armed
17332.0 4108.0 324.0 116.0 party
17763.0 4100.0 400.0 108.0 should
18271.0 4108.0 324.0 96.0 cuter
18707.0 4100.0 188.0 104.0 thu

16091.0 4232.0 428.0 116.0 United
16568.0 4240.0 404.0 108.0 States.
17104.0 4248.0 172.0 100.0 On
17332.0 4248.0 500.0 108.0 arriving
17884.0 4244.0 112.0 104.0 in
18056.0 4248.0 308.0 100.0 front
18472.0 4244.0 124.0 104.0 of
18704.0 4240.0 192.0 108.0 the

16080.0 4380.0 604.0 108.0 American
16740.0 4392.0 432.0 100.0 custom
17224.0 4384.0 348.0 108.0 house
17632.0 4384.0 676.0 108.0 Lieutenant
18368.0 4384.0 304.0 104.0 Faub
18675.0 4460.0 24.0 44.0 ,
18772.0 4392.0 124.0 96.0 of

16084.0 4528.0 184.0 104.0 the
16320.0 4528.0 516.0 108.0 Mexican
16896.0 4536.0 444.0 120.0 Iroop-v
17380.0 4544.0 468.0 112.0 stopped
17904.0 4524.0 112.0 112.0 In
18072.0 4528.0 304.0 104.0 front
18428.0 4528.0 120.0 100.0 ot
18668.0 4524.0 220.0 104.0 Lit-

16084.0 4668.0 436.0 120.0 tlcpize
16568.0 4672.0 224.0 104.0 and
16807.0 4744.0 24.0 44.0 ,
16880.0 4676.0 532.0 112.0 covering
17460.0 4672.0 228.0 104.0 him
17748.0 4676.0 268.0 104.0 with
18068.0 4668.0 560.0 108.0 revolvers
18636.0 4744.0 24.0 44.0 ,
18716.0 4668.0 136.0 104.0 de-

16088.0 4812.0 484.0 108.0 manded
16800.0 4816.0 188.0 104.0 the
17192.0 4816.0 420.0 104.0 ideate
17840.0 4816.0 120.0 104.0 of
18107.0 4840.0 68.0 76.0 n
18360.0 4808.0 528.0 108.0 Mexican

16084.0 4976.0 412.0 84.0 named
16727.0 4956.0 428.0 108.0 Klucan
17172.0 5032.0 24.0 44.0 ,
17472.0 4960.0 364.0 104.0 whom
18092.0 4956.0 264.0 124.0 they
18644.0 4980.0 176.0 100.0 sni
18832.0 4984.0 28.0 68.0 >
18859.0 5004.0 36.0 28.0 -

16088.0 5124.0 136.0 100.0 po
16296.0 5100.0 132.0 100.0 cd
16604.0 5104.0 188.0 100.0 tlm
16955.0 5104.0 604.0 108.0 American
17727.0 5104.0 668.0 100.0 authoiltles
18603.0 5124.0 292.0 76.0 weio

16091.0 5236.0 468.0 120.0 holding
16783.0 5268.0 120.0 76.0 as
17175.0 5272.0 60.0 72.0 a
17492.0 5244.0 536.0 128.0 prisoner.
18271.0 5240.0 624.0 116.0 Littlepago

16091.0 5380.0 416.0 128.0 replied
16540.0 5408.0 28.0 84.0 :
16764.0 5396.0 64.0 40.0 "
16848.0 5384.0 44.0 104.0 1
17003.0 5384.0 280.0 108.0 have
17392.0 5412.0 148.0 76.0 no
17647.0 5384.0 512.0 128.0 prlvoner
18167.0 5460.0 24.0 48.0 ,
18204.0 5380.0 68.0 56.0 "
18388.0 5380.0 224.0 108.0 nnd
18712.0 5380.0 144.0 104.0 Im-

16096.0 5524.0 600.0 124.0 mediately
16744.0 5532.0 540.0 104.0 snatched
17371.0 5556.0 68.0 76.0 a
17524.0 5528.0 672.0 108.0 slx-shoo'ur
18032.0 5536.0 24.0 72.0 '
18271.0 5532.0 188.0 96.0 out
18508.0 5528.0 120.0 100.0 of
18716.0 5520.0 188.0 108.0 the

16096.0 5668.0 728.0 104.0 lieutenant's
16872.0 5672.0 292.0 104.0 hand
17184.0 5744.0 24.0 44.0 ,
17264.0 5668.0 448.0 128.0 placing
17828.0 5672.0 220.0 104.0 him
18107.0 5668.0 360.0 104.0 under
18511.0 5680.0 384.0 92.0 arrest.

16096.0 5808.0 248.0 108.0 The
16396.0 5812.0 608.0 104.0 American
17056.0 5812.0 428.0 108.0 otllceis
17531.0 5816.0 416.0 104.0 started
18032.0 5824.0 180.0 92.0 tor
18296.0 5812.0 188.0 104.0 the
18596.0 5812.0 300.0 104.0 main

16100.0 5960.0 336.0 100.0 street
16528.0 5956.0 124.0 100.0 of
16744.0 5956.0 184.0 104.0 the
17015.0 5964.0 340.0 100.0 town.
17487.0 5960.0 240.0 100.0 The
17819.0 5956.0 632.0 104.0 lieutenant
18544.0 5948.0 356.0 108.0 called

16100.0 6120.0 140.0 76.0 on
16296.0 6124.0 308.0 76.0 some
16648.0 6100.0 320.0 104.0 other
17020.0 6100.0 508.0 104.0 Mexican
17616.0 6096.0 408.0 112.0 soldier
18032.0 6124.0 52.0 64.0 *
18128.0 6092.0 596.0 108.0 concealed
18787.0 6092.0 112.0 104.0 In

16103.0 6212.0 184.0 100.0 thu
16332.0 6216.0 204.0 100.0 drv
16592.0 6216.0 196.0 100.0 bed
16840.0 6220.0 124.0 96.0 of
17032.0 6220.0 184.0 100.0 the
17260.0 6220.0 320.0 104.0 creek
17640.0 6228.0 108.0 92.0 to
17799.0 6216.0 420.0 104.0 releise
18268.0 6220.0 272.0 96.0 him.
18588.0 6212.0 316.0 104.0 Tliev

16108.0 6328.0 756.0 124.0 Immediately
16916.0 6360.0 192.0 72.0 tan
17156.0 6344.0 112.0 92.0 to
17315.0 6340.0 188.0 96.0 tlio
17552.0 6336.0 592.0 100.0 American
18196.0 6328.0 436.0 108.0 olllcers
18680.0 6332.0 224.0 100.0 and

16103.0 6468.0 216.0 76.0 one
16364.0 6447.0 120.0 96.0 of
16552.0 6451.0 184.0 96.0 the
16780.0 6447.0 468.0 100.0 soldiers
17255.0 6524.0 24.0 40.0 ,
17332.0 6447.0 528.0 108.0 coveting
17920.0 6447.0 620.0 116.0 Littlepigo
18632.0 6447.0 268.0 96.0 with

16112.0 6560.0 172.0 100.0 his
16372.0 6560.0 240.0 100.0 rule
16620.0 6632.0 24.0 44.0 ,
16696.0 6560.0 632.0 104.0 demanded
17420.0 6568.0 184.0 96.0 thn
17692.0 6568.0 416.0 96.0 lelcase
18196.0 6572.0 108.0 92.0 ot
18383.0 6564.0 172.0 100.0 his
18648.0 6560.0 220.0 100.0 lieu

16108.0 6680.0 432.0 96.0 tenant.
16720.0 6680.0 400.0 100.0 Sherlll
17199.0 6680.0 356.0 120.0 bpeed
17668.0 6680.0 740.0 100.0 commanded
18532.0 6676.0 380.0 100.0 Llttlc-

16112.0 6811.0 276.0 100.0 pagu
16436.0 6800.0 112.0 92.0 to
16604.0 6792.0 188.0 104.0 lire
16836.0 6820.0 296.0 96.0 upon
17192.0 6792.0 896.0 112.0 thesoldler.and
18143.0 6788.0 768.0 108.0 immediately

16112.0 6908.0 268.0 100.0 fired
16432.0 6908.0 448.0 104.0 himselt
16952.0 6915.0 112.0 96.0 at
17156.0 6912.0 184.0 100.0 thu
17416.0 6912.0 416.0 100.0 soldier
17876.0 6908.0 252.0 104.0 who
18220.0 6908.0 212.0 100.0 had
18528.0 6904.0 372.0 100.0 Llttlc-

16115.0 7048.0 132.0 88.0 pa
16332.0 7052.0 64.0 72.0 o
16656.0 7023.0 500.0 108.0 coveted.
17444.0 7023.0 244.0 104.0 The
17968.0 7019.0 420.0 108.0 soldier
18671.0 7019.0 236.0 100.0 al-o

16115.0 7140.0 264.0 104.0 fired
16667.0 7156.0 112.0 88.0 at
17071.0 7140.0 624.0 120.0 Llttlepage
17695.0 7216.0 28.0 40.0 ,
18015.0 7140.0 196.0 104.0 but
18528.0 7136.0 384.0 100.0 Little-

16112.0 7279.0 284.0 88.0 pairo
16640.0 7256.0 512.0 104.0 knocked
17400.0 7264.0 184.0 96.0 the
17763.0 7279.0 228.0 88.0 gun
18184.0 7252.0 316.0 104.0 aside
18683.0 7252.0 224.0 104.0 and

16112.0 7383.0 116.0 92.0 at
16275.0 7376.0 184.0 100.0 the
16507.0 7400.0 304.0 76.0 same
16863.0 7380.0 264.0 96.0 time
17136.0 7452.0 36.0 44.0 ,
17216.0 7376.0 512.0 104.0 drawing
17780.0 7376.0 172.0 100.0 hU
18003.0 7372.0 508.0 104.0 levolver
18511.0 7444.0 28.0 40.0 ,
18639.0 7372.0 264.0 96.0 tired

16115.0 7500.0 112.0 88.0 at
16316.0 7487.0 188.0 108.0 the
16611.0 7491.0 552.0 104.0 Mexican.
17356.0 7496.0 240.0 100.0 The
17688.0 7496.0 104.0 96.0 Hi
17824.0 7491.0 192.0 100.0 Inir
18104.0 7500.0 264.0 92.0 then
18467.0 7487.0 444.0 100.0 became

16115.0 7608.0 452.0 104.0 general
16660.0 7612.0 496.0 100.0 between
17252.0 7608.0 184.0 104.0 the
17528.0 7612.0 308.0 100.0 thieo
17923.0 7600.0 428.0 112.0 olllceis
18443.0 7604.0 220.0 100.0 and
18724.0 7616.0 188.0 88.0 the

16115.0 7724.0 516.0 104.0 Mexican
16724.0 7724.0 472.0 104.0 soldiers
17204.0 7799.0 24.0 40.0 ,
17328.0 7728.0 188.0 100.0 the
17623.0 7720.0 580.0 108.0 Mexicans
18296.0 7720.0 616.0 112.0 retreating

16115.0 7864.0 372.0 80.0 across
16536.0 7848.0 184.0 96.0 the
16776.0 7840.0 800.0 104.0 international
17628.0 7844.0 228.0 100.0 line
17908.0 7844.0 240.0 104.0 Into
18199.0 7840.0 436.0 100.0 Mexico
18644.0 7912.0 24.0 40.0 ,
18724.0 7836.0 188.0 100.0 the

16120.0 7955.0 600.0 104.0 American
16812.0 7959.0 424.0 100.0 otlieers
17332.0 7959.0 580.0 112.0 following
18039.0 7955.0 228.0 100.0 and
18375.0 7952.0 540.0 104.0 shooting

16120.0 8072.0 292.0 100.0 until
16464.0 8076.0 292.0 96.0 their
16819.0 8100.0 528.0 96.0 weapons
17436.0 8100.0 284.0 76.0 were
17799.0 8080.0 416.0 116.0 empty.
18412.0 8072.0 168.0 116.0 Uy
18688.0 8068.0 228.0 100.0 this

16120.0 8188.0 272.0 96.0 time
16439.0 8192.0 184.0 96.0 the
16676.0 8192.0 592.0 100.0 Ameilcan
17364.0 8192.0 656.0 116.0 poiiula'iou
18112.0 8212.0 232.0 80.0 was
18428.0 8188.0 476.0 100.0 aroused

16120.0 8304.0 224.0 96.0 and
16396.0 8328.0 332.0 92.0 every
16780.0 8328.0 252.0 80.0 man
17080.0 8308.0 252.0 100.0 who
17412.0 8308.0 328.0 100.0 could
17831.0 8328.0 456.0 92.0 procuio
18380.0 8323.0 528.0 100.0 weapons

16120.0 8416.0 384.0 104.0 armed
16596.0 8420.0 456.0 104.0 himself
17056.0 8492.0 24.0 36.0 ,
17175.0 8427.0 596.0 112.0 expecting
17855.0 8448.0 144.0 76.0 an
18112.0 8427.0 376.0 96.0 attack
18576.0 8444.0 332.0 76.0 everv

16124.0 8544.0 496.0 92.0 moment
16667.0 8540.0 284.0 96.0 trom
17003.0 8540.0 184.0 100.0 tlio
17240.0 8540.0 508.0 100.0 Mexican
17804.0 8536.0 464.0 100.0 soldiers
18283.0 8608.0 24.0 40.0 ,
18392.0 8531.0 252.0 104.0 who
18692.0 8531.0 216.0 100.0 had

16124.0 8652.0 268.0 100.0 been
16492.0 8648.0 460.0 108.0 ordered
17056.0 8668.0 196.0 92.0 out
17340.0 8660.0 136.0 116.0 by
17567.0 8652.0 456.0 104.0 Colonel
18112.0 8652.0 416.0 100.0 ArvUn
18544.0 8720.0 24.0 40.0 ,
18620.0 8652.0 296.0 96.0 their

16120.0 8768.0 720.0 104.0 commander
16840.0 8843.0 28.0 44.0 ,
16952.0 8772.0 228.0 100.0 and
17267.0 8768.0 560.0 104.0 stationed
17916.0 8787.0 148.0 80.0 on
18155.0 8776.0 188.0 92.0 the
18431.0 8764.0 480.0 104.0 railroad

16124.0 8880.0 528.0 144.0 platfoim
16744.0 8884.0 112.0 100.0 In
16952.0 8895.0 304.0 88.0 front
17347.0 8895.0 112.0 88.0 ot
17555.0 8895.0 184.0 92.0 thu
17828.0 8880.0 516.0 108.0 Mexican
18479.0 8891.0 424.0 92.0 custom

16124.0 8984.0 376.0 120.0 house.
16744.0 8999.0 244.0 104.0 The
17151.0 9028.0 312.0 76.0 news
17628.0 9028.0 232.0 76.0 was
18024.0 8999.0 480.0 104.0 bioiuht
18675.0 8999.0 240.0 96.0 that

16120.0 9140.0 220.0 76.0 ono
16635.0 9116.0 520.0 104.0 Mexican
17463.0 9116.0 416.0 104.0 soldier
18160.0 9140.0 232.0 76.0 was
18636.0 9136.0 240.0 76.0 mor-

16120.0 9232.0 272.0 112.0 tally
16568.0 9236.0 584.0 100.0 wounded.
17400.0 9236.0 424.0 120.0 Acting
17956.0 9224.0 432.0 116.0 United
18544.0 9228.0 372.0 104.0 States

16124.0 9352.0 420.0 100.0 Consul
16604.0 9348.0 160.0 108.0 W.
16836.0 9348.0 112.0 104.0 U.
16988.0 9356.0 40.0 96.0 (
17047.0 9352.0 524.0 104.0 lio/closo
17664.0 9352.0 200.0 100.0 has
17952.0 9352.0 344.0 104.0 taken
18388.0 9348.0 188.0 100.0 the
18651.0 9356.0 220.0 88.0 mat-

16124.0 9480.0 164.0 84.0 ter
16376.0 9467.0 112.0 100.0 In
16584.0 9467.0 296.0 100.0 hand
16896.0 9540.0 28.0 40.0 ,
16979.0 9467.0 224.0 100.0 and
17296.0 9472.0 224.0 96.0 this
17612.0 9467.0 528.0 112.0 morning
18228.0 9472.0 328.0 92.0 made
18624.0 9488.0 60.0 72.0 a
18731.0 9460.0 148.0 100.0 de-

16124.0 9584.0 340.0 100.0 mand
16512.0 9608.0 296.0 88.0 upon
16863.0 9588.0 188.0 96.0 the
17104.0 9584.0 516.0 104.0 .Mexican
17664.0 9576.0 664.0 108.0 aulhoiitles
18372.0 9580.0 176.0 96.0 for
18600.0 9576.0 272.0 100.0 Lieu-

16124.0 9700.0 400.0 100.0 tenant
16572.0 9704.0 608.0 120.0 Citiitteieg.
17312.0 9700.0 312.0 100.0 More
17668.0 9700.0 432.0 100.0 tionble
18148.0 9700.0 96.0 96.0 Is
18291.0 9692.0 400.0 104.0 looked
18748.0 9692.0 172.0 96.0 for

16127.0 9816.0 480.0 100.0 to-nUht
16616.0 9888.0 28.0 48.0 ,
16756.0 9844.0 124.0 72.0 as
16996.0 9816.0 84.0 100.0 It
17192.0 9816.0 88.0 100.0 Is
17388.0 9812.0 536.0 116.0 expected
18075.0 9812.0 248.0 100.0 that
18448.0 9808.0 464.0 104.0 Colonel

16120.0 9931.0 424.0 100.0 Arvl7U
16640.0 9931.0 224.0 100.0 will
16960.0 9931.0 264.0 100.0 seek
17291.0 9956.0 508.0 92.0 revenge.
17935.0 9924.0 580.0 108.0 Governor
18559.0 9924.0 356.0 100.0 Jones

16124.0 10048.0 204.0 100.0 has
16379.0 10048.0 268.0 100.0 been
16748.0 10048.0 464.0 104.0 advised
17260.0 10048.0 124.0 96.0 of
17468.0 10048.0 188.0 100.0 the
17732.0 10044.0 540.0 108.0 situation
18368.0 10044.0 224.0 100.0 nnd
18680.0 10039.0 236.0 100.0 will

16120.0 10164.0 360.0 104.0 arrive
16592.0 10164.0 256.0 104.0 here
16955.0 10176.0 108.0 92.0 to
17116.0 10187.0 468.0 80.0 morrow
17700.0 10164.0 552.0 116.0 morning.
18431.0 10164.0 40.0 92.0 (
18487.0 10160.0 424.0 96.0 Jeneial

16120.0 10280.0 332.0 100.0 Miles
16560.0 10295.0 200.0 84.0 lias
16868.0 10288.0 272.0 96.0 been
17255.0 10280.0 580.0 136.0 requested
17932.0 10280.0 140.0 116.0 by
18191.0 10276.0 188.0 104.0 the
18487.0 10272.0 424.0 104.0 United

16120.0 10399.0 368.0 100.0 States
16572.0 10403.0 524.0 112.0 attorney
17180.0 10403.0 108.0 96.0 at
17380.0 10395.0 448.0 104.0 Tucson
17944.0 10399.0 112.0 92.0 to
18164.0 10388.0 284.0 104.0 send
18540.0 10395.0 376.0 112.0 tioops

16120.0 10512.0 256.0 100.0 hero
16427.0 10512.0 792.0 116.0 immediately.
17352.0 10512.0 244.0 100.0 Thu
17659.0 10507.0 444.0 104.0 captain
18160.0 10524.0 112.0 84.0 ot
18348.0 10512.0 184.0 96.0 the
18588.0 10512.0 324.0 96.0 homo

16115.0 10628.0 352.0 116.0 guard
16560.0 10636.0 112.0 96.0 at
16759.0 10632.0 660.0 100.0 Critteiiden
17496.0 10632.0 204.0 100.0 has
17792.0 10632.0 272.0 96.0 been
18164.0 10624.0 584.0 128.0 requested
18808.0 10628.0 108.0 92.0 to

16124.0 10744.0 676.0 104.0 foiwardall
16887.0 10748.0 548.0 100.0 available
17480.0 10767.0 300.0 80.0 arms
17824.0 10740.0 228.0 104.0 and
18152.0 10744.0 268.0 96.0 1WO
18240.0 10752.0 24.0 80.0 (
18475.0 10740.0 440.0 120.0 pounds

16115.0 10863.0 120.0 96.0 of
16275.0 10867.0 756.0 96.0 ammunition
17092.0 10863.0 176.0 100.0 for
17312.0 10863.0 184.0 100.0 tlio
17548.0 10863.0 444.0 116.0 aiming
18036.0 10860.0 120.0 100.0 of
18220.0 10863.0 508.0 96.0 uHi/.ens.

16592.0 11131.0 388.0 100.0 MIIS.
17100.0 11131.0 668.0 96.0 1'OTTIJH
17864.0 11127.0 568.0 100.0 TALKS.

16124.0 11335.0 740.0 96.0 America's
16940.0 11335.0 628.0 116.0 Asplrina
17688.0 11335.0 544.0 92.0 Actress
18332.0 11331.0 344.0 96.0 Tells
18787.0 11335.0 148.0 88.0 of

17128.0 11476.0 276.0 96.0 Her
17475.0 11476.0 440.0 96.0 Plane.

16347.0 11624.0 32.0 104.0 [
16396.0 11616.0 528.0 112.0 fopi/r/ofif
16732.0 11620.0 28.0 84.0 /
16979.0 11616.0 364.0 104.0 'W'U
16979.0 11620.0 32.0 84.0 '
17380.0 11616.0 332.0 88.0 Jamts
17756.0 11612.0 948.0 104.0 GonlMloiiiff.l
18547.0 11616.0 32.0 84.0 /

16252.0 11747.0 520.0 100.0 LONDON
16780.0 11816.0 28.0 48.0 ,
16916.0 11744.0 384.0 108.0 March
17407.0 11751.0 84.0 96.0 4.
17644.0 11744.0 32.0 124.0 [
17695.0 11740.0 276.0 104.0 Xevv
18027.0 11740.0 316.0 104.0 York
18504.0 11736.0 416.0 108.0 llctald

16127.0 11892.0 332.0 100.0 Cable
16592.0 11888.0 436.0 128.0 Special
17136.0 11896.0 116.0 96.0 to
17340.0 11888.0 188.0 104.0 the
17640.0 11888.0 288.0 100.0 13in.
17780.0 11911.0 28.0 76.0 :
17940.0 11884.0 40.0 124.0 ]
18131.0 11884.0 44.0 104.0 I
18288.0 11911.0 236.0 76.0 siw
18660.0 11884.0 264.0 112.0 Mrs.

16120.0 12032.0 844.0 104.0 James-Brown
17008.0 12032.0 380.0 104.0 Potter
17416.0 12028.0 328.0 124.0 again
17792.0 12032.0 112.0 100.0 to
17947.0 12028.0 136.0 104.0 da
18100.0 12056.0 44.0 88.0 )
18211.0 12028.0 228.0 104.0 and
18472.0 12028.0 460.0 104.0 showed

16127.0 12175.0 196.0 100.0 her
16368.0 12184.0 188.0 92.0 the
16608.0 12175.0 360.0 100.0 follow
17003.0 12175.0 192.0 116.0 Ing
17240.0 12180.0 412.0 100.0 extiact
17704.0 12175.0 288.0 100.0 iiom
18032.0 12171.0 228.0 104.0 this
18308.0 12167.0 624.0 128.0 morning's

16136.0 12316.0 328.0 120.0 Dally
16512.0 12316.0 624.0 120.0 Telegraph
17163.0 12344.0 28.0 76.0 :

16252.0 12460.0 500.0 104.0 "Unless
16800.0 12460.0 756.0 120.0 negotiations
17603.0 12460.0 200.0 104.0 fall
17855.0 12464.0 476.0 120.0 through
18383.0 12456.0 184.0 108.0 the
18639.0 12456.0 292.0 124.0 Hay-

16132.0 12604.0 436.0 104.0 market
16616.0 12631.0 76.0 72.0 w
16727.0 12604.0 112.0 100.0 111
16892.0 12604.0 432.0 124.0 shortly
17371.0 12604.0 328.0 104.0 acain
17760.0 12620.0 128.0 84.0 bo
17935.0 12600.0 184.0 108.0 the
18167.0 12628.0 332.0 84.0 scene
18544.0 12608.0 124.0 96.0 of
18780.0 12628.0 144.0 76.0 an

16127.0 12747.0 712.0 124.0 experiment
16904.0 12747.0 672.0 120.0 Interesting
17623.0 12752.0 116.0 96.0 to
17784.0 12747.0 424.0 120.0 society
18256.0 12747.0 196.0 100.0 but
18496.0 12747.0 396.0 104.0 debata-

16136.0 12888.0 176.0 100.0 ble
16364.0 12916.0 108.0 76.0 in
16531.0 12888.0 188.0 104.0 the
16771.0 12888.0 644.0 104.0 immediate
17508.0 12888.0 520.0 104.0 Interests
18116.0 12891.0 124.0 96.0 of
18324.0 12891.0 200.0 104.0 art.
18660.0 12891.0 264.0 104.0 Mis.

16124.0 13032.0 392.0 100.0 James
16568.0 13032.0 856.0 104.0 Urown-Potter
17424.0 13107.0 28.0 40.0 ,
17496.0 13055.0 140.0 76.0 an
17732.0 13032.0 608.0 104.0 American
18464.0 13036.0 264.0 124.0 lady
18808.0 13040.0 128.0 96.0 of

16127.0 13180.0 308.0 104.0 great
16471.0 13172.0 516.0 108.0 personal
17024.0 13176.0 656.0 100.0 attractions
17692.0 13248.0 24.0 44.0 ,
17756.0 13176.0 196.0 100.0 has
17992.0 13176.0 272.0 100.0 been
18312.0 13176.0 616.0 124.0 persuaded

16132.0 13328.0 112.0 92.0 to
16296.0 13315.0 380.0 104.0 follow
16724.0 13319.0 184.0 100.0 the
16952.0 13319.0 512.0 120.0 example
17572.0 13319.0 124.0 100.0 of
17756.0 13315.0 268.0 104.0 Mis.
18128.0 13315.0 500.0 128.0 Lanctry
18716.0 13319.0 216.0 104.0 and

16139.0 13460.0 228.0 100.0 will
16420.0 13460.0 312.0 104.0 leave
16780.0 13467.0 184.0 96.0 thn
17012.0 13460.0 512.0 120.0 drawing
17596.0 13484.0 300.0 80.0 room
18012.0 13467.0 172.0 96.0 lor
18288.0 13463.0 192.0 100.0 the
18584.0 13467.0 336.0 100.0 siacc.

16144.0 13600.0 444.0 124.0 Falling
16640.0 13600.0 108.0 104.0 in
16804.0 13627.0 148.0 76.0 an
17008.0 13608.0 756.0 116.0 engagement
17812.0 13608.0 112.0 96.0 at
17976.0 13604.0 184.0 104.0 the
18204.0 13604.0 688.0 120.0 Haymarket
18903.0 13679.0 24.0 44.0 ,

16136.0 13748.0 276.0 100.0 Mrs.
16492.0 13744.0 404.0 104.0 Potter
16940.0 13771.0 260.0 88.0 may
17248.0 13744.0 260.0 100.0 take
17555.0 13752.0 188.0 92.0 the
17787.0 13748.0 340.0 120.0 Gilty
18176.0 13752.0 180.0 96.0 for
18395.0 13748.0 188.0 100.0 the
18651.0 13771.0 240.0 76.0 sum-

16136.0 13912.0 236.0 76.0 mer
16412.0 13912.0 400.0 76.0 season
16868.0 13887.0 224.0 100.0 and
17139.0 13887.0 344.0 100.0 select
17536.0 13887.0 196.0 100.0 her
17775.0 13912.0 152.0 76.0 ow
17959.0 13908.0 68.0 80.0 n
18084.0 13883.0 256.0 116.0 play
18383.0 13883.0 224.0 108.0 and
18656.0 13912.0 240.0 80.0 com

16144.0 14052.0 332.0 96.0 pany.
16608.0 14024.0 240.0 100.0 The
16892.0 14024.0 580.0 108.0 character
17511.0 14020.0 548.0 128.0 proposed
18128.0 14031.0 116.0 96.0 at
18327.0 14035.0 188.0 92.0 the
18627.0 14028.0 320.0 112.0 liar-

16139.0 14168.0 436.0 100.0 market
16648.0 14168.0 180.0 100.0 for
16875.0 14168.0 184.0 100.0 the
17107.0 14168.0 340.0 100.0 debut
17492.0 14168.0 120.0 100.0 of
17659.0 14168.0 268.0 100.0 Mrs.
17988.0 14160.0 388.0 112.0 Potter
18424.0 14168.0 92.0 104.0 Is
18600.0 14172.0 348.0 100.0 Anne

16139.0 14307.0 552.0 104.0 Silvester
16736.0 14307.0 116.0 100.0 in
16908.0 14307.0 300.0 104.0 'Man
17260.0 14307.0 228.0 104.0 and
17552.0 14307.0 324.0 108.0 Wife.
17891.0 14307.0 24.0 52.0 '
17968.0 14299.0 68.0 64.0 "

16256.0 14447.0 272.0 108.0 Mrs.
16572.0 14447.0 384.0 104.0 Potter
17003.0 14451.0 216.0 100.0 had
17272.0 14459.0 196.0 92.0 not
17511.0 14459.0 188.0 112.0 yet
17739.0 14472.0 264.0 84.0 seen
18063.0 14451.0 188.0 100.0 the
18283.0 14455.0 612.0 124.0 paragraph
18908.0 14528.0 28.0 48.0 ,

16139.0 14619.0 124.0 72.0 so
16311.0 14592.0 200.0 100.0 she
16556.0 14592.0 260.0 100.0 read
16863.0 14592.0 80.0 100.0 It
16996.0 14592.0 672.0 124.0 attentively
17715.0 14592.0 220.0 100.0 and
17983.0 14592.0 244.0 104.0 said
18259.0 14615.0 28.0 80.0 :

16264.0 14740.0 244.0 96.0 "As
16560.0 14736.0 48.0 96.0 I
16656.0 14732.0 532.0 104.0 observed
17284.0 14759.0 48.0 92.0 )
17359.0 14732.0 516.0 124.0 csterday
17884.0 14808.0 24.0 40.0 ,
18027.0 14736.0 220.0 100.0 this
18360.0 14740.0 364.0 120.0 partly
18844.0 14736.0 96.0 104.0 is

16139.0 14879.0 636.0 104.0 premature
16940.0 14875.0 240.0 104.0 and
17347.0 14875.0 368.0 124.0 paitly
17876.0 14875.0 576.0 108.0 Inconect.
18644.0 14884.0 300.0 120.0 Only

16139.0 15019.0 228.0 104.0 this
16708.0 15019.0 532.0 124.0 morning
17567.0 15044.0 144.0 88.0 tin
18039.0 15019.0 280.0 104.0 offer
18632.0 15052.0 312.0 76.0 camu

16148.0 15168.0 284.0 96.0 from
16648.0 15160.0 540.0 104.0 Salvini's
17380.0 15187.0 540.0 100.0 manager
17920.0 15239.0 24.0 40.0 ,
18124.0 15164.0 196.0 104.0 but
18484.0 15191.0 120.0 76.0 as
18760.0 15175.0 188.0 112.0 yet

16144.0 15308.0 48.0 100.0 1
16252.0 15304.0 220.0 104.0 had
16524.0 15312.0 196.0 96.0 not
16764.0 15304.0 464.0 108.0 decided
17279.0 15331.0 200.0 92.0 auj
17519.0 15304.0 608.0 104.0 tliliiLIt
18172.0 15320.0 264.0 92.0 took
18504.0 15339.0 68.0 72.0 a
18675.0 15316.0 272.0 112.0 long-

16151.0 15447.0 272.0 104.0 time
16468.0 15451.0 384.0 100.0 before
16904.0 15476.0 184.0 88.0 my
17184.0 15447.0 260.0 104.0 final
17552.0 15472.0 252.0 100.0 step
17891.0 15476.0 228.0 76.0 was
18184.0 15451.0 340.0 100.0 taken
18540.0 15528.0 24.0 44.0 ,
18615.0 15451.0 228.0 104.0 and
18900.0 15456.0 48.0 100.0 1

16160.0 15599.0 304.0 96.0 want
16512.0 15599.0 116.0 92.0 to
16676.0 15588.0 392.0 104.0 decide
17119.0 15620.0 184.0 96.0 my
17352.0 15591.0 500.0 124.0 opening
17911.0 15599.0 756.0 112.0 engagement
18712.0 15599.0 240.0 100.0 also

16139.0 15736.0 120.0 100.0 at
16304.0 15736.0 436.0 100.0 leisure.
16872.0 15732.0 240.0 104.0 The
17184.0 15736.0 600.0 100.0 Uincrofts
17836.0 15736.0 124.0 100.0 of
18003.0 15736.0 192.0 104.0 the
18244.0 15740.0 704.0 120.0 Haymarket

16144.0 15884.0 284.0 96.0 have
16500.0 15876.0 272.0 104.0 been
16828.0 15900.0 264.0 100.0 very
17139.0 15876.0 288.0 104.0 kind
17496.0 15888.0 116.0 92.0 to
17695.0 15903.0 176.0 76.0 mo
17940.0 15880.0 228.0 100.0 and
18276.0 15880.0 288.0 100.0 have
18624.0 15884.0 328.0 100.0 niado

16151.0 16044.0 176.0 80.0 mo
16376.0 16044.0 144.0 76.0 an
16572.0 16019.0 284.0 100.0 offer
16899.0 16023.0 116.0 96.0 to
17064.0 16044.0 416.0 100.0 appear
17528.0 16023.0 312.0 104.0 there
17923.0 16019.0 380.0 104.0 before
18388.0 16023.0 188.0 100.0 the
18648.0 16023.0 240.0 104.0 Lon-

16148.0 16163.0 224.0 100.0 don
16427.0 16188.0 396.0 76.0 season
16863.0 16167.0 360.0 96.0 closes
17272.0 16163.0 112.0 100.0 In
17436.0 16163.0 308.0 116.0 July.
17867.0 16160.0 248.0 112.0 The
18216.0 16167.0 372.0 120.0 salary
18692.0 16167.0 264.0 124.0 they

16144.0 16304.0 284.0 104.0 oiler
16476.0 16331.0 172.0 76.0 mo
16700.0 16304.0 88.0 100.0 Is
16800.0 16379.0 24.0 44.0 ,
16884.0 16308.0 264.0 120.0 they
17255.0 16331.0 204.0 88.0 say
17463.0 16375.0 28.0 40.0 ,
17608.0 16308.0 252.0 100.0 tour
17964.0 16304.0 328.0 108.0 times
18400.0 16335.0 120.0 72.0 as
18627.0 16316.0 324.0 96.0 Much

16144.0 16472.0 124.0 76.0 as
16376.0 16448.0 264.0 104.0 Mrs.
16759.0 16448.0 504.0 112.0 Lanutry
17383.0 16448.0 220.0 104.0 had
17732.0 16448.0 176.0 100.0 for
18027.0 16448.0 200.0 104.0 iier
18344.0 16452.0 372.0 104.0 debut.
18859.0 16460.0 96.0 96.0 It

16144.0 16616.0 236.0 72.0 was
16488.0 16591.0 264.0 116.0 they
16868.0 16587.0 248.0 104.0 who
17224.0 16591.0 596.0 120.0 suggested
17935.0 16612.0 188.0 104.0 my
18228.0 16591.0 500.0 128.0 opening
18832.0 16620.0 120.0 80.0 as

16139.0 16732.0 352.0 100.0 Anne
16540.0 16728.0 548.0 108.0 Silvester
17088.0 16803.0 28.0 48.0 ,
17168.0 16728.0 196.0 104.0 but
17412.0 16732.0 52.0 104.0 1
17511.0 16732.0 320.0 104.0 don't
17876.0 16732.0 232.0 108.0 like
18176.0 16732.0 80.0 104.0 It
18336.0 16739.0 112.0 96.0 at
18523.0 16735.0 180.0 104.0 all.
18903.0 16739.0 44.0 100.0 1

16144.0 16872.0 340.0 100.0 think
16575.0 16868.0 400.0 108.0 Scotch
17071.0 16899.0 608.0 84.0 mainazes
17772.0 16872.0 276.0 104.0 have
18136.0 16876.0 276.0 104.0 been
18504.0 16880.0 296.0 100.0 done
18844.0 16895.0 112.0 84.0 to

16144.0 17011.0 372.0 104.0 death.
16712.0 17016.0 464.0 100.0 Besides
17279.0 17016.0 228.0 104.0 this
17516.0 17092.0 20.0 44.0 ,
17652.0 17016.0 48.0 100.0 1
17799.0 17032.0 308.0 92.0 want
18196.0 17024.0 112.0 96.0 to
18395.0 17020.0 324.0 104.0 make
18772.0 17051.0 184.0 92.0 my

16148.0 17155.0 340.0 104.0 debut
16580.0 17155.0 108.0 100.0 in
16783.0 17155.0 648.0 124.0 fomethlng
17531.0 17184.0 300.0 76.0 more
17944.0 17159.0 440.0 108.0 artistic
18508.0 17188.0 200.0 96.0 say
18835.0 17163.0 112.0 104.0 in

16156.0 17296.0 728.0 108.0 Dumas'last
16936.0 17300.0 840.0 104.0 Parishiiccess.
17911.0 17303.0 48.0 100.0 I
18012.0 17303.0 272.0 104.0 hear
18283.0 17379.0 28.0 40.0 ,
18404.0 17307.0 516.0 104.0 however
18927.0 17384.0 24.0 36.0 ,

16144.0 17444.0 244.0 100.0 that
16439.0 17444.0 188.0 100.0 the
16672.0 17444.0 240.0 100.0 lord
16964.0 17444.0 756.0 104.0 chamberlain
17780.0 17448.0 376.0 100.0 would
18211.0 17452.0 200.0 100.0 not
18455.0 17448.0 340.0 104.0 allow
18876.0 17456.0 84.0 100.0 It

16151.0 17596.0 116.0 92.0 to
16356.0 17583.0 136.0 100.0 bo
16580.0 17583.0 404.0 128.0 plaed
17071.0 17587.0 264.0 104.0 here
17340.0 17664.0 28.0 40.0 ,
17463.0 17583.0 200.0 104.0 but
17708.0 17587.0 484.0 124.0 perhaps
18240.0 17592.0 140.0 100.0 hu
18424.0 17592.0 364.0 124.0 might
18832.0 17596.0 132.0 104.0 be-

16148.0 17731.0 192.0 120.0 got
16388.0 17752.0 296.0 80.0 over.
16819.0 17727.0 148.0 104.0 Of
17012.0 17756.0 392.0 76.0 couisu
17460.0 17727.0 44.0 104.0 I
17555.0 17731.0 580.0 124.0 recognl/o
18188.0 17735.0 244.0 104.0 that
18475.0 17739.0 112.0 96.0 to
18636.0 17739.0 328.0 104.0 make

16144.0 17899.0 68.0 76.0 a
16328.0 17895.0 444.0 84.0 success
16875.0 17895.0 392.0 80.0 means
17380.0 17875.0 176.0 100.0 for
17659.0 17899.0 176.0 76.0 me
17944.0 17872.0 312.0 108.0 time.
18487.0 17879.0 52.0 100.0 I
18648.0 17879.0 316.0 104.0 don't

16151.0 18020.0 312.0 96.0 want
16696.0 18039.0 232.0 100.0 any
17151.0 18016.0 536.0 104.0 fictitious
17904.0 18020.0 320.0 100.0 boom
18240.0 18091.0 24.0 48.0 ,
18499.0 18024.0 196.0 100.0 but

16148.0 18159.0 500.0 116.0 genuine
16880.0 18159.0 436.0 100.0 artistic
17540.0 18184.0 476.0 88.0 success.
18288.0 18164.0 228.0 104.0 nnd
18780.0 18191.0 184.0 96.0 my

16151.0 18299.0 440.0 104.0 friends
16720.0 18299.0 276.0 104.0 with
17124.0 18303.0 372.0 104.0 whom
17628.0 18303.0 48.0 100.0 I
17816.0 18303.0 284.0 108.0 have
18244.0 18307.0 444.0 104.0 studied
18844.0 18307.0 116.0 104.0 iu

16156.0 18444.0 320.0 100.0 Paris
16524.0 18444.0 256.0 104.0 tells
16828.0 18471.0 176.0 80.0 me
17056.0 18444.0 48.0 100.0 I
17156.0 18444.0 284.0 104.0 shall
17492.0 18447.0 516.0 104.0 succeed.
18155.0 18447.0 52.0 104.0 1
18259.0 18476.0 324.0 76.0 mean
18639.0 18455.0 116.0 100.0 to
18796.0 18451.0 176.0 104.0 for

16148.0 18611.0 192.0 100.0 my
16388.0 18611.0 252.0 80.0 own
16696.0 18588.0 272.0 104.0 pake
17015.0 18592.0 224.0 100.0 and
17296.0 18592.0 180.0 100.0 for
17579.0 18596.0 240.0 96.0 Unit
17923.0 18596.0 128.0 96.0 of
18155.0 18615.0 188.0 88.0 my
18443.0 18603.0 484.0 112.0 country
18932.0 18671.0 28.0 44.0 ,

16156.0 18727.0 368.0 108.0 which
16587.0 18731.0 44.0 100.0 1
16688.0 18731.0 244.0 104.0 love
16964.0 18756.0 128.0 76.0 so
17136.0 18731.0 384.0 108.0 dearly
17531.0 18804.0 28.0 28.0 ,
17708.0 18731.0 276.0 104.0 lam
18075.0 18759.0 260.0 76.0 sure
18424.0 18736.0 92.0 100.0 If
18620.0 18736.0 56.0 104.0 I
18784.0 18763.0 176.0 76.0 aui

16160.0 18871.0 620.0 104.0 successful
16840.0 18879.0 84.0 96.0 it
16972.0 18871.0 232.0 104.0 will
17255.0 18900.0 320.0 76.0 mean
17628.0 18900.0 64.0 76.0 a
17736.0 18879.0 316.0 108.0 great
18140.0 18875.0 252.0 104.0 deal
18504.0 18875.0 172.0 104.0 for
18780.0 18879.0 188.0 100.0 the

16156.0 19016.0 604.0 100.0 American
16816.0 19019.0 316.0 116.0 stage
17136.0 19087.0 28.0 48.0 ,
17220.0 19039.0 120.0 76.0 as
17392.0 19012.0 48.0 104.0 1
17492.0 19016.0 288.0 100.0 shall
17836.0 19019.0 268.0 104.0 then
18155.0 19019.0 148.0 100.0 do
18348.0 19019.0 152.0 100.0 all
18552.0 19019.0 52.0 100.0 I
18719.0 19048.0 204.0 96.0 pos-

16151.0 19156.0 296.0 124.0 sibly
16492.0 19179.0 208.0 80.0 can
16752.0 19164.0 120.0 96.0 to
16955.0 19160.0 432.0 100.0 elevate
17504.0 19156.0 596.0 104.0 Ameilcan
18220.0 19160.0 452.0 104.0 brother
18736.0 19164.0 232.0 100.0 and

16156.0 19299.0 340.0 100.0 sister
16599.0 19295.0 412.0 108.0 artists.
17151.0 19295.0 108.0 104.0 If
17359.0 19295.0 44.0 104.0 1
17511.0 19303.0 424.0 96.0 cannot
18032.0 19299.0 272.0 104.0 then
18412.0 19328.0 320.0 76.0 comn
18852.0 19312.0 116.0 96.0 to

16156.0 19447.0 344.0 96.0 terms
16548.0 19439.0 260.0 104.0 here
16860.0 19439.0 44.0 104.0 I
16960.0 19439.0 284.0 104.0 snail
17296.0 19443.0 384.0 100.0 return
17792.0 19443.0 112.0 100.0 to
18015.0 19439.0 324.0 108.0 Paris
18448.0 19447.0 228.0 100.0 and
18787.0 19472.0 112.0 80.0 re-

16160.0 19607.0 320.0 76.0 sume
16519.0 19611.0 184.0 92.0 my
16752.0 19584.0 460.0 104.0 studies.

16292.0 19732.0 236.0 96.0 "As
16563.0 19732.0 112.0 96.0 to
16715.0 19751.0 80.0 76.0 vv
16828.0 19724.0 192.0 108.0 hat
17056.0 19728.0 188.0 104.0 the
17272.0 19728.0 624.0 108.0 Telegraph
17935.0 19755.0 124.0 76.0 sa
18072.0 19755.0 36.0 96.0 >
18148.0 19755.0 48.0 76.0 s
18228.0 19755.0 144.0 80.0 on
18412.0 19732.0 192.0 104.0 the
18632.0 19736.0 292.0 104.0 sooia

16164.0 19867.0 484.0 104.0 attitude
16656.0 19944.0 28.0 40.0 ,
16740.0 19867.0 52.0 104.0 I
16844.0 19896.0 256.0 88.0 may
17148.0 19871.0 220.0 104.0 add
17424.0 19867.0 236.0 104.0 that
17712.0 19871.0 48.0 100.0 I
17807.0 19871.0 284.0 104.0 have
18140.0 19875.0 276.0 100.0 been
18472.0 19875.0 456.0 104.0 receivei

16164.0 20040.0 268.0 92.0 very
16483.0 20015.0 400.0 120.0 kindly
16936.0 20015.0 140.0 120.0 by
17124.0 20015.0 192.0 100.0 the
17395.0 20011.0 404.0 108.0 Prlnco
17908.0 20015.0 228.0 108.0 and
18247.0 20015.0 524.0 104.0 Princess
18856.0 20023.0 124.0 100.0 of

16164.0 20156.0 432.0 104.0 Wales.
16727.0 20156.0 244.0 104.0 The
17020.0 20156.0 508.0 128.0 princess
17576.0 20163.0 256.0 96.0 sent
17888.0 20163.0 176.0 100.0 for
18155.0 20187.0 176.0 76.0 me
18416.0 20160.0 228.0 108.0 and
18736.0 20167.0 244.0 100.0 said

16168.0 20327.0 184.0 96.0 my
16400.0 20300.0 348.0 120.0 going
16783.0 20327.0 144.0 76.0 on
16988.0 20304.0 188.0 100.0 the
17224.0 20312.0 316.0 108.0 stage
17591.0 20304.0 372.0 100.0 would
18027.0 20308.0 332.0 100.0 make
18419.0 20331.0 148.0 76.0 no
18615.0 20308.0 316.0 104.0 dilfei

16168.0 20468.0 280.0 80.0 cnce
16504.0 20447.0 568.0 100.0 whatever
17119.0 20452.0 112.0 96.0 In
17288.0 20472.0 200.0 76.0 our
17540.0 20443.0 680.0 132.0 friendship.
18235.0 20447.0 64.0 60.0 "

16628.0 20720.0 100.0 92.0 A
16860.0 20716.0 816.0 100.0 STEAMKU
17799.0 20720.0 640.0 96.0 ASIlOlti
18455.0 20724.0 44.0 92.0 :
18508.0 20784.0 28.0 36.0 .

16176.0 20924.0 284.0 88.0 One
16531.0 20920.0 160.0 92.0 of
16744.0 20920.0 228.0 92.0 Hie
17047.0 20920.0 608.0 96.0 Atlantic
17715.0 20924.0 464.0 96.0 Liners
18240.0 20928.0 520.0 92.0 Striken
18811.0 20951.0 172.0 68.0 on

16979.0 21063.0 40.0 88.0 (
17027.0 21063.0 588.0 92.0 jooduln
17695.0 21059.0 472.0 100.0 Sands.

16347.0 21199.0 576.0 116.0 iCnpiirltiM
16988.0 21203.0 152.0 88.0 1SS
17151.0 21203.0 36.0 84.0 ?
17248.0 21199.0 128.0 104.0 liy
17432.0 21199.0 228.0 92.0 Jiim
17676.0 21219.0 36.0 68.0 <
17831.0 21199.0 408.0 92.0 Goiildil
18315.0 21203.0 496.0 108.0 fl'n'l'H.1
18540.0 21227.0 16.0 48.0 '

16304.0 21331.0 528.0 104.0 LONDON'
16840.0 21404.0 28.0 48.0 ,
16979.0 21327.0 380.0 104.0 March
17424.0 21331.0 60.0 92.0 5
17487.0 21404.0 28.0 40.0 ,
17628.0 21331.0 52.0 92.0 4
17772.0 21355.0 92.0 72.0 a.
17968.0 21352.0 136.0 84.0 m.
18256.0 21331.0 36.0 124.0 [
18303.0 21331.0 280.0 100.0 New
18683.0 21331.0 308.0 104.0 Yoik

16183.0 21471.0 420.0 104.0 Herald
16715.0 21467.0 900.0 128.0 Cable-Special
17727.0 21475.0 112.0 96.0 to
17944.0 21471.0 192.0 104.0 the
18264.0 21471.0 348.0 124.0 UnK.l
18752.0 21475.0 244.0 104.0 The

16180.0 21643.0 344.0 76.0 screw
16604.0 21627.0 480.0 92.0 steamer
17163.0 21615.0 604.0 104.0 Waesland
17784.0 21687.0 20.0 44.0 ,
17904.0 21612.0 616.0 128.0 belonging
18608.0 21627.0 112.0 96.0 to
18808.0 21623.0 188.0 100.0 the

16188.0 21760.0 232.0 104.0 lied
16468.0 21760.0 260.0 104.0 Star
16776.0 21760.0 232.0 104.0 line
17015.0 21835.0 24.0 40.0 ,
17095.0 21756.0 376.0 104.0 bound
17524.0 21756.0 284.0 104.0 from
17864.0 21756.0 284.0 108.0 Xevv
18191.0 21760.0 320.0 104.0 York
18559.0 21771.0 112.0 92.0 to
18716.0 21764.0 244.0 108.0 Ant-

16188.0 21931.0 300.0 96.0 werp
16495.0 21979.0 24.0 44.0 ,
16575.0 21899.0 92.0 104.0 is
16712.0 21903.0 392.0 104.0 ashoio
17151.0 21927.0 144.0 76.0 on
17347.0 21899.0 548.0 104.0 Goodwin
17956.0 21899.0 376.0 112.0 Sands
18383.0 21931.0 272.0 80.0 near
18688.0 21908.0 264.0 104.0 Deal
18968.0 21983.0 28.0 52.0 ,

16188.0 22051.0 368.0 100.0 Dover
16715.0 22047.0 424.0 104.0 straits.
17392.0 22043.0 240.0 104.0 The
17843.0 22068.0 680.0 104.0 pasaOiKers
18656.0 22051.0 348.0 128.0 thirty

16183.0 22191.0 384.0 104.0 saloon
16587.0 22267.0 24.0 36.0 ,
16744.0 22191.0 404.0 104.0 twelvn
17272.0 22187.0 416.0 108.0 second
17812.0 22195.0 320.0 100.0 cabin
18152.0 22263.0 20.0 48.0 ,
18312.0 22191.0 228.0 104.0 and
18668.0 22195.0 340.0 108.0 about

16183.0 22340.0 476.0 120.0 seventy
16824.0 22343.0 848.0 112.0 steerage-and
17848.0 22336.0 188.0 104.0 the
18208.0 22363.0 296.0 76.0 crew
18716.0 22367.0 292.0 76.0 vvero

16192.0 22480.0 456.0 104.0 rescind
16700.0 22480.0 140.0 120.0 by
16887.0 22475.0 188.0 104.0 the
17119.0 22496.0 356.0 84.0 steam
17572.0 22492.0 196.0 108.0 tug
17824.0 22480.0 376.0 104.0 Duora
18280.0 22480.0 228.0 104.0 and
18596.0 22484.0 412.0 104.0 landed

16188.0 22631.0 116.0 96.0 at
16360.0 22619.0 268.0 104.0 Deal
16644.0 22696.0 28.0 44.0 ,
16727.0 22619.0 368.0 104.0 wheiu
17144.0 22619.0 260.0 124.0 they
17508.0 22619.0 508.0 108.0 received
18063.0 22636.0 312.0 108.0 great
18460.0 22623.0 556.0 108.0 kindness

16192.0 22775.0 116.0 88.0 at
16356.0 22763.0 188.0 100.0 the
16592.0 22759.0 364.0 104.0 bauds
17003.0 22763.0 120.0 100.0 of
17220.0 22763.0 188.0 100.0 the
17460.0 22763.0 420.0 104.0 station
17940.0 22771.0 388.0 100.0 mastei
18356.0 22839.0 24.0 52.0 ,
18440.0 22767.0 252.0 104.0 who
18736.0 22771.0 216.0 100.0 tele-

16195.0 22904.0 492.0 124.0 graphed
16740.0 22919.0 116.0 92.0 to
16928.0 22904.0 372.0 104.0 Dover
17383.0 22912.0 116.0 96.0 to
17588.0 22908.0 332.0 120.0 delay
17988.0 22908.0 188.0 104.0 the
18228.0 22912.0 432.0 104.0 Ostend
18716.0 22912.0 292.0 108.0 boat.

16188.0 23043.0 316.0 120.0 They
16563.0 23047.0 608.0 128.0 proceeded
17228.0 23056.0 140.0 124.0 by
17436.0 23052.0 188.0 100.0 the
17671.0 23052.0 292.0 104.0 train
18015.0 23060.0 116.0 96.0 to
18188.0 23052.0 372.0 108.0 Dover
18559.0 23123.0 28.0 56.0 ,
18648.0 23068.0 368.0 92.0 where

16195.0 23191.0 268.0 124.0 they
16504.0 23191.0 484.0 104.0 boarded
17036.0 23195.0 188.0 100.0 the
17272.0 23203.0 484.0 92.0 steamer
17804.0 23195.0 176.0 100.0 for
18024.0 23195.0 468.0 104.0 Ostond.

16316.0 23339.0 252.0 100.0 Ono
16611.0 23343.0 112.0 92.0 ot
16783.0 23335.0 188.0 104.0 the
17015.0 23359.0 664.0 100.0 passengers
17720.0 23335.0 244.0 100.0 said
17995.0 23359.0 28.0 80.0 :
18104.0 23359.0 28.0 32.0 '
18143.0 23335.0 244.0 104.0 'We
18472.0 23339.0 212.0 104.0 loft
18728.0 23339.0 284.0 104.0 Xevv

16200.0 23476.0 320.0 108.0 York
16568.0 23503.0 144.0 76.0 on
16776.0 23476.0 552.0 124.0 February
17371.0 23484.0 124.0 88.0 20
17584.0 23480.0 112.0 100.0 In
17807.0 23476.0 192.0 108.0 tlm
18116.0 23476.0 604.0 104.0 Waesland
18840.0 23487.0 176.0 96.0 tor

16200.0 23628.0 588.0 116.0 Antwerp.
16920.0 23623.0 192.0 100.0 All
17163.0 23619.0 616.0 128.0 proceeded
17828.0 23615.0 252.0 108.0 well
18136.0 23619.0 296.0 104.0 until
18484.0 23619.0 492.0 108.0 Wednes-

16200.0 23767.0 216.0 120.0 day
16424.0 23836.0 28.0 48.0 ,
16507.0 23792.0 76.0 72.0 vv
16620.0 23771.0 208.0 96.0 hen
16880.0 23788.0 168.0 84.0 we
17092.0 23759.0 740.0 124.0 experienced
17879.0 23788.0 68.0 76.0 a
17992.0 23755.0 356.0 108.0 dense
18400.0 23771.0 216.0 108.0 log.
18731.0 23767.0 236.0 124.0 Cap-

16200.0 23907.0 240.0 104.0 tain
16500.0 23903.0 616.0 120.0 Veberweg
17160.0 23900.0 468.0 108.0 ordered
17676.0 23927.0 140.0 80.0 in
17872.0 23907.0 308.0 100.0 extra
18240.0 23903.0 500.0 108.0 lookout.
18840.0 23907.0 180.0 104.0 He

16200.0 24048.0 468.0 108.0 himself
16715.0 24048.0 580.0 104.0 remained
17344.0 24063.0 112.0 84.0 at
17508.0 24044.0 176.0 104.0 his
17732.0 24056.0 256.0 116.0 post
18072.0 24071.0 148.0 76.0 on
18312.0 24048.0 188.0 100.0 the
18591.0 24048.0 388.0 116.0 bridte
18983.0 24123.0 28.0 52.0 ,

16204.0 24195.0 204.0 100.0 not
16575.0 24187.0 460.0 120.0 leaving
17199.0 24187.0 88.0 108.0 it
17456.0 24191.0 176.0 100.0 for
17792.0 24215.0 224.0 80.0 one
18140.0 24200.0 540.0 96.0 moment
18879.0 24191.0 132.0 108.0 In

16207.0 24331.0 228.0 108.0 this
16740.0 24360.0 256.0 96.0 way
17284.0 24356.0 168.0 80.0 wo
17732.0 24331.0 624.0 116.0 proceeded
18627.0 24331.0 396.0 132.0 slowly

16212.0 24479.0 184.0 100.0 for
16436.0 24483.0 228.0 96.0 two
16708.0 24475.0 280.0 120.0 dajs
17036.0 24472.0 224.0 108.0 and
17315.0 24472.0 384.0 116.0 nU'ht"
17712.0 24547.0 24.0 52.0 ,
17787.0 24479.0 228.0 100.0 and
18068.0 24475.0 384.0 120.0 to-day
18540.0 24503.0 168.0 76.0 we
18816.0 24503.0 200.0 80.0 ran

16212.0 24620.0 400.0 100.0 ashore
16656.0 24643.0 148.0 76.0 on
16856.0 24624.0 188.0 96.0 the
17092.0 24616.0 552.0 108.0 Goodwin
17727.0 24616.0 408.0 104.0 Sands.
18280.0 24616.0 196.0 104.0 We
18556.0 24620.0 152.0 104.0 all
18796.0 24624.0 220.0 100.0 feel

16207.0 24763.0 244.0 104.0 that
16492.0 24759.0 188.0 104.0 the
16727.0 24759.0 448.0 128.0 captain
17228.0 24783.0 232.0 76.0 was
17508.0 24763.0 192.0 100.0 not
17772.0 24767.0 112.0 96.0 to
17947.0 24759.0 400.0 108.0 blame.
18363.0 24759.0 68.0 52.0 "

16332.0 24903.0 248.0 104.0 One
16628.0 24903.0 228.0 104.0 and
16923.0 24903.0 144.0 104.0 all
17119.0 24899.0 344.0 116.0 speak
17511.0 24903.0 124.0 100.0 of
17739.0 24899.0 192.0 104.0 the
18039.0 24907.0 316.0 108.0 great
18464.0 24903.0 564.0 108.0 kindness

16207.0 25047.0 396.0 104.0 shown
16780.0 25051.0 140.0 116.0 by
17088.0 25043.0 188.0 104.0 the
17383.0 25043.0 672.0 104.0 authorities
18143.0 25055.0 120.0 92.0 at
18419.0 25047.0 276.0 104.0 Deal
18796.0 25051.0 232.0 104.0 and

16212.0 25192.0 408.0 108.0 Dover.
16756.0 25188.0 100.0 108.0 It
16908.0 25183.0 96.0 108.0 Is
17052.0 25192.0 196.0 100.0 not
17296.0 25188.0 420.0 104.0 known
17807.0 25188.0 504.0 108.0 whether
18407.0 25192.0 192.0 100.0 thu
18671.0 25192.0 356.0 104.0 vessel

16212.0 25359.0 208.0 84.0 can
16480.0 25335.0 132.0 100.0 be
16660.0 25348.0 188.0 104.0 got
16896.0 25335.0 184.0 104.0 otf.
17211.0 25331.0 244.0 104.0 The
17508.0 25339.0 192.0 112.0 tog
17751.0 25355.0 228.0 76.0 was
18027.0 25331.0 236.0 104.0 still
18320.0 25355.0 260.0 96.0 very
18675.0 25339.0 356.0 100.0 dense

16216.0 25483.0 112.0 100.0 at
16379.0 25508.0 64.0 76.0 a
16495.0 25475.0 224.0 108.0 late
16759.0 25479.0 284.0 100.0 hour
17088.0 25471.0 216.0 108.0 last
17376.0 25471.0 352.0 124.0 night.

16335.0 25719.0 184.0 104.0 An
16580.0 25712.0 800.0 120.0 Investigation
17436.0 25716.0 120.0 100.0 of
17608.0 25712.0 184.0 104.0 the
17836.0 25735.0 336.0 80.0 cause
18223.0 25712.0 124.0 104.0 of
18416.0 25716.0 184.0 104.0 the
18651.0 25723.0 384.0 96.0 recent

16216.0 25831.0 360.0 108.0 floods
16648.0 25847.0 120.0 88.0 at
16851.0 25831.0 692.0 120.0 Moirisburg
17552.0 25903.0 24.0 40.0 ,
17632.0 25835.0 264.0 100.0 Ont.
17908.0 25903.0 28.0 36.0 .
18012.0 25831.0 136.0 120.0 by
18208.0 25831.0 364.0 104.0 which
18620.0 25835.0 420.0 120.0 575,000

16216.0 25951.0 476.0 104.0 damage
16740.0 25976.0 232.0 76.0 was
17020.0 25947.0 296.0 104.0 done
17324.0 26024.0 24.0 48.0 ,
17407.0 25947.0 424.0 100.0 rnveals
17920.0 25943.0 196.0 108.0 tlm
18204.0 25951.0 228.0 100.0 fact
18516.0 25951.0 248.0 100.0 that
18847.0 25951.0 188.0 104.0 the

16224.0 26067.0 160.0 104.0 Ice
16439.0 26067.0 356.0 104.0 which
16887.0 26072.0 404.0 100.0 caused
17388.0 26063.0 188.0 104.0 the
17664.0 26067.0 344.0 100.0 water
18100.0 26067.0 112.0 100.0 to
18280.0 26063.0 276.0 108.0 back
18603.0 26091.0 148.0 96.0 up
18799.0 26087.0 236.0 80.0 was

16216.0 26195.0 192.0 92.0 cut
16452.0 26184.0 220.0 100.0 and
16732.0 26184.0 400.0 100.0 lloated
17184.0 26184.0 140.0 120.0 by
17371.0 26180.0 628.0 116.0 smugglers
18092.0 26180.0 248.0 104.0 Into
18428.0 26207.0 68.0 72.0 a
18588.0 26207.0 448.0 80.0 n.iriovr

16216.0 26299.0 488.0 104.0 channel
16792.0 26303.0 120.0 96.0 of
17000.0 26303.0 188.0 100.0 the
17279.0 26299.0 292.0 100.0 river
17652.0 26307.0 116.0 92.0 to
17860.0 26299.0 292.0 100.0 form
18196.0 26319.0 148.0 80.0 an
18400.0 26295.0 168.0 104.0 Ice
18615.0 26295.0 412.0 124.0 bridge.

16219.0 26415.0 364.0 104.0 CorrL"
16584.0 26447.0 28.0 52.0 <
16628.0 26415.0 588.0 104.0 iondenco
17267.0 26415.0 92.0 100.0 N
17407.0 26436.0 260.0 80.0 now
17720.0 26411.0 460.0 124.0 passing
18247.0 26415.0 504.0 100.0 between
18852.0 26423.0 188.0 96.0 the

16240.0 26531.0 420.0 108.0 United
16748.0 26544.0 376.0 92.0 Slates
17231.0 26540.0 224.0 96.0 and
17567.0 26527.0 588.0 104.0 Canadian
18228.0 26540.0 812.0 108.0 governments

16224.0 26648.0 608.0 120.0 regarding
16880.0 26652.0 188.0 100.0 thu
17116.0 26663.0 400.0 88.0 matter
17519.0 26719.0 24.0 48.0 ,
17600.0 26644.0 228.0 108.0 and
17876.0 26648.0 432.0 104.0 several
18356.0 26655.0 412.0 96.0 arrests
18856.0 26675.0 188.0 76.0 are

16219.0 26767.0 540.0 124.0 expected
16800.0 26775.0 112.0 96.0 to
16964.0 26763.0 416.0 108.0 follow.

16347.0 27008.0 444.0 104.0 Mother
16828.0 27003.0 492.0 124.0 Angella
17332.0 27083.0 24.0 36.0 ,
17427.0 27031.0 220.0 76.0 ono
17712.0 27008.0 124.0 96.0 of
17944.0 27003.0 188.0 104.0 the
18223.0 27008.0 288.0 100.0 most
18627.0 26999.0 416.0 128.0 widely

16228.0 27123.0 424.0 104.0 known
16708.0 27151.0 428.0 76.0 women
17196.0 27127.0 116.0 104.0 in
17347.0 27123.0 220.0 104.0 this
17612.0 27127.0 480.0 116.0 country
18095.0 27195.0 28.0 36.0 ,
18176.0 27120.0 260.0 108.0 died
18484.0 27123.0 560.0 124.0 suddenly

16228.0 27251.0 116.0 92.0 at
16388.0 27243.0 160.0 104.0 Ht.
16604.0 27243.0 420.0 104.0 Mnr's
17107.0 27239.0 540.0 120.0 academy
17647.0 27311.0 28.0 44.0 ,
17787.0 27239.0 360.0 104.0 South
18276.0 27235.0 308.0 104.0 lieiul
18603.0 27311.0 24.0 40.0 ,
18748.0 27239.0 248.0 104.0 Ind.
19007.0 27307.0 32.0 44.0 .

16231.0 27359.0 588.0 116.0 vesterday
17008.0 27355.0 228.0 104.0 Sim
17284.0 27380.0 224.0 80.0 was
17560.0 27387.0 64.0 72.0 a
17680.0 27359.0 312.0 100.0 niece
18044.0 27359.0 124.0 92.0 of
18208.0 27351.0 504.0 104.0 Thomas
18808.0 27355.0 236.0 100.0 Kw-

16236.0 27476.0 196.0 120.0 Ing
16439.0 27551.0 24.0 44.0 ,
16516.0 27487.0 560.0 108.0 Decretory
17119.0 27484.0 116.0 92.0 ot
17324.0 27484.0 292.0 92.0 statu
17680.0 27476.0 364.0 100.0 under
18124.0 27471.0 584.0 104.0 President
18775.0 27467.0 232.0 108.0 Har

16231.0 27595.0 304.0 104.0 ilson
16556.0 27663.0 24.0 44.0 ,
16632.0 27595.0 228.0 100.0 and
16908.0 27623.0 64.0 72.0 a
17020.0 27615.0 392.0 80.0 cousin
17484.0 27599.0 116.0 92.0 ot
17647.0 27588.0 392.0 104.0 Jumes
18087.0 27591.0 40.0 96.0 (
18140.0 27591.0 40.0 96.0 !
18191.0 27659.0 24.0 36.0 .
18315.0 27588.0 408.0 104.0 lilaino
18811.0 27588.0 232.0 108.0 and

16231.0 27719.0 120.0 92.0 ot
16403.0 27711.0 188.0 100.0 tlm
16640.0 27715.0 428.0 100.0 vvltuot
17116.0 27707.0 476.0 104.0 General
17644.0 27707.0 596.0 108.0 Sherman.
18368.0 27707.0 224.0 100.0 She
18688.0 27731.0 228.0 76.0 was
18983.0 27736.0 60.0 76.0 a

16231.0 27827.0 496.0 104.0 member
16771.0 27835.0 120.0 96.0 ot
16943.0 27831.0 188.0 104.0 the
17196.0 27823.0 504.0 112.0 Catholic
17787.0 27851.0 68.0 84.0 o
17944.0 27823.0 176.0 112.0 Ur
18216.0 27827.0 124.0 100.0 of
18443.0 27823.0 192.0 104.0 the
18752.0 27819.0 288.0 132.0 Holy

19072.0 2616.0 820.0 232.0 SETTLED
19972.0 2620.0 488.0 236.0 WITH
20575.0 2628.0 116.0 232.0 A
20839.0 2624.0 1128.0 300.0 REVOLVER,1
21839.0 2804.0 44.0 120.0 ,

19063.0 3140.0 112.0 132.0 A
19247.0 3140.0 364.0 136.0 Little
19687.0 3148.0 348.0 132.0 Game
20156.0 3156.0 132.0 124.0 of
20396.0 3156.0 336.0 128.0 Draw
20844.0 3160.0 716.0 136.0 Terminates
21632.0 3160.0 108.0 136.0 in
21824.0 3208.0 76.0 88.0 a

20239.0 3336.0 492.0 132.0 Murder.

22279.0 3640.0 60.0 104.0 *

19075.0 3696.0 92.0 108.0 A
19307.0 3700.0 672.0 112.0 DAKOTA
20140.0 3708.0 700.0 112.0 COUNTY
21035.0 3712.0 840.0 124.0 TRAGEDY.

19080.0 4076.0 616.0 100.0 Drlillnnt
19779.0 4084.0 848.0 100.0 Cclchrnttnn
20744.0 4092.0 160.0 96.0 of
20987.0 4088.0 492.0 104.0 IJobert
21572.0 4088.0 312.0 104.0 Km-

19251.0 4248.0 388.0 96.0 mot's
19755.0 4248.0 656.0 124.0 Hlrthduy
20595.0 4256.0 180.0 120.0 Hy
20916.0 4272.0 228.0 84.0 the
21311.0 4264.0 380.0 96.0 Stnto

19384.0 4412.0 348.0 104.0 Irish
19812.0 4420.0 532.0 112.0 Ijoaijne
20480.0 4424.0 104.0 100.0 A
20643.0 4428.0 540.0 96.0 Cliurch
21248.0 4428.0 348.0 116.0 Split

19847.0 4592.0 424.0 92.0 Other
20343.0 4596.0 380.0 92.0 Stnto
20824.0 4592.0 308.0 100.0 Xevv
21144.0 4620.0 56.0 72.0 *
21207.0 4660.0 28.0 32.0 .

19796.0 4940.0 456.0 100.0 Killed
20316.0 4952.0 348.0 92.0 Over
20720.0 4948.0 344.0 100.0 Card
21088.0 4976.0 52.0 68.0 *
21151.0 5016.0 24.0 36.0 .
22267.0 4944.0 48.0 84.0 *

19203.0 5072.0 540.0 108.0 DAKOTA
19820.0 5076.0 276.0 104.0 Cnv
20132.0 5152.0 24.0 44.0 ,
20256.0 5080.0 276.0 104.0 Xeb.
20548.0 5152.0 28.0 40.0 .
20672.0 5080.0 380.0 108.0 Marcli
21171.0 5084.0 28.0 100.0 (
21228.0 5156.0 28.0 32.0 .
21412.0 5084.0 32.0 132.0 [
21459.0 5080.0 452.0 136.0 Special

19075.0 5216.0 588.0 116.0 Telegram
19723.0 5224.0 112.0 100.0 to
19927.0 5220.0 188.0 104.0 the
20215.0 5220.0 284.0 104.0 HER.
20524.0 5228.0 32.0 120.0 ]
20699.0 5224.0 460.0 104.0 Clinton
21263.0 5220.0 388.0 112.0 Xnrrls
21664.0 5304.0 24.0 44.0 ,
21780.0 5224.0 144.0 108.0 ot

19092.0 5356.0 416.0 108.0 Homer
19512.0 5436.0 24.0 36.0 ,
19595.0 5360.0 224.0 108.0 this
19864.0 5368.0 420.0 120.0 county
20295.0 5436.0 24.0 52.0 ,
20379.0 5392.0 232.0 76.0 was
20660.0 5364.0 248.0 108.0 shot
20999.0 5364.0 228.0 108.0 and
21340.0 5364.0 352.0 112.0 killed
21783.0 5348.0 148.0 128.0 at1

19075.0 5508.0 60.0 96.0 5
19196.0 5508.0 120.0 100.0 vO
19404.0 5532.0 100.0 96.0 p.
19595.0 5528.0 136.0 80.0 m.
19827.0 5532.0 48.0 96.0 )
19907.0 5504.0 520.0 124.0 ostorday
20520.0 5508.0 144.0 124.0 by
20752.0 5536.0 216.0 76.0 ouo
21016.0 5508.0 300.0 108.0 Xuto
21371.0 5512.0 380.0 124.0 Purdy
21756.0 5584.0 24.0 56.0 ,
21836.0 5540.0 72.0 80.0 a

19080.0 5668.0 392.0 96.0 MIIMW
19520.0 5672.0 256.0 80.0 man
19839.0 5644.0 356.0 112.0 living
20244.0 5672.0 144.0 80.0 on
20447.0 5652.0 184.0 104.0 the
20679.0 5648.0 708.0 120.0 Winiiebago
21424.0 5684.0 472.0 96.0 agency.

19080.0 5784.0 240.0 104.0 The
19399.0 5788.0 448.0 124.0 dispute
19956.0 5820.0 320.0 76.0 arose
20384.0 5820.0 268.0 76.0 over
20720.0 5824.0 64.0 76.0 a
20871.0 5824.0 324.0 96.0 game
21279.0 5796.0 124.0 104.0 of
21516.0 5800.0 348.0 124.0 poker
21863.0 5868.0 32.0 56.0 ,

19087.0 5931.0 356.0 100.0 winch
19539.0 5936.0 264.0 96.0 took
19895.0 5931.0 312.0 124.0 place
20287.0 5940.0 112.0 96.0 In
20500.0 5968.0 60.0 72.0 a
20636.0 5931.0 392.0 108.0 saloon
21127.0 5964.0 208.0 80.0 run
21439.0 5940.0 140.0 124.0 by
21632.0 5940.0 272.0 108.0 Cole

19092.0 6068.0 304.0 104.0 Lane
19443.0 6096.0 148.0 80.0 on
19648.0 6076.0 184.0 100.0 the
19883.0 6072.0 320.0 120.0 night
20244.0 6076.0 124.0 104.0 of
20444.0 6076.0 564.0 128.0 February
21059.0 6084.0 112.0 100.0 IP
21175.0 6156.0 24.0 36.0 ,
21255.0 6080.0 372.0 108.0 which
21712.0 6080.0 196.0 108.0 the

19084.0 6212.0 472.0 108.0 doomed
19672.0 6243.0 252.0 76.0 man
19944.0 6292.0 24.0 52.0 ,
20064.0 6216.0 176.0 108.0 his
20319.0 6220.0 444.0 108.0 brother
20860.0 6224.0 156.0 104.0 Kd
21032.0 6295.0 24.0 44.0 ,
21156.0 6224.0 184.0 108.0 thu
21388.0 6224.0 528.0 124.0 prisoner

19084.0 6356.0 220.0 104.0 and
19355.0 6356.0 380.0 104.0 Frank
19784.0 6364.0 556.0 108.0 Sampson
20396.0 6388.0 288.0 76.0 vveru
20735.0 6364.0 456.0 112.0 having.
21323.0 6364.0 244.0 108.0 The
21620.0 6392.0 244.0 80.0 mur-

19080.0 6499.0 320.0 100.0 derer
19447.0 6528.0 312.0 76.0 came
19808.0 6512.0 112.0 92.0 to
19975.0 6508.0 416.0 100.0 Homer
20435.0 6508.0 592.0 124.0 ji-sterday
21115.0 6512.0 224.0 100.0 and
21396.0 6532.0 228.0 80.0 was
21676.0 6512.0 232.0 104.0 met

19084.0 6636.0 144.0 124.0 by
19324.0 6640.0 160.0 100.0 L'd
19576.0 6640.0 392.0 104.0 Xorrls
19975.0 6716.0 24.0 40.0 ,
20096.0 6644.0 188.0 100.0 the
20360.0 6644.0 596.0 104.0 murdcied
21008.0 6652.0 364.0 96.0 man's
21420.0 6648.0 444.0 104.0 brother
21867.0 6720.0 32.0 44.0 ,

19092.0 6780.0 248.0 100.0 who
19392.0 6780.0 448.0 104.0 wanted
19888.0 6780.0 232.0 104.0 htm
20176.0 6792.0 108.0 92.0 to
20355.0 6792.0 396.0 96.0 retract
20844.0 6815.0 24.0 40.0 '
20904.0 6811.0 248.0 76.0 omo
21236.0 6792.0 672.0 100.0 statements

19092.0 6919.0 320.0 104.0 made
19460.0 6919.0 140.0 124.0 by
19656.0 6924.0 220.0 100.0 him
19895.0 6996.0 24.0 40.0 ,
19975.0 6919.0 364.0 108.0 which
20396.0 6928.0 136.0 100.0 hu
20604.0 6924.0 368.0 104.0 would
21067.0 6940.0 200.0 88.0 not
21359.0 6928.0 192.0 104.0 do.
21735.0 6928.0 176.0 108.0 Ed

19092.0 7056.0 260.0 112.0 then
19452.0 7068.0 304.0 96.0 went
19871.0 7075.0 116.0 92.0 to
20079.0 7060.0 172.0 108.0 his
20343.0 7064.0 456.0 104.0 brother
20871.0 7064.0 468.0 108.0 Clinton
21391.0 7064.0 232.0 108.0 and
21671.0 7068.0 240.0 104.0 told

19092.0 7200.0 228.0 104.0 him
19375.0 7204.0 84.0 100.0 If
19515.0 7204.0 308.0 104.0 there
19871.0 7231.0 228.0 76.0 was
20147.0 7231.0 228.0 100.0 any
20428.0 7208.0 560.0 104.0 manhood
21059.0 7212.0 340.0 100.0 about
21447.0 7208.0 228.0 104.0 him
21771.0 7208.0 140.0 104.0 ho

19092.0 7320.0 372.0 104.0 would
19559.0 7324.0 256.0 100.0 L'lvo
19919.0 7324.0 244.0 104.0 that
20275.0 7348.0 260.0 80.0 man
20640.0 7328.0 376.0 100.0 Pindv
21103.0 7352.0 64.0 72.0 a
21267.0 7328.0 604.0 112.0 thumping
21880.0 7396.0 28.0 52.0 ,

19092.0 7460.0 300.0 100.0 upon
19447.0 7439.0 364.0 104.0 which
19868.0 7439.0 136.0 100.0 he
20048.0 7444.0 384.0 100.0 armed
20515.0 7428.0 460.0 116.0 himself
21023.0 7439.0 276.0 104.0 with
21352.0 7439.0 564.0 108.0 knuckles

19087.0 7552.0 224.0 104.0 and
19404.0 7556.0 616.0 120.0 proceeded
20127.0 7568.0 116.0 92.0 to
20355.0 7560.0 188.0 100.0 the
20655.0 7560.0 288.0 116.0 drug
21032.0 7568.0 296.0 92.0 store
21444.0 7584.0 208.0 80.0 run
21771.0 7564.0 144.0 116.0 by

19092.0 7672.0 460.0 100.0 Charles
19760.0 7668.0 372.0 108.0 Curtis
20379.0 7676.0 224.0 100.0 ami
20836.0 7692.0 724.0 88.0 commenced
21788.0 7684.0 120.0 96.0 to

19092.0 7788.0 400.0 124.0 thump
19600.0 7788.0 300.0 104.0 Purd
19915.0 7816.0 44.0 92.0 )
19987.0 7860.0 28.0 32.0 .
20244.0 7788.0 248.0 104.0 The
20587.0 7792.0 328.0 100.0 latter
21023.0 7820.0 228.0 76.0 was
21364.0 7788.0 544.0 108.0 knocked

19084.0 7903.0 332.0 100.0 down
19435.0 7976.0 20.0 36.0 ,
19512.0 7903.0 224.0 104.0 and
19832.0 7903.0 332.0 104.0 while
20212.0 7932.0 140.0 76.0 on
20435.0 7903.0 172.0 104.0 his
20703.0 7907.0 348.0 104.0 knees
21144.0 7907.0 376.0 124.0 pulled
21572.0 7916.0 196.0 96.0 out
21836.0 7936.0 68.0 76.0 a

19084.0 8020.0 572.0 104.0 41-calibrc
19755.0 8020.0 332.0 104.0 Drills
20103.0 8024.0 20.0 100.0 !
20144.0 8048.0 24.0 72.0 )
20256.0 8024.0 456.0 120.0 bulldog
20800.0 8024.0 228.0 100.0 and
21175.0 8036.0 188.0 88.0 hot
21456.0 8020.0 412.0 108.0 Xorrls
21875.0 8096.0 28.0 48.0 ,

19087.0 8140.0 188.0 96.0 the
19324.0 8136.0 216.0 100.0 ball
19595.0 8140.0 492.0 104.0 stiikinu'
20140.0 8140.0 228.0 100.0 him
20476.0 8144.0 328.0 100.0 about
20863.0 8148.0 220.0 96.0 two
21136.0 8140.0 392.0 104.0 inches
21572.0 8152.0 116.0 92.0 to
21724.0 8144.0 188.0 100.0 the

19087.0 8256.0 208.0 100.0 loft
19339.0 8252.0 228.0 104.0 and
19612.0 8264.0 340.0 92.0 about
19999.0 8280.0 144.0 76.0 an
20203.0 8256.0 256.0 104.0 Inch
20515.0 8260.0 344.0 100.0 above
20928.0 8260.0 188.0 100.0 thu
21163.0 8264.0 368.0 96.0 navel.
21664.0 8256.0 248.0 104.0 The

19084.0 8371.0 272.0 116.0 only
19467.0 8380.0 372.0 92.0 woids
19924.0 8371.0 432.0 116.0 spoken
20452.0 8375.0 144.0 96.0 bv
20708.0 8375.0 188.0 100.0 the
20987.0 8371.0 556.0 104.0 wounded
21640.0 8400.0 268.0 88.0 wan

19087.0 8508.0 288.0 76.0 weie
19384.0 8560.0 20.0 40.0 ,
19512.0 8492.0 64.0 44.0 "
19600.0 8488.0 32.0 96.0 1
19687.0 8512.0 176.0 76.0 am
19919.0 8496.0 240.0 92.0 "tint
20176.0 8560.0 24.0 44.0 ,
20215.0 8484.0 68.0 56.0 "
20340.0 8492.0 224.0 100.0 and
20664.0 8488.0 136.0 100.0 hu
20895.0 8488.0 764.0 120.0 Immediately
21712.0 8475.0 204.0 120.0 tell

19084.0 8600.0 336.0 100.0 down
19476.0 8600.0 316.0 104.0 dead.
19924.0 8604.0 240.0 100.0 The
20207.0 8608.0 576.0 96.0 murdeier
20832.0 8631.0 228.0 72.0 was
21100.0 8608.0 264.0 100.0 then
21415.0 8608.0 504.0 116.0 pursued

19087.0 8720.0 140.0 116.0 by
19328.0 8716.0 196.0 104.0 lal.
19583.0 8716.0 388.0 104.0 Xnrrls
19980.0 8796.0 24.0 36.0 ,
20064.0 8720.0 192.0 100.0 hut
20348.0 8720.0 392.0 104.0 locked
20836.0 8724.0 448.0 100.0 htmselt
21383.0 8748.0 152.0 84.0 up
21623.0 8724.0 112.0 96.0 In
21836.0 8748.0 68.0 76.0 a

19092.0 8856.0 308.0 76.0 loom
19508.0 8836.0 224.0 96.0 ntul
19844.0 8836.0 660.0 104.0 afterwards
20572.0 8836.0 556.0 104.0 delivered
21248.0 8836.0 464.0 104.0 himself
21792.0 8839.0 120.0 100.0 tea

19092.0 8976.0 64.0 68.0 a
19200.0 8943.0 408.0 124.0 justlco
19656.0 8947.0 124.0 96.0 of
19827.0 8952.0 188.0 100.0 the
20067.0 8976.0 356.0 96.0 peace.
20560.0 8956.0 492.0 100.0 Coroner
21132.0 8952.0 328.0 104.0 Hates
21516.0 8976.0 228.0 80.0 was
21792.0 8960.0 120.0 96.0 at

19087.0 9088.0 100.0 76.0 o.
19256.0 9088.0 116.0 72.0 "o
19464.0 9064.0 456.0 100.0 notified
19936.0 9136.0 24.0 44.0 ,
20011.0 9068.0 224.0 96.0 and
20331.0 9068.0 92.0 100.0 is
20512.0 9092.0 240.0 76.0 now
20824.0 9068.0 472.0 108.0 holding
21371.0 9076.0 192.0 96.0 the
21611.0 9080.0 304.0 112.0 post-

19096.0 9203.0 216.0 72.0 nun
19339.0 9188.0 216.0 92.0 tern
19571.0 9252.0 24.0 40.0 ,
19651.0 9180.0 336.0 100.0 while
20067.0 9184.0 184.0 96.0 the
20340.0 9180.0 472.0 104.0 licensed
20887.0 9188.0 92.0 96.0 is
21071.0 9188.0 112.0 96.0 in
21243.0 9188.0 188.0 96.0 the
21475.0 9196.0 436.0 104.0 county

19087.0 9292.0 208.0 124.0 jail
19384.0 9300.0 112.0 96.0 at
19592.0 9292.0 228.0 100.0 this
19912.0 9296.0 344.0 120.0 place.
20388.0 9300.0 244.0 100.0 The
20711.0 9300.0 588.0 104.0 murdeied
21359.0 9328.0 256.0 76.0 man
21676.0 9324.0 240.0 84.0 was

19092.0 9411.0 336.0 96.0 about
19544.0 9411.0 620.0 100.0 thlit-llvu
20272.0 9440.0 328.0 92.0 years
20672.0 9420.0 116.0 92.0 of
20899.0 9444.0 200.0 88.0 ago
21112.0 9492.0 24.0 44.0 ,
21212.0 9415.0 228.0 104.0 and
21555.0 9444.0 228.0 76.0 was
21851.0 9444.0 68.0 76.0 a

19099.0 9528.0 868.0 96.0 harnesstnaker
20031.0 9528.0 140.0 116.0 by
20284.0 9532.0 348.0 100.0 trade.
20771.0 9528.0 172.0 104.0 He
21056.0 9532.0 376.0 104.0 leaves
21500.0 9560.0 64.0 72.0 a
21643.0 9532.0 280.0 104.0 wife

19096.0 9640.0 228.0 100.0 and
19380.0 9648.0 220.0 92.0 two
19648.0 9640.0 548.0 104.0 children.

19328.0 9879.0 272.0 96.0 llio
19663.0 9883.0 516.0 92.0 rmmet
20244.0 9883.0 696.0 96.0 Memorial
21028.0 9879.0 640.0 116.0 Mcotine.

19220.0 10016.0 568.0 104.0 LINCOLN'
19796.0 10091.0 24.0 40.0 ,
19912.0 10016.0 276.0 108.0 Xeb.
20207.0 10091.0 24.0 52.0 ,
20331.0 10020.0 380.0 104.0 March
20803.0 10028.0 84.0 96.0 4.
21040.0 10031.0 20.0 116.0 [
21083.0 10020.0 440.0 128.0 Special
21611.0 10024.0 272.0 104.0 Tele-

19092.0 10187.0 308.0 96.0 gram
19515.0 10168.0 112.0 96.0 to
19735.0 10168.0 192.0 100.0 the
20043.0 10160.0 284.0 108.0 Uir.
20180.0 10187.0 28.0 80.0 :
20343.0 10160.0 36.0 128.0 ]
20524.0 10168.0 152.0 100.0 At
20728.0 10168.0 192.0 100.0 tlio
20964.0 10164.0 440.0 108.0 Kmmet
21463.0 10191.0 420.0 80.0 memor-

19099.0 10304.0 140.0 100.0 ial
19355.0 10299.0 496.0 128.0 meeting
19960.0 10304.0 256.0 104.0 held
20268.0 10304.0 228.0 104.0 this
20583.0 10316.0 604.0 96.0 afteiuoon
21304.0 10308.0 364.0 104.0 under
21724.0 10316.0 196.0 100.0 the

19092.0 10447.0 508.0 124.0 auspices
19711.0 10455.0 108.0 92.0 ol
19883.0 10447.0 184.0 100.0 the
20171.0 10447.0 284.0 104.0 Irish
20548.0 10447.0 544.0 104.0 National
21187.0 10451.0 392.0 112.0 league
21623.0 10455.0 300.0 100.0 state

19092.0 10588.0 684.0 104.0 convention
19796.0 10663.0 24.0 48.0 ,
19888.0 10588.0 488.0 104.0 I'unke's
20423.0 10616.0 336.0 96.0 opera
20807.0 10596.0 344.0 100.0 house
21204.0 10620.0 228.0 76.0 was
21483.0 10596.0 436.0 120.0 packed

19096.0 10748.0 112.0 84.0 to
19256.0 10736.0 188.0 100.0 thu
19527.0 10732.0 328.0 104.0 doois
19907.0 10732.0 268.0 104.0 with
20224.0 10763.0 220.0 72.0 one
20491.0 10736.0 120.0 100.0 of
20708.0 10732.0 184.0 104.0 tlio
20943.0 10744.0 280.0 96.0 most
21279.0 10736.0 648.0 124.0 Intelligent

19096.0 10876.0 620.0 104.0 audiences
19823.0 10876.0 244.0 100.0 that
20152.0 10904.0 264.0 76.0 over
20500.0 10876.0 624.0 104.0 assembled
21236.0 10880.0 112.0 100.0 In
21439.0 10880.0 484.0 104.0 Lincoln

19096.0 11027.0 224.0 92.0 and
19372.0 11019.0 544.0 116.0 standing
19968.0 11044.0 304.0 76.0 room
20379.0 11019.0 744.0 104.0 commanded
21175.0 11052.0 64.0 72.0 a
21328.0 11023.0 592.0 112.0 piemluui.

19096.0 11156.0 240.0 104.0 The
19380.0 11164.0 312.0 116.0 stage
19743.0 11183.0 228.0 80.0 was
20023.0 11156.0 296.0 104.0 ullcd
20376.0 11160.0 268.0 104.0 with
20696.0 11160.0 652.0 124.0 prominent
21456.0 11160.0 472.0 104.0 citizens

19096.0 11304.0 120.0 96.0 of
19264.0 11300.0 184.0 104.0 thu
19491.0 11308.0 288.0 96.0 state
19784.0 11376.0 28.0 44.0 ,
19868.0 11300.0 588.0 124.0 including
20568.0 11300.0 592.0 104.0 President
21255.0 11300.0 624.0 128.0 Flt/gerald
21896.0 11376.0 24.0 52.0 ,

19111.0 11439.0 292.0 104.0 Hon.
19447.0 11439.0 448.0 104.0 Patilck
19948.0 11443.0 1032.0 112.0 Kacan.Goveinor
21008.0 11443.0 312.0 100.0 John
21371.0 11443.0 556.0 120.0 M.Thay-

19104.0 11584.0 116.0 72.0 er
19227.0 11632.0 24.0 40.0 ,
19355.0 11560.0 484.0 120.0 Speakei
19972.0 11560.0 412.0 104.0 llailan
20403.0 11632.0 24.0 44.0 ,
20536.0 11560.0 292.0 100.0 Hon.
20924.0 11560.0 128.0 104.0 T.
21112.0 11560.0 160.0 104.0 M.
21371.0 11560.0 572.0 128.0 Marquott

19104.0 11672.0 228.0 104.0 and
19420.0 11703.0 60.0 72.0 a
19532.0 11672.0 304.0 104.0 lariro
19924.0 11676.0 472.0 100.0 number
20464.0 11680.0 120.0 96.0 of
20628.0 11680.0 544.0 96.0 members
21255.0 11680.0 124.0 96.0 of
21427.0 11680.0 260.0 100.0 both
21744.0 11660.0 196.0 120.0 the

19108.0 11796.0 392.0 92.0 senate
19547.0 11792.0 224.0 100.0 and
19827.0 11792.0 344.0 100.0 housu
20260.0 11792.0 224.0 100.0 and
20539.0 11792.0 284.0 104.0 clem
20839.0 11816.0 44.0 92.0 )
20919.0 11816.0 252.0 76.0 men
21216.0 11796.0 124.0 96.0 of
21403.0 11792.0 548.0 104.0 dlffuienC

19128.0 11903.0 968.0 104.0 denominations
20236.0 11903.0 260.0 108.0 Kev.
20575.0 11911.0 424.0 116.0 George
21056.0 11907.0 180.0 104.0 W.
21304.0 11907.0 432.0 124.0 Pepper
21732.0 11984.0 24.0 40.0 ,
21816.0 11911.0 128.0 100.0 of

19123.0 12024.0 288.0 100.0 Ohio
19423.0 12096.0 24.0 40.0 ,
19508.0 12048.0 224.0 76.0 was
19784.0 12028.0 188.0 96.0 the
20019.0 12024.0 552.0 120.0 principal
20640.0 12028.0 484.0 116.0 speaker
21163.0 12032.0 116.0 92.0 ot
21359.0 12032.0 188.0 96.0 the
21596.0 12052.0 284.0 80.0 even

19116.0 12136.0 220.0 108.0 ing.
19479.0 12136.0 172.0 104.0 He
19699.0 12163.0 280.0 92.0 gave
20076.0 12163.0 216.0 76.0 one
20343.0 12148.0 120.0 92.0 of
20575.0 12144.0 184.0 100.0 thu
20815.0 12156.0 284.0 84.0 most
21148.0 12144.0 536.0 120.0 eloquent
21727.0 12144.0 192.0 100.0 ad-

19111.0 12256.0 436.0 100.0 diesscs
19711.0 12279.0 296.0 96.0 upon
20152.0 12256.0 404.0 100.0 Hobcit
20687.0 12256.0 432.0 100.0 Kmmct
21132.0 12331.0 28.0 44.0 ,
21308.0 12267.0 192.0 92.0 the
21632.0 12260.0 292.0 100.0 Irish

19116.0 12371.0 400.0 120.0 pitiiot
19532.0 12444.0 24.0 40.0 ,
19619.0 12371.0 236.0 100.0 that
19944.0 12400.0 64.0 72.0 a
20103.0 12371.0 472.0 100.0 Lincoln
20672.0 12375.0 552.0 100.0 audluiicu
21304.0 12400.0 264.0 76.0 over
21647.0 12400.0 284.0 100.0 gave

19111.0 12487.0 272.0 100.0 theli
19484.0 12487.0 564.0 100.0 attention
20147.0 12496.0 140.0 96.0 to.
20428.0 12487.0 172.0 104.0 Hu
20684.0 12492.0 356.0 116.0 spoke
21136.0 12487.0 176.0 100.0 for
21396.0 12516.0 272.0 76.0 over
21771.0 12516.0 152.0 76.0 an

19116.0 12604.0 260.0 100.0 horn
19399.0 12676.0 24.0 36.0 ,
19479.0 12608.0 220.0 96.0 and
19755.0 12608.0 176.0 96.0 his
20019.0 12604.0 400.0 120.0 spcich
20480.0 12631.0 228.0 72.0 was
20803.0 12631.0 144.0 72.0 an
21044.0 12608.0 440.0 100.0 oration
21504.0 12680.0 24.0 40.0 ,
21579.0 12631.0 344.0 92.0 every

19111.0 12720.0 316.0 116.0 point
19476.0 12720.0 496.0 116.0 bnngini
19972.0 12747.0 40.0 76.0 :
20088.0 12728.0 188.0 92.0 out
20331.0 12724.0 184.0 100.0 the
20572.0 12728.0 284.0 92.0 most
20899.0 12720.0 756.0 104.0 enthusiastic
21703.0 12747.0 140.0 96.0 ap-

19111.0 12839.0 388.0 120.0 plause
19503.0 12908.0 24.0 28.0 ,
19663.0 12843.0 36.0 88.0 (
19723.0 12843.0 500.0 92.0 ioveruoi
20280.0 12836.0 428.0 124.0 Thayei
20791.0 12839.0 224.0 100.0 and
21112.0 12839.0 384.0 100.0 others
21539.0 12839.0 372.0 100.0 added

19111.0 12968.0 108.0 84.0 to
19268.0 12955.0 184.0 96.0 tlio
19500.0 12955.0 292.0 116.0 topic
19835.0 12951.0 124.0 100.0 of
20067.0 12955.0 184.0 96.0 tlio
20295.0 12955.0 496.0 112.0 evening
20892.0 12955.0 268.0 100.0 with
21243.0 12951.0 368.0 104.0 woids
21664.0 12960.0 248.0 96.0 that

19116.0 13092.0 284.0 76.0 were
19491.0 13068.0 540.0 120.0 cordially
20115.0 13068.0 504.0 104.0 icccivcd
20631.0 13144.0 24.0 48.0 ,
20747.0 13072.0 228.0 100.0 and
21095.0 13068.0 184.0 104.0 thu
21396.0 13076.0 496.0 108.0 meeting

19116.0 13207.0 224.0 76.0 was
19420.0 13207.0 216.0 76.0 onu
19723.0 13196.0 240.0 92.0 that
20052.0 13184.0 116.0 104.0 in
20260.0 13211.0 332.0 96.0 every
20640.0 13200.0 432.0 108.0 icspect
21163.0 13211.0 228.0 76.0 was
21451.0 13215.0 68.0 72.0 a
21587.0 13196.0 316.0 104.0 great

19111.0 13324.0 468.0 80.0 success.

19639.0 13527.0 96.0 84.0 A
19796.0 13515.0 528.0 116.0 ISaptist
20379.0 13515.0 552.0 96.0 Church
21008.0 13519.0 392.0 116.0 Split.

19227.0 13656.0 460.0 100.0 Guv.NO
19743.0 13656.0 480.0 100.0 ISLAND
20236.0 13731.0 24.0 44.0 ,
20316.0 13652.0 276.0 104.0 Xeb.
20611.0 13727.0 28.0 48.0 ,
20696.0 13656.0 376.0 104.0 March
21159.0 13660.0 108.0 100.0 4.
21424.0 13656.0 32.0 124.0 [
21471.0 13652.0 452.0 128.0 Special

19111.0 13800.0 116.0 96.0 to
19271.0 13796.0 184.0 100.0 the
19512.0 13796.0 344.0 124.0 UEE.J
19996.0 13796.0 244.0 100.0 The
20299.0 13796.0 440.0 112.0 Baptist
20788.0 13796.0 432.0 120.0 society
21260.0 13800.0 124.0 96.0 of
21432.0 13800.0 232.0 96.0 this
21700.0 13796.0 232.0 120.0 city

19184.0 13935.0 196.0 120.0 plit
19428.0 13935.0 212.0 100.0 last
19692.0 13935.0 328.0 124.0 night
20064.0 13960.0 144.0 76.0 on
20260.0 13935.0 196.0 104.0 the
20500.0 13935.0 524.0 124.0 question
21076.0 13939.0 124.0 92.0 ot
21267.0 13935.0 660.0 120.0 employing

19184.0 14080.0 208.0 96.0 lev.
19488.0 14076.0 108.0 100.0 J.
19656.0 14076.0 144.0 104.0 11.
19852.0 14076.0 440.0 100.0 Storms
20336.0 14104.0 124.0 76.0 as
20507.0 14076.0 296.0 100.0 their
20851.0 14080.0 384.0 112.0 pastor
21275.0 14076.0 168.0 100.0 foi
21507.0 14072.0 184.0 104.0 thu
21744.0 14099.0 196.0 80.0 en-

19152.0 14272.0 20.0 48.0 >
19184.0 14216.0 280.0 124.0 ulng
19508.0 14243.0 264.0 92.0 year
19776.0 14291.0 24.0 44.0 ,
19856.0 14216.0 788.0 124.0 commencing
20687.0 14216.0 384.0 108.0 March
21127.0 14220.0 80.0 100.0 1.
21316.0 14216.0 632.0 124.0 Forty-two

19164.0 14376.0 508.0 84.0 nembers
19723.0 14355.0 588.0 104.0 withdrew
20355.0 14359.0 224.0 100.0 and
20636.0 14359.0 224.0 100.0 met
20892.0 14368.0 116.0 92.0 at
21044.0 14355.0 192.0 104.0 the
21272.0 14380.0 628.0 104.0 parsonage
21899.0 14428.0 36.0 52.0 ,

19120.0 14476.0 224.0 100.0 and
19404.0 14476.0 228.0 100.0 will
19680.0 14476.0 452.0 120.0 employ
20176.0 14472.0 284.0 104.0 Itev.
20512.0 14476.0 204.0 100.0 Mr.
20771.0 14472.0 476.0 104.0 Storms.
21379.0 14476.0 244.0 100.0 The
21715.0 14476.0 244.0 104.0 bal--

19120.0 14611.0 280.0 76.0 nice
19440.0 14596.0 116.0 92.0 ot
19607.0 14592.0 188.0 100.0 the
19839.0 14588.0 808.0 112.0 con-TO-ration
20744.0 14588.0 260.0 104.0 held
21112.0 14588.0 296.0 100.0 their
21487.0 14588.0 444.0 100.0 session

19120.0 14715.0 112.0 88.0 it
19280.0 14707.0 188.0 96.0 the
19512.0 14704.0 412.0 104.0 church
19972.0 14704.0 224.0 100.0 and
20251.0 14707.0 224.0 96.0 will
20527.0 14692.0 448.0 136.0 employ
21020.0 14707.0 480.0 96.0 another
21548.0 14700.0 348.0 108.0 minis
21904.0 14744.0 60.0 44.0 *

19167.0 14844.0 164.0 76.0 er.
19467.0 14819.0 364.0 100.0 Theie
19883.0 14819.0 92.0 100.0 Is
20023.0 14827.0 116.0 88.0 to
20188.0 14823.0 128.0 96.0 be
20364.0 14848.0 68.0 72.0 a
20480.0 14819.0 488.0 100.0 division
21023.0 14823.0 124.0 96.0 of
21240.0 14823.0 188.0 96.0 the
21516.0 14819.0 444.0 116.0 church

19159.0 14952.0 516.0 104.0 iropTty.
19728.0 14936.0 228.0 100.0 and
20004.0 14936.0 324.0 100.0 thosn
20432.0 14936.0 536.0 120.0 seceding
21056.0 14936.0 232.0 100.0 will
21403.0 14936.0 556.0 120.0 probably

19164.0 15052.0 220.0 100.0 mid
19435.0 15056.0 484.0 96.0 scivices
20007.0 15075.0 144.0 76.0 on
20268.0 15048.0 188.0 104.0 the
20560.0 15052.0 360.0 100.0 South
21032.0 15052.0 316.0 104.0 Side.
21492.0 15056.0 164.0 96.0 As
21744.0 15056.0 196.0 96.0 the

19176.0 15168.0 376.0 120.0 euling
19604.0 15168.0 216.0 100.0 had
19871.0 15172.0 448.0 96.0 become
20367.0 15196.0 120.0 72.0 so
20536.0 15168.0 512.0 120.0 strongly
21136.0 15168.0 488.0 120.0 positive
21703.0 15168.0 228.0 100.0 this

19159.0 15287.0 404.0 96.0 .cemed
19159.0 15339.0 12.0 32.0 .
19619.0 15291.0 116.0 92.0 to
19784.0 15287.0 128.0 96.0 bo
19960.0 15287.0 188.0 96.0 the
20195.0 15283.0 272.0 120.0 only
20515.0 15312.0 248.0 96.0 way
20815.0 15287.0 112.0 96.0 in
20984.0 15279.0 372.0 108.0 which
21408.0 15291.0 116.0 92.0 to
21604.0 15287.0 336.0 96.0 settle

19179.0 15408.0 132.0 92.0 he
19363.0 15408.0 380.0 92.0 mattei
19760.0 15476.0 28.0 32.0 ,
19839.0 15408.0 184.0 112.0 yet
20076.0 15404.0 84.0 96.0 it
20207.0 15420.0 364.0 80.0 seems
20619.0 15424.0 64.0 76.0 a
20783.0 15404.0 532.0 116.0 calamity
21424.0 15408.0 112.0 96.0 to
21640.0 15404.0 316.0 100.0 what

19164.0 15543.0 160.0 72.0 tas
19452.0 15516.0 272.0 100.0 been
19839.0 15524.0 188.0 92.0 the
20111.0 15524.0 292.0 96.0 most
20503.0 15520.0 364.0 100.0 active
20972.0 15520.0 228.0 96.0 and
21304.0 15516.0 628.0 104.0 successful

19123.0 15636.0 416.0 96.0 church
19592.0 15636.0 120.0 100.0 In
19764.0 15636.0 188.0 100.0 the
19996.0 15632.0 280.0 124.0 city.

19544.0 15876.0 396.0 92.0 H.iirn
20011.0 15888.0 136.0 76.0 to
20219.0 15900.0 80.0 68.0 n
20411.0 15872.0 408.0 96.0 Small
20899.0 15872.0 632.0 104.0 Fortune.

19268.0 16007.0 832.0 108.0 WFsrPoi.M1
20103.0 16084.0 24.0 40.0 ,
20183.0 16007.0 276.0 108.0 Xeb.
20476.0 16084.0 24.0 48.0 ,
20592.0 16011.0 384.0 104.0 March
21020.0 16015.0 92.0 100.0 4.
21260.0 16011.0 32.0 128.0 [
21308.0 16011.0 444.0 124.0 Special
21843.0 16023.0 120.0 92.0 to
22311.0 16063.0 28.0 68.0 <
22344.0 16015.0 8.0 124.0 j

19184.0 16156.0 136.0 100.0 liu
19368.0 16152.0 344.0 128.0 UBK.J
19852.0 16156.0 376.0 100.0 About
20319.0 16156.0 208.0 100.0 live
20572.0 16179.0 324.0 92.0 years
20984.0 16179.0 208.0 92.0 ago
21231.0 16179.0 64.0 72.0 a
21344.0 16179.0 260.0 76.0 man
21664.0 16152.0 272.0 108.0 died

19179.0 16323.0 68.0 72.0 n
19304.0 16296.0 224.0 104.0 this
19571.0 16300.0 452.0 108.0 county.
20159.0 16292.0 176.0 104.0 Ho
20388.0 16319.0 228.0 76.0 was
20664.0 16323.0 64.0 72.0 a
20776.0 16296.0 300.0 124.0 quiet
21091.0 16368.0 28.0 48.0 ,
21168.0 16292.0 532.0 108.0 secluded
21747.0 16296.0 192.0 104.0 old

19132.0 16439.0 544.0 100.0 bachelor.
19815.0 16435.0 216.0 104.0 His
20076.0 16464.0 528.0 76.0 sinnamo
20655.0 16464.0 228.0 76.0 was
20931.0 16435.0 436.0 116.0 Moejal
21383.0 16512.0 24.0 44.0 ,
21483.0 16439.0 228.0 100.0 and
21792.0 16435.0 148.0 104.0 ho

19184.0 16579.0 432.0 124.0 ejoici-d
19668.0 16579.0 116.0 100.0 in
19839.0 16583.0 184.0 96.0 the
20067.0 16579.0 552.0 104.0 cluistian
20676.0 16604.0 328.0 80.0 name
21052.0 16579.0 124.0 100.0 of
21231.0 16572.0 432.0 128.0 Henry.
21768.0 16579.0 180.0 104.0 Ho

19176.0 16728.0 160.0 96.0 ett
19380.0 16720.0 432.0 104.0 seveial
19876.0 16724.0 568.0 100.0 tlioiHind
20491.0 16708.0 456.0 116.0 dollars.
21108.0 16716.0 184.0 108.0 Xo
21335.0 16747.0 220.0 76.0 ono
21608.0 16720.0 336.0 108.0 knew

19132.0 16839.0 120.0 100.0 of
19312.0 16864.0 228.0 96.0 any
19592.0 16839.0 332.0 100.0 heirs.
20120.0 16839.0 244.0 104.0 The
20480.0 16847.0 332.0 108.0 thing
20860.0 16843.0 296.0 116.0 Mopt
21243.0 16839.0 180.0 100.0 for
21512.0 16851.0 436.0 92.0 several

19132.0 16984.0 48.0 92.0 )
19208.0 16980.0 244.0 76.0 C.us
19464.0 17032.0 24.0 36.0 ,
19680.0 16959.0 108.0 96.0 A
19839.0 16984.0 44.0 88.0 )
19912.0 16980.0 196.0 76.0 car
20147.0 16984.0 212.0 76.0 nso
20411.0 16959.0 220.0 96.0 last
20672.0 16964.0 512.0 108.0 January
21240.0 16955.0 432.0 120.0 Uiyant
21679.0 17032.0 28.0 44.0 ,
21759.0 16955.0 192.0 100.0 the

19176.0 17080.0 412.0 96.0 ireseut
19631.0 17080.0 424.0 112.0 county
20140.0 17076.0 348.0 120.0 judge
20500.0 17144.0 24.0 44.0 ,
20583.0 17072.0 600.0 108.0 Instituted
21267.0 17099.0 144.0 72.0 an
21475.0 17076.0 464.0 100.0 invest-
21860.0 17076.0 28.0 96.0 !

19167.0 17192.0 344.0 104.0 ration
19527.0 17263.0 28.0 40.0 ,
19616.0 17188.0 364.0 104.0 which
20064.0 17172.0 492.0 120.0 resulted
20667.0 17192.0 116.0 100.0 in
20880.0 17192.0 188.0 100.0 the
21156.0 17188.0 588.0 120.0 discovery
21831.0 17196.0 112.0 96.0 ol

19179.0 17307.0 256.0 96.0 lelrs
19484.0 17307.0 112.0 96.0 In
19656.0 17303.0 500.0 104.0 Dresden
20176.0 17379.0 24.0 44.0 ,
20256.0 17307.0 608.0 116.0 Germany.
21064.0 17303.0 612.0 108.0 Frederick
21771.0 17303.0 172.0 116.0 Wi.

19144.0 17423.0 488.0 100.0 Melcher
19639.0 17496.0 24.0 52.0 ,
19716.0 17423.0 124.0 100.0 of
19907.0 17423.0 428.0 100.0 Omaha
20348.0 17496.0 24.0 44.0 ,
20435.0 17423.0 92.0 100.0 is
20580.0 17427.0 184.0 96.0 thu
20803.0 17436.0 560.0 92.0 executor.

19399.0 17667.0 100.0 92.0 A
19576.0 17664.0 924.0 96.0 Schoolmnrin
20583.0 17664.0 424.0 116.0 Badly
21088.0 17664.0 608.0 116.0 Injured.

19259.0 17804.0 672.0 100.0 Coi.uvini's
19944.0 17875.0 24.0 48.0 ,
20023.0 17800.0 276.0 104.0 Xeb.
20316.0 17872.0 28.0 52.0 ,
20403.0 17800.0 380.0 104.0 March
20832.0 17808.0 104.0 96.0 4.
21091.0 17808.0 32.0 120.0 [
21136.0 17800.0 444.0 124.0 Special
21647.0 17800.0 336.0 104.0 Tele-

19135.0 17972.0 316.0 88.0 giam
19556.0 17956.0 112.0 88.0 to
19755.0 17943.0 188.0 100.0 the
20031.0 17939.0 352.0 124.0 BEE.I
20532.0 17939.0 268.0 104.0 Last
20887.0 17943.0 496.0 124.0 evening
21468.0 17968.0 128.0 80.0 as
21700.0 17943.0 280.0 104.0 Miss

19155.0 18083.0 376.0 108.0 Annie
19583.0 18080.0 344.0 128.0 Unify
19975.0 18112.0 232.0 76.0 was
20251.0 18083.0 460.0 120.0 driving
20800.0 18103.0 328.0 84.0 Home
21200.0 18087.0 292.0 100.0 from
21579.0 18083.0 388.0 108.0 school

19144.0 18255.0 272.0 76.0 near
19443.0 18228.0 272.0 104.0 Lost
19752.0 18228.0 352.0 108.0 Creek
20140.0 18228.0 368.0 104.0 where
20544.0 18232.0 196.0 100.0 she
20771.0 18228.0 100.0 104.0 Is
20904.0 18228.0 532.0 120.0 teaching
21444.0 18303.0 24.0 40.0 ,
21507.0 18239.0 196.0 92.0 she
21739.0 18255.0 236.0 80.0 was

19164.0 18372.0 140.0 100.0 tin
19331.0 18395.0 256.0 76.0 own
19687.0 18372.0 288.0 100.0 from
20072.0 18372.0 192.0 100.0 her
20343.0 18372.0 376.0 116.0 buggy
20728.0 18444.0 28.0 40.0 ,
20848.0 18376.0 192.0 100.0 the
21127.0 18372.0 332.0 104.0 horsu
21567.0 18372.0 408.0 120.0 taking

19164.0 18488.0 364.0 112.0 Fright.
19663.0 18488.0 276.0 100.0 Miss
19999.0 18488.0 336.0 120.0 Unify
20384.0 18492.0 592.0 100.0 sustained
21020.0 18515.0 384.0 76.0 suvcrn
21456.0 18488.0 476.0 124.0 Injuries
21935.0 18563.0 32.0 48.0 ,

19164.0 18623.0 172.0 84.0 imv
19372.0 18607.0 196.0 96.0 inir
19612.0 18603.0 260.0 100.0 both
19876.0 18704.0 32.0 32.0 ,
19956.0 18632.0 300.0 84.0 arms
20299.0 18603.0 428.0 104.0 bioken
20783.0 18603.0 232.0 104.0 and
21088.0 18603.0 668.0 108.0 contusions
21819.0 18632.0 164.0 80.0 on

19147.0 18723.0 200.0 100.0 her
19399.0 18723.0 292.0 100.0 head
19740.0 18719.0 228.0 104.0 and
20031.0 18723.0 404.0 104.0 breast.

19767.0 18960.0 256.0 96.0 Aid
20103.0 18960.0 212.0 100.0 for
20384.0 18987.0 84.0 68.0 n
20539.0 18964.0 304.0 96.0 New
20912.0 18960.0 420.0 100.0 Itoad.

19268.0 19095.0 672.0 104.0 FAIIIMONT
19944.0 19172.0 24.0 36.0 ,
20028.0 19095.0 276.0 104.0 Xeb.
20316.0 19172.0 32.0 48.0 ,
20403.0 19100.0 384.0 100.0 March
20875.0 19104.0 56.0 92.0 4
20940.0 19175.0 24.0 36.0 ,
21108.0 19095.0 488.0 120.0 fSpeclal
21655.0 19100.0 276.0 108.0 Tele-

19140.0 19268.0 312.0 92.0 gram
19500.0 19247.0 116.0 96.0 to
19663.0 19239.0 188.0 104.0 the
19900.0 19235.0 292.0 108.0 UKK.
20212.0 19239.0 36.0 124.0 ]
20399.0 19239.0 576.0 104.0 Fairmont
21020.0 19243.0 476.0 100.0 clti/cns
21551.0 19268.0 192.0 80.0 are
21788.0 19268.0 140.0 80.0 ex-

19140.0 19383.0 300.0 104.0 cited
19484.0 19407.0 260.0 80.0 over
19844.0 19383.0 188.0 104.0 the
20120.0 19391.0 512.0 116.0 prospect
20676.0 19387.0 116.0 100.0 ot
20863.0 19383.0 188.0 104.0 the
21100.0 19407.0 260.0 84.0 now
21447.0 19383.0 480.0 108.0 railroad
21940.0 19459.0 36.0 56.0 ,

19164.0 19528.0 172.0 104.0 llm
19380.0 19528.0 432.0 104.0 Omaha
19859.0 19528.0 96.0 100.0 &
20007.0 19524.0 444.0 108.0 Kansas
20532.0 19528.0 288.0 124.0 City.
20975.0 19528.0 300.0 124.0 .This
21340.0 19528.0 496.0 128.0 evening
21904.0 19559.0 76.0 80.0 a

19164.0 19672.0 292.0 120.0 large
19559.0 19695.0 300.0 76.0 mass
19948.0 19672.0 500.0 120.0 meeting
20539.0 19695.0 228.0 80.0 was
20856.0 19667.0 260.0 108.0 held
21204.0 19680.0 116.0 96.0 at
21383.0 19667.0 192.0 108.0 tlio
21635.0 19699.0 352.0 96.0 opera

19164.0 19792.0 336.0 96.0 liouse
19503.0 19863.0 28.0 36.0 ,
19583.0 19788.0 228.0 104.0 and
19859.0 19792.0 636.0 120.0 everybody
20548.0 19811.0 232.0 80.0 was
20839.0 19788.0 116.0 104.0 in
21028.0 19796.0 324.0 100.0 favor
21396.0 19792.0 124.0 96.0 of
21584.0 19792.0 408.0 104.0 votlnz

19155.0 19903.0 396.0 104.0 bonds.
19723.0 19911.0 100.0 96.0 A
19880.0 19915.0 256.0 92.0 vote
20188.0 19907.0 228.0 100.0 will
20468.0 19907.0 132.0 100.0 bo
20643.0 19907.0 344.0 100.0 taken
21040.0 19915.0 668.0 100.0 to-morrow
21756.0 19892.0 240.0 124.0 and

19155.0 20027.0 192.0 96.0 the
19399.0 20019.0 360.0 104.0 bonds
19812.0 20023.0 228.0 100.0 will
20088.0 20048.0 356.0 100.0 carry.

19455.0 20267.0 576.0 112.0 fstartlnj
20028.0 20291.0 56.0 92.0 ;
20147.0 20287.0 80.0 72.0 a
20323.0 20267.0 624.0 112.0 Cunning
21064.0 20271.0 616.0 108.0 Factory.
22148.0 20308.0 16.0 40.0 <

19280.0 20404.0 460.0 104.0 GUANO
19796.0 20404.0 476.0 104.0 ISLAND
20284.0 20479.0 24.0 40.0 ,
20364.0 20404.0 296.0 104.0 Xeb.
20679.0 20475.0 28.0 52.0 ,
20779.0 20404.0 384.0 104.0 March
21272.0 20412.0 68.0 96.0 1.
21495.0 20408.0 28.0 128.0 [
21539.0 20404.0 464.0 132.0 Special

19164.0 20551.0 112.0 100.0 to
19324.0 20547.0 188.0 100.0 the
19564.0 20543.0 352.0 116.0 UEE.I
20055.0 20547.0 364.0 108.0 There
20532.0 20572.0 232.0 80.0 was
20848.0 20576.0 68.0 72.0 a
20996.0 20547.0 504.0 116.0 meeting
21579.0 20551.0 128.0 96.0 of
21800.0 20551.0 216.0 108.0 the'
22015.0 20564.0 28.0 60.0 *

19159.0 20691.0 476.0 100.0 citizens
19680.0 20691.0 124.0 96.0 of
19888.0 20687.0 228.0 104.0 this
20224.0 20687.0 228.0 120.0 city
20544.0 20687.0 112.0 104.0 In
20756.0 20687.0 188.0 100.0 the
21032.0 20687.0 340.0 104.0 board
21468.0 20691.0 124.0 100.0 of
21676.0 20691.0 244.0 100.0 trad
21931.0 20716.0 56.0 76.0 *

19164.0 20855.0 368.0 76.0 rooms
19619.0 20832.0 216.0 100.0 last
19883.0 20828.0 328.0 116.0 night
20260.0 20836.0 116.0 92.0 to
20423.0 20836.0 276.0 92.0 start
20747.0 20855.0 64.0 72.0 a
20863.0 20828.0 304.0 120.0 laigu
21212.0 20828.0 512.0 120.0 canning
21771.0 20832.0 180.0 100.0 fac-

19164.0 20955.0 248.0 108.0 tory
19460.0 20951.0 116.0 96.0 in
19631.0 20947.0 220.0 96.0 this
19907.0 20947.0 340.0 120.0 place.
20379.0 20943.0 904.0 120.0 Thuenturpriso
21323.0 20955.0 348.0 92.0 meets
21715.0 20943.0 280.0 108.0 with

19164.0 21063.0 452.0 116.0 general
19672.0 21063.0 320.0 100.0 favor
20036.0 21059.0 224.0 104.0 and
20328.0 21059.0 224.0 100.0 will
20604.0 21088.0 144.0 92.0 go
20800.0 21063.0 520.0 116.0 thiotigh.

19464.0 21307.0 576.0 92.0 Troulilc
20100.0 21303.0 476.0 96.0 landed
20648.0 21303.0 132.0 96.0 In
20868.0 21303.0 808.0 100.0 MinnrHoln.

19288.0 21440.0 192.0 108.0 ST.
19592.0 21440.0 364.0 104.0 PALI.
19963.0 21515.0 24.0 44.0 ,
20108.0 21440.0 360.0 104.0 Minn.
20483.0 21515.0 28.0 44.0 ,
20628.0 21440.0 384.0 104.0 March
21124.0 21448.0 88.0 96.0 4.
21344.0 21440.0 248.0 104.0 The
21700.0 21444.0 300.0 104.0 state

19167.0 21579.0 644.0 124.0 legislature
19888.0 21583.0 372.0 108.0 closed
20311.0 21583.0 148.0 104.0 Its
20507.0 21583.0 432.0 104.0 session
20996.0 21591.0 120.0 96.0 at
21163.0 21608.0 296.0 80.0 noon
21519.0 21587.0 452.0 116.0 to-day.

19172.0 21727.0 456.0 100.0 Seveial
19680.0 21727.0 616.0 124.0 Important
20376.0 21752.0 564.0 80.0 measures
21028.0 21727.0 256.0 104.0 died
21340.0 21731.0 180.0 100.0 for
21551.0 21727.0 252.0 108.0 lack
21860.0 21727.0 128.0 104.0 of

19176.0 21847.0 268.0 100.0 time
19503.0 21856.0 112.0 92.0 to
19668.0 21847.0 520.0 104.0 consider
20236.0 21847.0 340.0 104.0 them.

19748.0 22116.0 272.0 96.0 Tlio
20096.0 22116.0 740.0 112.0 Hiiluiirlan
20919.0 22116.0 428.0 112.0 Illslnt
21347.0 22143.0 48.0 88.0 ;
21400.0 22187.0 24.0 28.0 .

19300.0 22255.0 380.0 104.0 SOFIA
19696.0 22328.0 28.0 48.0 ,
19776.0 22251.0 380.0 104.0 March
20224.0 22263.0 76.0 96.0 t.
20428.0 22251.0 244.0 104.0 The
20723.0 22255.0 432.0 104.0 leaders
21195.0 22259.0 112.0 100.0 ol
21359.0 22255.0 192.0 108.0 the
21647.0 22255.0 368.0 112.0 revolt

19179.0 22403.0 116.0 100.0 at
19351.0 22399.0 584.0 104.0 Uii3tchuk
20007.0 22399.0 288.0 100.0 have
20399.0 22395.0 276.0 108.0 been
20771.0 22399.0 464.0 104.0 ordered
21344.0 22403.0 288.0 100.0 shot.
21759.0 22399.0 256.0 108.0 The

19184.0 22544.0 748.0 120.0 government
19980.0 22540.0 664.0 104.0 authorities
20752.0 22548.0 284.0 96.0 havti
21148.0 22540.0 388.0 128.0 placed
21647.0 22544.0 368.0 112.0 under

19184.0 22696.0 356.0 96.0 arrest
19588.0 22688.0 352.0 124.0 thirty
20036.0 22711.0 464.0 88.0 persons
20507.0 22759.0 28.0 44.0 ,
20655.0 22683.0 592.0 120.0 including
21364.0 22683.0 652.0 112.0 Karavelott

19188.0 22827.0 224.0 104.0 and
19460.0 22827.0 564.0 128.0 XlclpiolT
20028.0 22900.0 28.0 44.0 ,
20111.0 22827.0 252.0 100.0 who
20411.0 22852.0 292.0 80.0 vvero
20756.0 22827.0 356.0 104.0 found
21156.0 22835.0 112.0 92.0 to
21316.0 22827.0 136.0 100.0 bo
21504.0 22831.0 112.0 100.0 In
21720.0 22856.0 252.0 80.0 com
21976.0 22875.0 44.0 36.0 *

19191.0 22967.0 696.0 104.0 miinlcation
19948.0 22971.0 272.0 100.0 with
20272.0 22971.0 188.0 96.0 the
20560.0 22967.0 656.0 120.0 Insurgents
21284.0 22975.0 116.0 96.0 at
21507.0 22971.0 508.0 116.0 Slllstrla-

19188.0 23112.0 220.0 104.0 and
19467.0 23112.0 620.0 104.0 Kustehuk.
20215.0 23104.0 328.0 132.0 They
20587.0 23135.0 188.0 76.0 are
20820.0 23112.0 240.0 108.0 also
21151.0 23112.0 492.0 108.0 chareed
21732.0 23116.0 292.0 112.0 withi

19188.0 23255.0 340.0 120.0 being
19580.0 23251.0 632.0 124.0 Implicated
20275.0 23251.0 112.0 100.0 In
20444.0 23255.0 188.0 96.0 the
20684.0 23251.0 236.0 112.0 plot
20967.0 23264.0 116.0 92.0 to
21187.0 23251.0 352.0 108.0 enlist
21652.0 23255.0 364.0 132.0 thirty

19188.0 23395.0 380.0 100.0 aimed
19612.0 23415.0 252.0 80.0 men
19924.0 23399.0 176.0 96.0 for
20140.0 23395.0 188.0 100.0 the
20364.0 23415.0 476.0 124.0 purpose
20883.0 23399.0 128.0 96.0 of
21056.0 23403.0 516.0 116.0 creating
21647.0 23428.0 68.0 76.0 a
21795.0 23399.0 180.0 104.0 dis-

19191.0 23515.0 536.0 96.0 turbance
19776.0 23515.0 260.0 96.0 hero
20076.0 23511.0 228.0 100.0 and
20352.0 23507.0 428.0 112.0 adding
20887.0 23524.0 116.0 88.0 to
21112.0 23515.0 192.0 100.0 the
21412.0 23515.0 568.0 128.0 complica-

19191.0 23643.0 304.0 84.0 tions
19547.0 23628.0 268.0 100.0 with
19876.0 23632.0 356.0 100.0 which
20280.0 23628.0 192.0 104.0 the
20548.0 23655.0 480.0 96.0 regency
21144.0 23636.0 284.0 96.0 have
21536.0 23640.0 116.0 96.0 to
21756.0 23659.0 212.0 80.0 con
21979.0 23680.0 44.0 40.0 *

19191.0 23744.0 308.0 104.0 tend.
19624.0 23744.0 248.0 100.0 The
19915.0 23744.0 352.0 104.0 rlslim
20316.0 23755.0 116.0 88.0 at
20488.0 23744.0 576.0 104.0 Kttstchuk
21120.0 23747.0 200.0 104.0 has
21367.0 23755.0 280.0 100.0 been
21759.0 23771.0 216.0 104.0 .sup

19196.0 23859.0 496.0 116.0 pressed.
19883.0 23863.0 188.0 100.0 All
20183.0 23867.0 188.0 96.0 thu
20480.0 23863.0 596.0 116.0 Insurgent
21180.0 23867.0 432.0 104.0 otlicers
21720.0 23892.0 304.0 84.0 were

19196.0 23979.0 360.0 100.0 either
19604.0 23979.0 340.0 100.0 taken
20060.0 23979.0 572.0 120.0 prisoners
20643.0 24056.0 24.0 36.0 ,
20783.0 23979.0 556.0 104.0 wounded
21451.0 23987.0 116.0 96.0 In
21676.0 23983.0 352.0 108.0 battle

19200.0 24091.0 272.0 104.0 with
19527.0 24096.0 188.0 100.0 the
19764.0 24096.0 292.0 100.0 loal
20108.0 24104.0 376.0 112.0 tioops
20491.0 24171.0 24.0 44.0 ,
20575.0 24096.0 348.0 124.0 killed
20967.0 24123.0 128.0 76.0 or
21139.0 24100.0 576.0 104.0 drowned.
21768.0 24100.0 256.0 112.0 Tlio

19196.0 24235.0 168.0 76.0 rev
19396.0 24212.0 336.0 104.0 otters
19740.0 24287.0 24.0 44.0 ,
19820.0 24223.0 296.0 92.0 utter
20215.0 24215.0 564.0 116.0 arresting
20887.0 24212.0 188.0 104.0 the
21187.0 24219.0 152.0 112.0 10)
21376.0 24215.0 108.0 104.0 al
21587.0 24215.0 444.0 108.0 orUcera

19196.0 24331.0 224.0 100.0 and
19472.0 24323.0 728.0 108.0 commander
20232.0 24331.0 124.0 100.0 of
20403.0 24335.0 188.0 96.0 the
20676.0 24331.0 508.0 108.0 garrison
21200.0 24403.0 28.0 48.0 ,
21340.0 24331.0 688.0 112.0 mimnioned

19200.0 24443.0 188.0 108.0 thu
19440.0 24443.0 512.0 116.0 Infantry
20007.0 24451.0 108.0 92.0 to
20159.0 24443.0 604.0 104.0 surrender
20768.0 24520.0 24.0 44.0 ,
20851.0 24447.0 360.0 104.0 which
21248.0 24447.0 188.0 100.0 the
21447.0 24475.0 48.0 92.0 )
21563.0 24451.0 468.0 112.0 refused

19200.0 24572.0 112.0 88.0 to
19360.0 24559.0 168.0 104.0 do.
19672.0 24559.0 384.0 116.0 Firing
20096.0 24564.0 264.0 100.0 then
20411.0 24564.0 720.0 104.0 commenced
21148.0 24635.0 24.0 44.0 ,
21228.0 24575.0 228.0 92.0 and
21507.0 24568.0 188.0 104.0 the
21783.0 24591.0 188.0 84.0 mu-

19203.0 24676.0 420.0 100.0 tineers
19719.0 24703.0 288.0 76.0 weru
20111.0 24676.0 524.0 104.0 attacked
20747.0 24676.0 140.0 120.0 by
20996.0 24683.0 184.0 96.0 the
21291.0 24679.0 416.0 108.0 militia
21792.0 24679.0 244.0 116.0 and

19203.0 24795.0 376.0 100.0 forced
19631.0 24799.0 112.0 100.0 to
19796.0 24799.0 432.0 96.0 reticat.
20355.0 24795.0 324.0 116.0 They
20788.0 24811.0 292.0 88.0 were
21187.0 24780.0 496.0 136.0 pursued
21788.0 24807.0 252.0 108.0 and

19203.0 24907.0 396.0 104.0 driven
19680.0 24915.0 240.0 96.0 into
20023.0 24911.0 192.0 100.0 the
20328.0 24907.0 472.0 104.0 Danube
20916.0 24911.0 140.0 120.0 by
21163.0 24915.0 192.0 100.0 the
21463.0 24919.0 568.0 132.0 Infantry.

19200.0 25023.0 24.0 44.0 '
19232.0 25027.0 36.0 100.0 1
19307.0 25027.0 140.0 100.0 hu
19500.0 25027.0 516.0 116.0 pioneers
20052.0 25023.0 268.0 104.0 took
20372.0 25032.0 116.0 96.0 to
20536.0 25027.0 316.0 100.0 boats
20895.0 25027.0 228.0 104.0 and
21151.0 25027.0 720.0 116.0 endeavored
21911.0 25036.0 128.0 112.0 to

19203.0 25167.0 396.0 96.0 escape
19600.0 25215.0 24.0 44.0 ,
19687.0 25144.0 188.0 100.0 but
19927.0 25144.0 292.0 100.0 their
20263.0 25144.0 316.0 100.0 boats
20636.0 25167.0 288.0 76.0 were
20972.0 25147.0 472.0 120.0 stopped
21516.0 25155.0 144.0 128.0 by
21747.0 25179.0 236.0 80.0 gun
21991.0 25199.0 52.0 36.0 *

19208.0 25259.0 312.0 96.0 bo.itu
19564.0 25255.0 224.0 104.0 and
19844.0 25259.0 260.0 120.0 they
20159.0 25283.0 280.0 76.0 were
20483.0 25259.0 620.0 116.0 compelled
21156.0 25275.0 116.0 88.0 to
21316.0 25292.0 48.0 92.0 )
21403.0 25267.0 252.0 104.0 leld.
21783.0 25271.0 260.0 108.0 Tha

19203.0 25371.0 112.0 100.0 in
19324.0 25400.0 40.0 92.0 )
19396.0 25375.0 324.0 100.0 allsts
19767.0 25375.0 468.0 100.0 entered
20280.0 25375.0 500.0 104.0 Sllistriu
20820.0 25375.0 472.0 108.0 without
21335.0 25383.0 696.0 132.0 opposition.

19200.0 25487.0 320.0 116.0 They
19576.0 25491.0 356.0 100.0 found
20023.0 25491.0 312.0 104.0 there
20420.0 25491.0 192.0 104.0 the
20711.0 25519.0 392.0 96.0 corpse
21212.0 25500.0 124.0 96.0 of
21447.0 25475.0 192.0 128.0 the
21739.0 25527.0 248.0 80.0 com-

19212.0 25608.0 472.0 100.0 mander
19723.0 25608.0 124.0 100.0 of
19895.0 25604.0 188.0 104.0 the
20127.0 25604.0 504.0 112.0 garrison
20708.0 25612.0 252.0 100.0 who
21020.0 25612.0 220.0 100.0 had
21304.0 25615.0 284.0 104.0 been
21679.0 25615.0 368.0 120.0 killed

19208.0 25723.0 144.0 112.0 by
19460.0 25723.0 176.0 100.0 his
19743.0 25747.0 296.0 76.0 men.
20168.0 25723.0 244.0 104.0 The
20500.0 25731.0 328.0 100.0 other
20912.0 25731.0 432.0 104.0 ofllcers
21391.0 25739.0 484.0 120.0 escaped
21920.0 25747.0 128.0 104.0 to

19208.0 25835.0 668.0 108.0 Itouiiiania.

19343.0 25951.0 504.0 112.0 VJF.HNA
19864.0 26028.0 28.0 44.0 ,
19944.0 25955.0 384.0 104.0 March
20415.0 25963.0 92.0 104.0 4.
20640.0 25955.0 392.0 108.0 Servla
21040.0 26035.0 28.0 48.0 ,
21159.0 25987.0 128.0 76.0 as
21391.0 25991.0 68.0 76.0 a
21567.0 25991.0 404.0 100.0 precau

19212.0 26072.0 448.0 120.0 tionary
19711.0 26095.0 508.0 80.0 measure
20268.0 26076.0 116.0 104.0 In
20468.0 26076.0 288.0 104.0 view
20839.0 26080.0 128.0 100.0 of
21071.0 26080.0 192.0 100.0 the
21371.0 26083.0 436.0 104.0 trouble
21916.0 26087.0 128.0 108.0 in

19220.0 26187.0 564.0 112.0 Uulgarla.
19835.0 26191.0 176.0 100.0 hat
20011.0 26239.0 32.0 48.0 ,
20084.0 26199.0 264.0 92.0 sent
20391.0 26199.0 376.0 120.0 troops
20820.0 26203.0 116.0 96.0 to
20999.0 26195.0 192.0 100.0 the
21279.0 26199.0 512.0 108.0 frontier.
21931.0 26203.0 120.0 108.0 It

19220.0 26303.0 92.0 100.0 Is
19355.0 26315.0 240.0 92.0 also
19699.0 26307.0 508.0 120.0 reported
20295.0 26307.0 248.0 104.0 that
20652.0 26319.0 188.0 96.0 the
20948.0 26311.0 480.0 108.0 Servian
21543.0 26340.0 508.0 88.0 reserves

19215.0 26419.0 284.0 104.0 have
19547.0 26419.0 280.0 104.0 been
19876.0 26423.0 360.0 108.0 called
20284.0 26436.0 224.0 96.0 out.

19343.0 26535.0 528.0 108.0 LONDON
19871.0 26611.0 28.0 48.0 ,
20016.0 26544.0 384.0 104.0 Maicti
20560.0 26551.0 92.0 96.0 4.
20788.0 26548.0 104.0 100.0 A
20999.0 26544.0 524.0 128.0 dispatch
21632.0 26551.0 120.0 104.0 to
21855.0 26555.0 196.0 100.0 the

19212.0 26655.0 388.0 104.0 'limes
19651.0 26663.0 284.0 96.0 trom
19992.0 26655.0 616.0 108.0 liiicharust
20691.0 26671.0 352.0 96.0 states
21088.0 26667.0 436.0 104.0 several
21575.0 26683.0 480.0 108.0 personti

19215.0 26795.0 292.0 80.0 were
19559.0 26771.0 348.0 108.0 killed
20016.0 26775.0 112.0 104.0 In
20244.0 26775.0 484.0 120.0 lighting
20836.0 26779.0 648.0 108.0 atSllistrla
21531.0 26783.0 520.0 108.0 between

19220.0 26891.0 192.0 96.0 the
19520.0 26887.0 656.0 120.0 Insurgents
20275.0 26895.0 232.0 100.0 and
20599.0 26899.0 296.0 116.0 loyal
20952.0 26904.0 412.0 112.0 troops.
21492.0 26895.0 560.0 112.0 Twoofll-

19220.0 27031.0 240.0 76.0 iers
19500.0 27008.0 232.0 104.0 and
19779.0 27008.0 436.0 104.0 sixteen
20311.0 27012.0 492.0 124.0 private
20912.0 27068.0 28.0 44.0 ,
20955.0 27068.0 24.0 44.0 ,
21008.0 27012.0 140.0 100.0 ho
21200.0 27035.0 292.0 80.0 weru
21531.0 27012.0 528.0 132.0 engaged

19224.0 27120.0 116.0 104.0 In
19392.0 27123.0 196.0 100.0 the
19631.0 27127.0 356.0 100.0 revolt
20040.0 27151.0 288.0 76.0 were
20367.0 27131.0 540.0 112.0 capttncd
20960.0 27127.0 224.0 100.0 and
21231.0 27127.0 296.0 108.0 shot.

19351.0 27235.0 380.0 108.0 PAUIS
19743.0 27311.0 24.0 44.0 ,
19944.0 27239.0 376.0 104.0 March
20483.0 27251.0 92.0 92.0 4.
20711.0 27251.0 104.0 96.0 A
21047.0 27247.0 532.0 108.0 telegram
21563.0 27351.0 16.0 20.0 ,
21756.0 27255.0 304.0 100.0 from

19224.0 27351.0 568.0 124.0 Gluigevo
19895.0 27380.0 260.0 76.0 sas
20239.0 27351.0 416.0 112.0 risluzs
20768.0 27363.0 280.0 100.0 have
21156.0 27359.0 340.0 104.0 taken
21575.0 27363.0 316.0 120.0 place
21935.0 27376.0 128.0 96.0 at

19220.0 27467.0 504.0 108.0 Tlrnova
19767.0 27471.0 228.0 104.0 and
20040.0 27476.0 328.0 100.0 other
20452.0 27476.0 368.0 120.0 places
20880.0 27476.0 228.0 104.0 and
21159.0 27480.0 244.0 100.0 that
21451.0 27480.0 188.0 104.0 the
21696.0 27480.0 324.0 108.0 Insur-

19227.0 27599.0 328.0 104.0 gents
19604.0 27611.0 184.0 80.0 are
19839.0 27591.0 512.0 120.0 reported
20408.0 27599.0 112.0 96.0 to
20568.0 27591.0 132.0 100.0 be
20815.0 27603.0 472.0 92.0 masters
21332.0 27599.0 112.0 96.0 ot
21500.0 27580.0 564.0 120.0 atfalrn'at

19224.0 27692.0 532.0 116.0 Tirnova.
19868.0 27707.0 988.0 108.0 Communication
20912.0 27711.0 508.0 112.0 between
21463.0 27711.0 304.0 100.0 Soda
21812.0 27711.0 240.0 108.0 nnil

19232.0 27823.0 188.0 100.0 the
19527.0 27819.0 588.0 124.0 piovlnces
20244.0 27827.0 96.0 96.0 In
20447.0 27823.0 740.0 128.0 interrupted.
21316.0 27831.0 548.0 124.0 Anarchy
21967.0 27831.0 104.0 108.0 ii

19227.0 27939.0 612.0 128.0 spreading
19912.0 27939.0 112.0 108.0 In
20100.0 27935.0 536.0 128.0 L'ul-jana
