17175 24306
610 22006 42 92 1

1105 3256 1450 147 🌊🤖🤭 Hemu^gegchc»
2615 3256 343 147 von
3020 3256 438 147 Deo
3528 3256 267 147 §?.
3893 3256 564 147 Hrick
4528 3256 164 147 &
4763 3256 267 147 §?.

1152 4223 703 385 Der
1923 4223 1745 385 Nordstern,

1770 4756 908 110 Herausgegeben
2712 4756 226 110 von

1478 4939 575 294 Blick
2173 4939 227 294 &
2487 4939 791 294 Kaiser.

2287 5339 145 165 in

1383 5573 442 165 Saint
1878 5573 494 165 Cloud,
2453 5573 832 165 Minnesota,

1073 5856 442 110 erscheint
1568 5856 267 110 jeden
1863 5856 647 110 Donnerstag
2598 5856 220 110 und
2852 5856 275 110 kostet
3207 5856 390 110 jährlich

1072 5989 1188 110 in'Lorausbezahlung:
2322 5989 513 110 $2.50»

1212 6106 205 110 Für
1453 6106 412 110 weniger
1925 6106 167 110 als
2125 6106 60 110 6
2235 6106 433 110 Monate
2703 6106 247 110 wird
2983 6106 215 110 kein
3230 6106 327 110 Abon-

1078 6239 390 110 nement
1500 6239 753 110 angenommen.

1215 6373 227 128 Von
1530 6373 697 128 Abonnenten,
2327 6373 153 128 die
2568 6373 147 128 die
2823 6373 434 128 Zeitung
3335 6373 238 128 nicht

1073 6489 637 129 ausdrücklich
1797 6489 611 129 abbestellen,
2495 6489 245 129 wird
2825 6489 757 129 angenommeu,

1070 6639 198 129 daß
1302 6639 125 129 sie
1455 6639 190 129 das
1702 6639 671 129 Abonnement
2407 6639 598 129 fortzusetzen
3060 6639 518 129 wünschen.

1202 6756 213 128 Die
1500 6756 873 128 Verabsäumung,
2480 6756 225 128 oder
2820 6756 760 128 Verweigerung

1070 6889 743 129 derAbholung
1852 6889 165 129 der
2050 6889 432 129 Zeitung
2537 6889 200 129 von
2773 6889 220 129 de.u
3027 6889 558 129 Postantte,

1078 7023 334 128 wohin
1448 7023 390 128 dieselbe
1908 7023 432 128 beordert
2412 7023 388 128 worden
2833 7023 162 128 ist,
3070 7023 283 128 sowie
3423 7023 155 128 die

1070 7156 713 128 Unterlassung
1818 7156 169 128 der
2038 7156 422 128 Anzeige
2517 7156 148 128 an
2703 7156 155 128 die
2892 7156 678 128 Herausgeber

1065 7289 207 129 boit
1308 7289 160 129 der
1520 7289 253 129 etwa
1842 7289 753 129 stattfindenden
2630 7289 947 129 Ortsveräuderuiig

1062 7423 230 128 und
1332 7423 155 128 der
1537 7423 411 128 Angabe
1982 7423 168 128 des
2200 7423 323 128 neuen
2557 7423 545 128 Wohnorts
3188 7423 389 128 entbin»

1067 7556 160 128 dct
1260 7556 238 128 nicht
1553 7556 200 128 von
1790 7556 163 128 der
1985 7556 597 128 Bezahlung
2617 7556 175 128 des
2873 7556 327 128 vollen
3235 7556 325 128 Abou-

1070 7689 963 129 nenientsbetrageS.

1887 7923 66 146 A

1083 8139 320 129 welche
1467 8139 246 129 ohne
1745 8139 625 129 Bemerkung
2452 8139 176 129 zur
2710 8139 570 129 Aufnahme
3362 8139 211 129 ein-

1080 8273 352 128 gehe»,
1508 8273 375 128 werden
1917 8273 98 128 so
2072 8273 298 128 lange
2407 8273 516 128 eingerückt
2955 8273 218 128 und
3210 8273 347 128 bcrech-

1077 8406 223 128 nct,
1340 8406 158 128 bis
1533 8406 127 128 sie
1715 8406 483 128 abbestellt
2250 8406 417 128 werden.

1225 8573 82 128 A
1582 8573 115 128 ig
1942 8573 385 128 werden
2422 8573 126 128 zu
2618 8573 190 128 den
2877 8573 701 128 gewöhnlichen

1073 8706 409 128 Preisen
1517 8706 565 128 eingerückt,
2115 8706 420 128 nämlich
2570 8706 152 128 10
2762 8706 321 128 (Scuts
3117 8706 173 128 per
3325 8706 252 128 Bee

1073 8839 569 129 dier-Zcile,
1735 8839 163 129 für
1977 8839 153 129 die
2205 8839 228 129 erste
2513 8839 670 129 Emrückuug,
3262 8839 216 129 und
3517 8839 65 129 5

1083 8973 319 128 Cents
1437 8973 161 128 für
1667 8973 193 128 jede
1928 8973 487 128 folgende.
2533 8973 215 128 Für
2832 8973 533 128 Anzeigen,
3435 8973 150 128 die

1075 9106 410 128 längere
1520 9106 210 128 Zeit
1767 9106 365 128 stehen
2185 9106 430 128 bleiben,
2688 9106 249 128 wird
2998 9106 174 128 ein
3237 9106 338 128 bedeu-

1085 9239 332 129 tender
1450 9239 337 129 Abzng
1840 9239 433 129 erlaubt.

1217 9423 206 110 Die
1462 9423 675 110 Herausgeber
2168 9423 209 110 sind
2502 9423 153 110 im
2692 9423 298 110 Besih
3020 9423 265 110 einer
3338 9423 240 110 voll-

1092 9556 478 110 ständigen
1643 9556 495 110 Auswahl

1082 9673 458 165 Neuer
1570 9673 247 165 und
1858 9673 1107 165 geschmackvoller
2978 9673 612 165 Lettern,

1090 9889 223 110 und
1348 9889 204 110 sind
1603 9889 297 110 daher
1932 9889 153 110 im
2122 9889 460 110 Stande,

1562 10023 820 183 Drucksachen
2478 10023 320 183 aller
2890 10023 242 183 Art

1070 10223 167 183 iu
1310 10223 650 183 deutscher,
1997 10223 706 183 englischer,
2783 10223 812 183 französische!

1468 10389 250 165 u«D
1785 10373 850 183 norwegischer
2697 10373 556 183 Sprache

1080 10589 357 147 auf's
1467 10589 695 147 Schnellste,
2182 10589 565 147 Schönste
2785 10589 265 147 und
3073 10589 524 147 Bill-gstc

2052 10756 150 147 zu
2242 10756 491 147 liefern,

1095 10956 223 110 und
1353 10956 537 110 empfehlen
1920 10956 203 110 sich
2152 10956 128 110 zu
2328 10956 509 110 geneigten
2867 10956 603 110 Aufträgen.

1107 11289 926 165 Letterheads,

1373 11456 765 165 BillheadS,

1628 11623 1225 165 GeschäftSkarten,

1905 11789 760 165 Circulare,

2157 11973 625 146 BlankS,

2447 12123 616 165 Plakate
3115 12123 125 165 u.
3282 12123 98 165 s.
3420 12123 142 165 w.

1825 12373 180 110 auf
2078 12373 394 110 kürzeste
2533 12373 334 110 Notiz.

1217 12689 700 110 Bestellungen
1948 12689 214 110 und
2195 12689 357 110 Gelder
2612 12689 441 110 adtesstre
3082 12689 323 110 man:

1488 12873 572 293 BriS
2137 12873 208 293 &
2443 12873 779 293 Kaiser.

1485 13289 360 184 St.

1923 13223 725 256 Cloud,
2743 13223 705 256 Min«.

1740 13539 487 165 Letter
2307 13539 295 165 Box
2687 13539 313 165 407,

2147 14089 403 147 Der

1682 14339 1895 495 arAnhtt[

1327 15006 128 147 is
1505 15006 712 147 published
2243 15006 402 147 every
2693 15006 689 147 Thursday

2290 15273 180 146 by

1518 15456 615 257 Brich
2418 15456 802 257 Kaiser,

1085 15856 155 147 at
1345 15856 383 147 $2.50
1822 15856 248 147 per
2182 15856 525 147 annum,
2828 15856 577 147 payable
3492 15856 146 147 in

2077 16106 605 147 advance

1647 16689 883 165 Advertising
2613 16689 525 165 Rates.

1270 16873 173 165 10
1490 16873 372 165 cents
1908 16873 242 165 per
2197 16873 276 165 line
2522 16873 543 165 Brevier
3092 16873 223 165 for
3412 16873 235 165 the

1113 17039 289 165 first
1445 17039 683 165 Insertion,
2172 17039 263 165 and
2512 17039 86 165 5
2645 17039 370 165 cents
3060 17039 222 165 for
3328 17039 314 165 eacli

1102 17206 781 147 subsequent
1928 17189 675 165 Insertion.
2768 17189 110 165 A
2965 17189 682 165 reduetion

1105 17356 110 165 is
1258 17356 369 165 macle
1685 17356 212 165 for
1980 17356 677 165 contracts
2703 17356 222 165 for
3005 17356 630 165 advertis-

1103 17523 229 165 ing
1425 17523 177 165 by
1687 17523 231 165 the
2015 17523 358 165 year.
2533 17523 1114 165 Advertisements

1103 17673 577 165 without
1727 17673 616 165 speeified
2387 17673 711 165 directions
3143 17673 282 165 will
3473 17673 167 165 be

1103 17823 570 165 inserted
1772 17839 330 165 until
2215 17839 1100 165 conntermanded
3383 17839 255 165 and

1097 18006 586 165 charged
1730 18006 887 165 accordingly.

1310 18189 380 165 "Der
1818 18189 855 165 Nordstern",
2785 18189 500 165 having
3408 18189 242 165 the

1095 18339 507 165 largest
1725 18339 778 165 circulation
2607 18339 145 165 of
2870 18339 253 165 any
3233 18339 415 165 paper

1088 18506 417 165 north
1580 18506 150 165 of
1777 18506 905 165 Minneapolis,
2787 18506 120 165 is
3008 18506 239 165 the
3353 18506 290 165 best

1083 18673 825 165 advertising
1955 18673 608 165 medium.

1270 18856 227 165 We
1540 18856 353 165 have
1940 18856 628 165 reeeived
2660 18856 88 165 a
2797 18856 268 165 fine
3170 18856 468 165 select-

1095 19023 233 165 ion
1458 19023 150 165 of
1737 19023 535 165 English
2402 19023 261 165 and
2767 19023 555 165 German
3418 19023 237 165 job

1095 19206 438 147 types,
1580 19189 277 165 and
1903 19189 230 165 are
2178 19189 667 165 prepared
2925 19189 150 165 to
3123 19189 202 165 fill
3452 19189 188 165 all

1090 19356 460 147 Orders
1592 19339 133 165 in
1827 19339 255 165 our
2180 19339 273 165 line
2562 19339 336 165 with
2998 19339 652 165 neatness.

1077 19506 665 165 despatch
1790 19506 268 165 and
2103 19506 162 165 at
2288 19506 270 165 low
2607 19506 428 165 rates.

1310 19739 227 165 We
1650 19739 365 165 print
2112 19739 143 165 in
2378 19739 594 165 English,
3083 19739 567 165 French,

1095 19889 562 165 German
1700 19889 263 165 and
1990 19889 877 165 Norwegian:

1112 20089 936 165 Letterheads,

1445 20289 720 165 Billheads,

1740 20489 612 165 Business
2397 20489 423 165 Cards

2060 20673 743 165 Circulars,

2383 20873 622 165 Posters,

2703 21073 562 165 Blanks,
3348 21073 292 165 &c..

1092 21239 195 165 on
1337 21239 410 165 short
1770 21239 512 165 notice.

1273 21456 235 165 All
1623 21456 1169 165 communications
2873 21456 504 165 should
3468 21456 175 165 be

1087 21589 760 165 addressed

1642 22023 565 146 Dritk
2285 22023 158 146 &
2512 22023 730 146 Dmser.

1432 22239 310 257 SL
1820 22239 763 257 Cloud,
2690 22239 687 257 Mhin.

1815 22573 490 165 Letter
2353 22573 290 165 Box
2672 22573 260 165 407

4722 523 531 73 pfr«aw:??itoi-i*'ÄlA^,

5110 3123 250 293 Gz,

5455 3256 730 147 Kaiser.

1302 3773 531 201 Vierter
1903 3773 774 201 Jahrgang.
6467 3773 273 201 St.
6798 3773 540 201 Clond,
7368 3773 579 201 Mi»».,
7978 3773 884 201 Donnerstag,
8903 3773 242 201 dcn
9218 3773 174 201 3.
9447 3773 618 201 Januar,
10112 3773 475 201 1878.

3878 4123 2170 568 Telegraph.

4382 4706 1150 257 Ausland.

4517 5156 848 165 Politisches.

5128 5406 54 147 a

4443 5589 497 129 Bismarck
5072 5589 375 129 Pläne.

3807 5756 341 147 Fürst
4192 5756 695 147 Bismarck's
4953 5756 779 147 Annäherung
5773 5756 165 147 an
5980 5756 182 147 die

3662 5956 690 147 gemäßigten
4388 5956 595 147 Liberalen
5025 5956 385 147 scheint
5483 5956 212 147 den
5800 5956 355 147 Zweck

3655 6139 137 147 zu
3857 6139 421 147 Huben,
4385 6139 237 147 eine
4730 6139 330 147 starke
5182 6139 646 147 Majorität
5960 6139 185 147 für

3657 6339 276 147 seine
3967 6339 620 147 finanzielle
4680 6339 240 147 und
4962 6339 558 147 politische
5558 6339 395 147 Pläne
5998 6339 137 147 zu

3662 6506 570 147 erlangen.

3797 6723 220 146 Da
4067 6723 125 146 es
4245 6723 657 146 zweifelhaft
4973 6723 185 146 ist,
5260 6723 145 146 ob
5497 6723 241 146 eine
5847 6723 283 146 Ver-

3648 6906 542 147 mehrung
4228 6906 192 147 der
4480 6906 470 147 direkten
5008 6906 522 147 Steuern
5635 6906 503 147 rathsam

3643 7106 347 147 märe,
4030 7106 205 147 hat
4307 7106 340 147 Fürst
4732 7106 631 147 Bismarck,
5442 7106 251 147 dem
5808 7106 315 147 Pro-

3648 7289 440 147 gramm
4162 7289 185 147 der
4472 7289 591 147 Liberalen
5163 7289 989 147 zuwiderlaufend,

3718 7489 600 147 cichloficn,
4358 7489 137 147 zu
4575 7489 245 147 dem
4907 7489 1000 147 Auskunftsmittel
5948 7489 184 147 in-

3645 7673 450 146 direkter
4150 7673 568 146 Steuern,
4762 7673 596 146 besonders
5422 7673 295 146 einer
5755 7673 372 146 hohen

3660 7856 880 147 Tabackssteuer,
4577 7856 140 147 zu
4808 7856 470 147 greifen.
5470 7856 178 147 Es
5763 7856 374 147 waren

3657 8039 858 147 rotihrjchcinlich
4553 8039 185 147 bei
4778 8039 742 147 Neubildung
5593 8039 202 147 des
5890 8039 245 147 Ca-

3652 8239 370 147 binets
4060 8239 273 147 auch
4393 8239 270 147 noch
4742 8239 405 147 andere
5280 8239 455 147 Motive
5870 8239 257 147 vor-

3657 8423 481 146 (Hinben,
4232 8423 330 146 deren
4658 8423 690 146 Bedeutung
5468 8423 279 146 man
5875 8423 270 146 noch

3655 8623 275 146 nicht
3988 8623 629 146 ergründen
4655 8623 348 146 kann.

3815 8823 377 146 Wenn
4233 8823 187 146 der
4477 8823 395 146 Kaiser
4912 8823 180 146 die
5205 8823 360 146 neuen
5693 8823 437 146 Ernen-

3682 9006 430 147 iungen
4153 9006 550 147 gutheißt,
4800 9006 123 147 so
5055 9006 430 147 werden
5617 9006 528 147 dieselben

3663 9206 850 147 wahrscheinlich
4633 9206 650 147 Ausgangs
5382 9206 200 147 des
5618 9206 515 147 Monats

3670 9389 467 147 Januar
4182 9389 755 147 angelündigt
5002 9389 480 147 werden,
5520 9389 205 147 um
5767 9389 370 147 welche

3672 9589 243 147 Zeit
3957 9589 338 147 Fürst
4338 9589 574 147 Bismarck
4975 9589 265 147 y,ctdj
5273 9589 417 147 Berlin
5737 9589 360 147 zurück

3673 9773 377 146 kehren
4087 9773 330 146 wird.

4258 9989 224 147 Der
4522 9989 341 147 Kaiser
4898 9989 119 147 ist
5050 9989 527 147 zufrieden.

3822 10156 258 147 Der
4125 10156 392 147 Kaiser
4622 10156 440 147 scheint,
5165 10156 173 147 die
5467 10156 235 147 von
5820 10156 330 147 Fürst

3672 10356 573 147 Bismarck
4285 10356 853 147 unterbreiteten
5207 10356 716 147 Vorschläge,
5962 10356 191 147 be-

3685 10556 453 147 treffend
4177 10556 170 147 die
4408 10556 275 147 neue
4720 10556 585 147 Handels-
5367 10556 243 147 und
5652 10556 500 147 Finanz-

3678 10739 472 147 Politik,
4195 10739 248 147 dem
4525 10739 395 147 Wesen
5023 10739 274 147 nach
5398 10739 760 147 gutzuheißen.

4547 10989 60 147 E
4940 10989 52 147 a

4405 11189 138 147 n,
4592 11189 165 147 29
4800 11189 295 147 Tec.
5285 11189 293 147 Eine
5620 11189 542 147 Depesche

3680 11373 227 146 ans
3982 11373 595 146 Bucharest
4633 11373 482 146 meldet:
5232 11373 310 146 „Die
5590 11373 182 146 bei
5810 11373 340 146 Niko-

3675 11573 313 146 polis
4077 11573 270 146 über
4387 11573 173 146 die
4658 11573 469 146 Donau
5172 11573 531 146 führende
5758 11573 405 146 Brücke

3688 11756 369 147 wurde
4185 11756 193 147 am
4418 11756 597 147 Mittwoch
5058 11756 332 147 durch
5427 11756 221 147 Eis
5695 11756 482 147 gänzlich

3732 11956 381 147 e.stört
4152 11956 243 147 und
4457 11956 266 147 auch
4758 11956 174 147 die
4968 11956 414 147 Brücke
5420 11956 182 147 bei
5640 11956 513 147 Sistowa

3685 12139 267 147 muß
4048 12139 139 147 zu
4223 12139 480 147 Grunde
4817 12139 395 147 gehen,
5248 12139 324 147 wenn
5610 12139 178 147 sie
5885 12139 275 147 »ich?

3687 12323 348 146 sofort
4093 12323 732 146 abg-brochen
4925 12323 327 146 wird.
5400 12323 293 146 Das
5742 12323 410 146 Wetter

3690 12523 380 146 icheint
4107 12523 245 146 dem
4418 12523 624 146 Vorrücken
5170 12523 190 146 der
5398 12523 429 146 Russen
5883 12523 280 146 Halt

3698 12706 455 147 geboten
4188 12706 142 147 zu
4385 12706 372 147 haben
4795 12706 245 147 und
5157 12706 125 147 es
5338 12706 264 147 sieht
5657 12706 278 147 aus,
5978 12706 194 147 als

3697 12906 141 147 ob
3873 12906 192 147 der
4103 12906 505 147 Feldzug
4673 12906 187 147 für
4953 12906 347 147 dieses
5355 12906 315 147 Jahr
5717 12906 441 147 beendet

3690 13089 197 147 iei.
4027 13089 251 147 Die
4325 13089 787 147 Eisenbahnen
5197 13089 241 147 sind
5475 13089 288 147 nicht
5822 13089 343 147 reqel-

3698 13273 379 146 mäßig
4197 13273 166 146 im
4485 13273 520 146 Betriebe
5092 13273 245 146 und
5460 13273 227 146 das
5817 13273 351 146 Com-

3698 13473 544 146 missariat
4343 13473 130 146 ist
4527 13473 435 146 vollauf
5048 13473 360 146 damit
5503 13473 680 146 beschäftigt,

3705 13656 162 147 aic
3922 13656 551 147 Truppen
4515 13656 137 147 in
4702 13656 210 147 den
4947 13656 451 147 Lagern
5440 13656 185 147 bei
5685 13656 488 147 Plewna

3698 13839 132 147 zu
3885 13839 625 147 versorgen,
4548 13839 117 147 so
4720 13839 222 147 daß
4978 13839 170 147 die
5185 13839 978 147 Schwierigkeiten

3702 14039 276 147 nicht
4015 14039 525 147 dadurch,
4597 14039 226 147 daß
4918 14039 275 147 diese
5227 14039 270 147 noch
5567 14039 361 147 weiter
5967 14039 205 147 ins

3693 14223 337 146 Land
4073 14223 394 146 hinein
4567 14223 458 146 gesandt
5080 14223 480 146 werden,
5645 14223 532 146 vermehrt

3707 14423 423 146 werden
4167 14423 455 146 dürfen.

3853 14623 292 146 Eine
4187 14623 958 146 Spezialdepesche
5182 14623 221 146 ans
5443 14623 419 146 Berlin
5908 14623 274 146 mel-

3703 14806 225 147 det,
4015 14806 558 147 Rußland
4673 14806 440 147 sondire
5152 14806 221 147 g^le
5477 14806 191 147 am
5768 14806 360 147 mittel

3707 14989 608 147 ländischen
4370 14989 387 147 Meere
4850 14989 580 147 gelegenen
5487 14989 526 147 Staaten
6057 14989 125 147 in

3695 15189 398 147 Bezug
4133 15189 202 147 auf
4395 15189 245 147 ihre
4732 15189 573 147 Ansichten
5343 15189 272 147 über
5738 15189 174 147 die
5948 15189 209 147 Er-

3702 15373 485 146 Öffnung
4225 15373 188 146 der
4450 15373 843 146 Dardanellen.

4582 15639 43 147 2
4670 15639 43 147 9
5252 15639 46 147 E

3708 15823 229 146 aus
4042 15823 336 146 Wien
4422 15823 436 146 zufolge
4958 15823 280 146 wird
5282 15823 230 146 von
5623 15823 562 146 mehreren

3713 16006 420 147 Seiten
4177 16006 563 147 gemeldet,
4775 16006 227 147 daß
5100 16006 603 147 England,
5747 16006 445 147 obwohl

3710 16206 120 147 es
3887 16206 170 147 die
4115 16206 768 147 Vermittlung
4927 16206 500 147 ablehnt,
5467 16206 555 147 Rußland
6063 16206 134 147 in

3703 16406 395 147 Bezug
4228 16406 204 147 auf
4555 16406 182 147 die
4855 16406 1332 147 Friedensbedingungen

3715 16589 425 147 sondirt
4180 16589 340 147 habe,
4560 16589 373 147 welche
4997 16589 345 147 dieses
5395 16589 140 147 zu
5572 16589 388 147 stellen
5998 16589 179 147 ge-

3717 16789 300 147 neigt
4073 16789 344 147 wäre,
4505 16789 250 147 und
4798 16789 230 147 daß
5065 16789 220 147 das
5398 16789 497 147 russische
5948 16789 234 147 Ca-

3717 16973 301 146 bind
4065 16973 250 146 weit
4380 16973 472 146 weniger
4960 16973 823 146 zurückhaltend
5822 16973 341 146 gerne*

3722 17173 178 146 seil
3933 17173 190 146 sei,
4177 17173 190 146 als
4408 17173 277 146 man
4725 17173 312 146 hätte
5058 17173 544 146 erwarten
5642 17173 390 146 sollen.

4643 17423 55 146 a

4625 17623 252 110 Don
4913 17623 402 110 Carlos.

4030 17773 75 146 a
4325 17773 118 146 s,
4487 17773 215 146 27.
4777 17773 298 146 Dez.
5270 17773 253 146 Die
5650 17773 530 146 französi-

3717 17973 215 146 sche
3962 17973 651 146 Regierung
4677 17973 195 146 hat
4912 17973 305 146 Don
5265 17973 433 146 Carlos
5740 17973 447 146 ersucht,

3715 18156 652 147 Frankreich
4407 18156 136 147 zu
4610 18156 575 147 verlassen,
5262 18156 243 147 und
5608 18156 229 147 trat
5945 18156 242 147 der-

3725 18356 270 147 selbe
4027 18356 133 147 in
4208 18356 375 147 Folge
4627 18356 335 147 dieser
5088 18356 837 147 Aufforderung
6027 18356 173 147 die

3713 18539 325 147 Reise
4075 18539 273 147 nach
4408 18539 187 147 der
4652 18539 430 147 Grenze
5120 18539 318 147 heute
5500 18539 205 147 an.

4287 18773 210 110 Die
4535 18773 287 110 Bank
4855 18773 193 110 von
5080 18773 595 110 Frankreich.

4010 18923 63 146 a
4552 18923 43 146 2
4640 18923 45 146 7
5978 18923 44 146 a

3723 19123 830 146 qeld-Vorrath
4597 19123 185 146 der
4838 19123 337 146 Bank
5218 19123 230 146 von
5553 19123 652 146 Frankreich

3723 19306 342 147 nahm
4105 19306 165 147 im
4315 19306 363 147 Laufe
4720 19306 183 147 der
5017 19306 361 147 letzten
5488 19306 395 147 Woche
6002 19306 193 147 um

3717 19489 645 147 6,700,000
4403 19489 452 147 Francs
4897 19489 203 147 ab.

4997 19756 58 147 a

4335 19956 208 110 Ein
4580 19956 808 110 Friedenszeichen
5417 19956 196 110 (?).

4575 20123 43 146 2
4663 20123 44 146 7

3400 23623 210 146 DV

3718 20306 649 147 Negierung
4407 20306 218 147 hat
4670 20306 422 147 weitere
5108 20306 375 147 1,200
5703 20306 492 147 Krupp'-

3725 20506 212 147 iche
3968 20506 785 147 Feldgeschütze
4813 20506 450 147 bestellt.

4290 20739 247 110 Will
4577 20739 256 110 keine
4862 20739 750 110 Vermittelnng.

3878 20889 494 147 „Agende
4410 20889 412 147 Russe"
4880 20889 478 147 schreibt,
5458 20889 222 147 das
5783 20889 419 147 Gesuch

3717 21089 183 147 der
3937 21089 423 147 Pforte
4405 21089 200 147 um
4647 21089 828 147 Vermittelunz
5598 21089 287 147 wird
5983 21089 194 147 ab-

3722 21273 430 146 gelehnt
4188 21273 474 146 werden,
4723 21273 294 146 denn
5055 21273 245 146 dem
5358 21273 777 146 internationa

3677 21473 121 146 I
3937 21473 415 146 Gesetze
4448 21473 394 146 gemäß
4965 21473 298 146 kann
5368 21473 834 146 Vermittlung

3715 21656 218 147 nur
3977 21656 318 147 dann
4337 21656 683 147 stattfinden,
5083 21656 325 147 wenn
5447 21656 310 147 beide
5843 21656 340 147 krieg-

3715 21856 528 147 führende
4317 21856 545 147 Parteien
4963 21856 412 147 darum
5500 21856 698 147 nachsuchen,

3712 22039 761 147 anderenfalls
4513 22039 299 147 wäre
4873 22039 127 147 es
5113 22039 119 147 ja
5325 22039 872 147 Intervention.

4125 22273 475 110 Nußland
4633 22273 212 110 und
4877 22273 153 110 die
5060 22273 727 110 Dardanellen.

3853 22439 725 147 London,
4635 22439 215 147 28.
4938 22439 347 147 Dez.,
5388 22439 362 147 Mgs.
5897 22439 288 147 Eine

3715 22623 960 146 Specialdepesche
4752 22623 230 146 aus
5102 22623 421 146 Berlin
5648 22623 539 146 berichtet,

6257 4256 220 147 daß
6513 4256 177 147 die
6755 4256 493 147 russische
7282 4256 658 147 Regierung
7982 4256 180 147 die
8280 4256 443 147 Ansich-

6252 4439 185 147 ten
6475 4439 187 147 der
6782 4439 790 147 verschiedenen
7678 4439 195 147 am
7993 4439 740 147 Mittelmeere

6242 4639 575 147 liegenden
6872 4639 528 147 Staaten
7488 4639 454 147 betreffs
8045 4639 190 147 der
8337 4639 375 147 Eröff-

6238 4823 332 146 nung
6613 4823 187 146 der
6837 4823 791 146 Dardanellen
7693 4823 484 146 einhole.

6597 5073 245 183 Auf
6887 5073 216 183 der
7143 5073 1267 183 Balkan-Halbinsel.

6443 5289 197 110 Tie
6678 5289 404 110 Serben
7115 5289 175 110 vor
7338 5289 562 110 Novibazar
7933 5289 215 110 nnd
8182 5289 336 110 Pirot.

6758 5439 85 147 st
6873 5439 77 147 a
7653 5439 112 147 I,
7798 5439 217 147 27.
8060 5439 305 147 Dez.
8465 5439 250 147 Die

6233 5623 465 146 Serben
6740 5623 595 146 begannen
7427 5623 715 146 Kanonaden
8182 5623 203 146 auf
8427 5623 250 146 No-

6230 5823 448 146 vibazar
6810 5823 243 146 und
7095 5823 407 146 Pirot,
7595 5823 452 146 wurden
8087 5823 266 146 aber
8500 5823 197 146 vor

6220 6006 387 147 beiden
6643 6006 515 147 Städten
7222 6006 1035 147 zurückgeschlagen.
8375 6006 325 147 Man

6217 6206 448 147 glaubt,
6707 6206 528 147 dieselben
7270 6206 373 147 haben
7757 6206 180 147 die
7975 6206 475 147 Absicht,
8488 6206 200 147 um

6212 6389 650 147 Novibazar
6902 6389 1178 147 herumzumarschiren
8118 6389 247 147 und
8428 6389 264 147 über

6213 6589 690 147 Mitrowilla
7032 6589 246 147 nnd
7372 6589 640 147 Prischtina
8143 6589 207 147 auf
8487 6589 208 147 den

6208 6773 457 146 Balkan
6708 6773 859 146 vorzudringen.

6645 7006 210 110 Die
6893 7006 354 110 Brücke
7277 7006 166 110 bei
7475 7006 503 110 Nikopolis
8030 7006 235 110 fort.

7087 7173 43 146 2
7173 7173 44 146 8
8403 7173 47 146 E

6207 7356 543 147 Depesche
6853 7356 232 147 aus
7125 7356 598 147 Bucharest
7828 7356 544 147 berichtet,
8472 7356 220 147 daß

6205 7556 177 147 die
6480 7556 808 147 Schiffsbrücke
7387 7556 271 147 über
7698 7556 180 147 die
8007 7556 463 147 Donau
8515 7556 182 147 bei

6202 7739 600 147 Nikopolis
6843 7739 200 147 am
7085 7739 597 147 Mittwoch
7725 7739 327 147 durch
8090 7739 222 147 Eis
8357 7739 341 147 gänz-

6202 7939 198 147 lich
6543 7923 432 146 zerstört
7083 7923 422 146 wurde.
7650 7923 250 146 Die
7983 7923 412 146 Brücke
8518 7923 179 146 bei

6215 8123 518 146 Sistowa
6775 8123 328 146 wird,
7170 8123 320 146 wenn
7528 8123 142 146 sie
7702 8123 285 146 nicht
8025 8123 353 146 sofort
8418 8123 212 146 hin

6215 8306 887 147 weggenommen
7160 8306 330 147 wird,
7535 8306 182 147 ein
7755 8306 455 147 gleiches
8245 8306 420 147 Schick-

6218 8506 170 147 sal
6427 8506 556 147 erfahren.

7130 8706 252 147 Das
7422 8706 356 147 Wetter

6215 8906 205 147 hat
6548 8906 242 147 dem
6848 8906 722 147 Vormarsche
7697 8906 183 147 der
7917 8906 428 147 Russen
8482 8906 200 147 ber

6217 9089 711 147 Hemmschuh
7032 9089 610 147 vorgelegt,
7682 9089 248 147 und
8032 9089 491 147 gewinnt
8565 9089 115 147 es

6232 9289 211 147 jetzt
6567 9289 216 147 den
6820 9289 582 147 Anschein,
7457 9289 195 147 als
7740 9289 145 147 ob
7922 9289 190 147 der
8205 9289 493 147 Feldzuci

6232 9473 186 146 für
6543 9473 347 146 dieses
6947 9473 313 146 Jahr
7368 9473 137 146 zu
7542 9473 321 146 Ende
8003 9473 195 146 sei.
8347 9473 353 146 Dazu

6222 9673 408 146 kommt
6668 9673 315 146 noch,
7040 9673 232 146 daß
7363 9673 180 146 die
7582 9673 780 146 Eisenbahnen
8418 9673 275 146 nicht

6227 9856 675 147 regelmäßig
6940 9856 538 147 arbeiten,
7517 9856 251 147 und
7812 9856 208 147 hat
8062 9856 225 147 das
8352 9856 340 147 Com*

6230 10039 543 147 missariat
6897 10039 213 147 mit
7297 10039 736 147 Versorgung
8212 10039 191 147 der
8525 10039 183 147 bei

6222 10239 488 147 Plewna
6753 10239 572 147 liegenden
7387 10239 545 147 Truppen
7973 10239 207 147 mit
8223 10239 485 147 Lebens-

6228 10423 437 146 mitteln
6707 10423 176 146 die
6922 10423 411 146 Hände
7395 10423 280 146 voll,
7773 10423 289 146 ohne
8098 10423 230 146 daß
8367 10423 328 146 durch

6235 10623 207 146 den
6573 10623 827 146 Weitermarsch
7545 10623 188 146 der
7863 10623 549 146 Truppen
8535 10623 178 146 die

6235 10823 967 146 Schwierigkeiten
7298 10823 272 146 noch
7625 10823 535 146 vermehrt
8242 10823 468 146 werden.

7027 11056 50 147 S

6465 11239 242 147 Ein
6863 11239 892 147 Correspondent
7917 11239 438 147 schreibt
8488 11239 217 147 au?

6227 11423 485 146 Plewna
6755 11423 1050 146 folgendermaßen:
7893 11423 220 146 Als
8160 11423 177 146 die
8373 11423 310 146 Tür-

6238 11623 192 146 ken
6517 11623 321 146 ihren
6945 11623 477 146 Ausfall
7510 11623 533 146 machten,
8128 11623 355 146 ließen
8520 11623 118 146 fir

6238 11806 590 147 Tausende
6867 11806 230 147 v?n
7168 11806 820 147 Verwundeten
8028 11806 249 147 und
8318 11806 375 147 Kran-

6237 11989 193 147 ken
6463 11989 602 147 hungernd
7123 11989 249 147 und
7460 11989 288 147 ohte
7792 11989 910 147 Krankenwärter

6238 12189 407 147 zurück.
6792 12189 313 147 Drei
7190 12189 332 147 Tage
7622 12189 291 147 lang
7998 12189 340 147 lagen
8438 12189 277 147 diese

6238 12389 819 147 Unglücklichen
7095 12389 412 147 hilflos
7552 12389 245 147 nnd
7838 12389 597 147 hungernd
8525 12389 192 147 da.

6243 12573 234 146 und
6517 12573 580 146 Hunderte
7172 12573 388 146 davon
7645 12573 668 146 unterlagen
8407 12573 308 146 ihren

6240 12756 403 147 Leiden
6683 12756 247 147 und
7012 12756 1033 147 Entbehrungen.^
8087 12756 355 147 Mehr
8530 12756 187 147 als

6237 12956 368 147 1,000
6710 12956 243 147 sind
7050 12956 412 147 bereits
7567 12956 561 147 begraben
8232 12956 491 147 worden,

6240 13139 247 147 und
6528 13139 312 147 jeden
6903 13139 270 147 Tag
7248 13139 492 147 kommen
7830 13139 555 147 ungefähr
8470 13139 260 147 100

6242 13339 230 147 aus
6652 13339 248 147 dem
7040 13339 590 147 Hoipital.
7905 13339 820 147 Zweifelsohne

6243 13523 249 146 sind
6530 13523 323 146 Viele
6932 13523 563 146 begraben
7588 13523 502 146 worden,
8172 13523 275 146 noch
8535 13523 173 146 ehr

6247 13706 143 147 sie
6440 13706 242 147 todt
6722 13706 431 147 waren.
7307 13706 741 147 Diejenigen,
8135 13706 372 147 welche
8593 13706 129 147 in

6247 13906 185 147 der
6493 13906 527 147 Schlacht
7058 13906 479 147 gefallen
7608 13906 424 147 waren,
8105 13906 345 147 lugen
8532 13906 193 147 am

6237 14089 223 147 17.
6505 14089 190 147 ds.
6735 14089 728 147 unbegraben
7523 14089 200 147 da.
7847 14089 248 147 Die
8142 14089 576 147 türkischen

6253 14289 737 147 Gefangenen
7028 14289 247 147 sind
7388 14289 504 147 zwischen
7983 14289 217 147 den
8282 14289 440 147 Leichen

6248 14473 472 146 campirt
6762 14473 243 146 und
7048 14473 254 146 sind
7415 14473 477 146 beinahe
7930 14473 188 146 am
8188 14473 519 146 Verhun-

6252 14673 320 146 gern.
6690 14673 485 146 Plewna
7218 14673 129 146 ist
7410 14673 185 146 ein
7635 14673 693 146 ungeheures
8392 14673 323 146 Tod-

6257 14873 530 146 tenhau«,
6825 14873 358 146 dessen
7270 14873 432 146 Anblick
7793 14873 165 146 an
8018 14873 704 146 Schrecklich-

6258 15056 204 147 feit
6525 15056 287 147 alles
6850 15056 758 147 Dagewesene
7667 15056 611 147 übertrifft.

7237 15289 536 110 Erfrieren.

6412 15456 288 147 Eine
6742 15456 505 147 offizielle
7303 15456 494 147 russische
7830 15456 553 147 Depesche
8488 15456 225 147 aus

6257 15639 398 147 Bogot
6698 15639 547 147 berichtet,
7283 15639 230 147 daß
7598 15639 174 147 die
7848 15639 589 147 türkischen
8473 15639 240 147 Ge-

6268 15823 552 146 fangenen
6913 15823 205 146 vor
7203 15823 490 146 Plewna
7790 15823 205 146 vor
8083 15823 340 146 Kälte
8465 15823 277 146 ster-

6263 16023 257 146 den,
6558 16023 250 146 und
6852 16023 230 146 daß
7168 16023 124 146 es
7383 16023 632 146 unmöglich
8118 16023 182 146 ist,
8395 16023 338 146 ihnen

6257 16206 215 147 den
6508 16206 540 147 nöthigen
7128 16206 394 147 Schutz
7558 16206 139 147 zu
7763 16206 392 147 geben.

7368 16473 55 146 a

6547 16656 60 147 a
7023 16656 44 147 2
7110 16656 43 147 7
7828 16656 47 147 E
8248 16656 37 147 a

6258 16856 492 147 russische
6783 16856 545 147 Depesche
7393 16856 439 147 meldet,
7870 16856 188 147 der
8095 16856 330 147 unter
8467 16856 188 147 Be

6263 17039 227 147 fehl
6530 17039 197 147 des
6788 17039 705 147 Adjutanten
7537 17039 661 147 Barnahoff
8242 17039 493 147 stehend

6255 17223 577 146 Dampfer
7012 17223 685 146 ..Rußland"
7813 17223 152 146 sei
8093 17223 227 146 von
8450 17223 285 146 einer

6258 17423 660 146 Kreuzfahrt
6975 17423 167 146 im
7188 17423 717 146 Bosphmus
7973 17423 265 146 nach
8347 17423 333 146 Seba

6262 17606 366 147 stopol
6668 17606 785 147 zurückgekehrt
7490 17606 240 147 und
7772 17606 283 147 habe
8118 17606 214 147 den
8368 17606 305 147 engli

6265 17806 297 147 säten
6613 17806 1164 147 Transportdampfer
7857 17806 688 147 „Mefsinti",
8588 17806 155 147 an

6265 17989 347 147 dessen
6658 17989 345 147 Bord
7050 17989 195 147 sich
7293 17989 249 147 700
7583 17989 499 147 türkische
8145 17989 593 147 Soldaten

6267 18189 596 147 befanden,
6902 18189 193 147 als
7172 18189 333 147 Prise
7547 18189 730 147 eingebracht.

7123 18473 74 146 O
7892 18473 58 146 a

6470 18673 278 110 Wird
6783 18673 345 110 gerade
7158 18673 190 110 das
7402 18673 573 110 Eegentheil
8008 18673 464 110 bewirken

7647 18839 43 147 2
7733 18839 44 147 7

6278 19023 495 146 „Agence
6810 19023 408 146 Russe"
7255 19023 512 146 bemerkt,
7828 19023 225 146 daß
8092 19023 218 146 das
8383 19023 350 146 engli-

6277 19223 215 146 sche
6545 19223 480 146 Cabinet
7065 19223 373 146 indem
7502 19223 123 146 es
7730 19223 330 146 durch
8182 19223 506 146 Eiuberu

6280 19406 282 147 fuiip
6605 19406 197 147 des
6857 19406 753 147 Parlaments
7653 19406 140 147 zu
7850 19406 292 147 einer
8237 19406 510 147 früheren

6273 19589 190 147 als
6548 19589 800 147 gewöhnlichen
7387 19589 253 147 Zeit
7682 19589 176 147 die
7872 19589 418 147 Pforte
8335 19589 140 147 zu
8513 19589 214 147 fer-

6277 19773 360 146 nerem
6697 19773 755 146 Widerstande
7492 19773 650 146 ermnthigt,
8225 19773 177 146 die
8438 19773 275 146 Rns-

6273 19973 187 146 sen
6537 19973 493 146 zwingen
7110 19973 328 146 wird,
7528 19973 204 146 auf
7830 19973 878 146 Constantinope

6273 20173 137 146 zu
6447 20173 658 146 marschiren
7163 20173 244 146 und
7448 20173 119 146 so
7697 20173 375 146 genau
8170 20173 585 146 dasjenige

6265 20356 518 147 Resultat
6823 20356 870 147 hervorbringen
7760 20356 333 147 wird,
8138 20356 439 147 welches
8630 20356 117 147 es

6273 20556 140 147 zu
6450 20556 657 147 verhindern
7147 20556 333 147 sucht.

6557 20839 56 147 a
7002 20839 56 147 a
7230 20839 43 147 2
7317 20839 43 147 7

6272 21023 373 146 griner
6687 21023 500 146 schlugen
7253 21023 412 146 gestern
7760 21023 238 146 eine
8035 21023 693 146 Abtbeilung

6273 21223 447 146 Türken
6762 21223 501 146 zwischen
7358 21223 247 146 dem
7687 21223 726 146 Bojanfluffe
8502 21223 243 146 und

6267 21406 243 147 dem
6648 21406 627 147 Städtchen
7372 21406 665 147 Doulcigne
8163 21406 577 147 einnahm.

6260 21589 247 147 Die
6608 21589 447 147 Türken
7177 21589 363 147 ließen
7672 21589 275 147 viele
8037 21589 705 147 Gefangene,

6262 21789 236 147 drei
6540 21789 488 147 Fahnen
7110 21789 247 147 und
7445 21789 278 147 viele
7762 21789 803 147 Lebensmittel
8605 21789 133 147 in

6260 21973 212 146 den
6508 21973 495 146 Händen
7070 21973 187 146 der
7317 21973 476 146 Sieger.

6902 22239 53 147 a
7200 22239 43 147 2
7288 22239 44 147 7
8293 22239 59 147 W

6253 22439 184 147 der
6545 22439 798 147 österreichische
7420 22439 812 147 diplomatische
8325 22439 413 147 Agent,

6245 22623 205 146 hat
6492 22623 176 146 die
6728 22623 494 146 serbische
7285 22623 652 146 Regierung
7977 22623 136 146 in
8163 22623 579 146 Kenntniß

9280 656 443 147 r^,f-.
10768 656 410 147 ^M,
11727 656 923 147 ^^^ir:'r"

8808 4273 399 146 gesetzt,
9240 4273 225 146 daß
9522 4273 670 146 Oesterreich
10320 4273 162 146 im
10527 4273 480 146 Voraus
11068 4273 197 146 da-

8802 4456 343 147 gegen
9182 4456 605 147 protestirt,
9828 4456 224 147 daß
10118 4456 502 147 Serbien
10662 4456 283 147 seine
11005 4456 267 147 krie-

8798 4639 530 147 gerischen
9387 4639 253 147 oder
9675 4639 915 147 revolutionären
10632 4639 620 147 Handlun-

8798 4839 209 147 gen
9043 4839 204 147 auf
9288 4839 537 147 Bosnien
9868 4839 244 147 und
10153 4839 800 147 Herzegowina
10992 4839 283 147 aus-

8798 5039 380 147 dehnt.
9358 5039 750 147 Demzufolge
10203 5039 202 147 hat
10495 5039 177 147 die
10775 5039 493 147 serbische

8782 5223 648 146 Regierung
9472 5223 176 146 die
9715 5223 485 146 formelle
10240 5223 785 146 Versicherung
11063 5223 185 146 ge-

8787 5406 385 147 geben,
9208 5406 227 147 daß
9493 5406 247 147 dem
9777 5406 818 147 Befehlshaber
10652 5406 198 147 des
10945 5406 307 147 Dri-

8768 5606 499 147 nacorps
9347 5606 173 147 die
9557 5606 646 147 strengsten
10272 5606 473 147 Befehle
10828 5606 429 147 ertheilt

8775 5789 503 147 wurden,
9318 5789 222 147 sich
9575 5789 273 147 aller
9888 5789 972 147 Feindseligkeiten
10897 5789 341 147 gegen

8775 5973 532 146 Bosnien
9348 5973 142 146 zu
9527 5973 616 146 enthalten.

9300 6206 83 147 st
9415 6206 72 147 a
10248 6206 112 147 I,
10397 6206 213 147 27.
10655 6206 305 147 Dec.
11002 6206 248 147 Die

8768 6389 515 147 englische
9318 6389 390 147 Flotte
9752 6389 131 147 ist
9943 6389 229 147 von
10213 6389 189 147 der
10500 6389 400 147 Besika
10998 6389 252 147 Bai

8767 6589 263 147 nach
9083 6589 244 147 dem
9363 6589 295 147 Golf
9730 6589 232 147 von
10003 6589 472 147 Bonrla
10503 6589 137 147 in
10688 6589 189 147 der
10913 6589 335 147 Nähe

8767 6773 221 146 von
9028 6773 542 146 Smyrna
9637 6773 780 146 abgegangen.

8913 6973 592 146 Mahmud
9595 6973 495 146 Damud
10208 6973 434 146 Pascha
10753 6973 129 146 ist
11017 6973 231 146 von

8762 7156 291 147 einer
9092 7156 998 147 Jnspectionsreise
10213 7156 169 147 im
10477 7156 470 147 Balkan
11047 7156 188 147 zu-

8817 7339 163 147 iitf
8987 7339 466 147 gekehrt.

9712 7606 70 147 A

9253 7806 217 110 Die
9508 7806 604 110 japanestsche
10158 7806 599 110 Regierung.

9053 7956 62 147 a
9537 7956 43 147 2
9625 7956 43 147 7

8770 8156 533 147 berichtet,
9340 8156 227 147 daß
9642 8156 425 147 Japan
10165 8156 220 147 alle
10480 8156 755 147 Handelsver-

8773 8339 312 147 träge
9125 8339 700 147 aufgehoben
9863 8339 292 147 habe
10218 8339 240 147 und
10550 8339 227 147 sein
10877 8339 376 147 Recht,

8768 8539 174 147 die
9043 8539 835 147 Einfuhrszölle
10003 8539 274 147 nach
10408 8539 480 147 Wunsch
11013 8539 244 147 und

8782 8723 413 146 Willen
9238 8723 137 146 zu
9412 8723 615 146 reguliren,
10068 8723 645 146 behauptet.

9022 9039 1990 569 Inland.

9462 9789 1135 184 Vermischtes.

9335 10139 218 110 Der
9608 10139 684 110 Schneemann
10322 10139 388 110 kommt.

9365 10289 72 147 a
9593 10289 125 147 o,
9762 10289 218 147 27.
10048 10289 657 147 Dezember,
10908 10289 345 147 lieber

8790 10489 583 147 Cheyenne
9410 10489 132 147 ist
9598 10489 184 147 ein
9887 10489 486 147 schwerer
10485 10489 768 147 Schneesturm

8812 10673 971 146 lereingebrochen,
9885 10673 423 146 welcher
10343 10673 247 146 sich
10742 10673 515 146 ostwärts

8790 10873 518 146 'linzieht.
9445 10873 243 146 Im
9752 10873 428 146 ganzen
10290 10873 713 146 Nordwesten
11132 10873 121 146 ist

8787 11056 213 147 Das
9058 11056 415 147 Wetter
9513 11056 374 147 kühler
9948 11056 247 147 und
10295 11056 332 147 droht
10762 11056 491 147 Schnee-

8795 11239 248 147 fall.

9137 11489 210 110 Die
9385 11489 1535 110 Barclahstraßen-Katastrophe.

8932 11639 133 147 N
9748 11639 102 147 k,
9972 11639 213 147 27.
10303 11639 305 147 Dez.
10793 11639 477 147 Martin

8792 11823 566 146 Conners,
9398 11823 424 146 welcher
9900 11823 185 146 bei
10183 11823 247 146 dem
10560 11823 418 146 neulich
11107 11823 156 146 an

8787 12023 183 146 der
9007 12023 861 146 Barclaystraße
9928 12023 982 146 stattgefundenem
11013 12023 244 146 Un-

8805 12206 337 147 glücke
9193 12206 404 147 verletzt
9705 12206 425 147 wurde,
10242 12206 540 147 unterlag
10905 12206 370 147 seinen

8798 12406 775 147 Verletzungen
9612 12406 325 147 heute
9995 12406 165 147 im
10225 12406 587 147 Hospital.

8935 12623 363 146 Heute
9408 12623 455 146 wurden
9963 12623 944 146 Kleidungsstücke
11030 12623 247 146 und

8842 12806 186 147 ine
9135 12806 440 147 Anzahl
9693 12806 442 147 Brief?,
10202 12806 176 147 die
10505 12806 158 147 an
10788 12806 485 147 Nicolas

8818 13006 347 147 Wolf,
9208 13006 159 147 63
9407 13006 868 147 Barclaystraße
10315 13006 493 147 gerichtet
10843 13006 424 147 waren,

8793 13189 224 147 aus
9102 13189 235 147 dem
9447 13189 481 147 Schutte
10022 13189 1013 147 herausgegraben
11152 13189 125 147 es

8793 13389 380 147 scheint
9227 13389 363 147 jedoch
9658 13389 575 147 Niemand
10302 13389 140 147 zu
10518 13389 417 147 wissen,
11060 13389 213 147 wer

8810 13589 308 147 Wolf
9162 13589 181 147 ist.

9375 13806 250 110 Kein
9658 13806 670 110 Unglücksfall
10360 13806 343 110 allein.

10335 13956 42 147 2
10420 13956 43 147 7

8790 14156 435 147 Leichen
9262 14156 233 147 von
9558 14156 427 147 Gattin
10030 14156 247 147 und
10320 14156 315 147 Kind
10730 14156 202 147 des
11037 14156 223 147 Ge-

8803 14339 844 147 heimpolizisten
9685 14339 442 147 Pryde,
10170 14339 373 147 welche
10597 14339 191 147 am
10897 14339 375 147 Mon-

8807 14539 191 147 tag
9037 14539 516 147 Morgen
9597 14539 465 147 zufällig
10103 14539 572 147 erschossen
10787 14539 501 147 wurden,

8800 14723 372 146 wurde
9212 14723 318 146 heute
9567 14723 538 146 beerdigt.
10302 14723 371 146 Heute
10770 14723 510 146 Morgen

8810 14906 217 147 craf
9087 14906 181 147 ein
9307 14906 716 147 Telegramm
10110 14906 233 147 ein,
10462 14906 230 147 daß
10783 14906 499 147 Prydc's

8818 15106 430 147 Zruder
9290 15106 197 147 am
9582 15106 530 147 Montag
10205 15106 513 147 Morgen
10832 15106 141 147 in
11097 15106 181 147 der

8797 15289 335 147 Nähe
9172 15289 235 147 von
9465 15289 387 147 Town
9897 15289 376 147 Creek,
10328 15289 320 147 Ala.,
10743 15289 540 147 ermordet

8828 15489 744 147 aufgefunden
9610 15489 450 147 worden
10123 15489 197 147 sei.

9257 15723 213 110 Die
9508 15723 469 110 „Huron"
10113 15723 670 110 Katastrophe.

8965 15873 82 146 W
9130 15873 57 146 a
10698 15873 45 146 2
10788 15873 45 146 7

8813 16073 659 146 Lieutenant
9577 16073 440 146 Wolter
10127 16073 530 146 Walton,
10762 16073 506 146 Gehilfs-

8807 16256 601 147 Inspektor
9542 16256 201 147 des
9885 16256 1405 147 Lebensrettungsdienstes

8813 16456 159 147 an
9077 16456 186 147 der
9300 16456 333 147 Küste
9702 16456 223 147 von
9988 16456 1009 147 Nord-Carolina,
11088 16456 159 147 ha

8810 16639 322 147 einen
9168 16639 447 147 Bericht
9655 16639 277 147 über
9993 16639 175 147 die
10205 16639 540 147 „Huron"
10923 16639 310 147 Kata

8817 16839 426 147 itr?phe
9283 16839 529 147 gemacht,
9832 16839 228 147 ans
10100 16839 482 147 welchem
10600 16839 700 147 hervorgeht,

8825 17023 217 146 daß
9077 17023 178 146 ein
9320 17023 480 146 Fischer,
9838 17023 520 146 Namens
10398 17023 342 146 Evan
10783 17023 484 146 O'Ncill

8828 17223 215 146 oon
9173 17223 679 146 Nagshead,
9948 17223 204 146 um
10193 17223 180 146 1£
10420 17223 247 146 Uhr
10768 17223 160 146 an
11053 17223 239 146 dem

8825 17406 503 147 Morgen
9370 17406 203 147 des
9632 17406 590 147 Unglücks,
10260 17406 223 147 das
10522 17406 371 147 Schiff
10958 17406 337 147 gegen

8823 17606 212 147 )as
9078 17606 270 147 Ufer
9412 17606 625 147 zukommen
10073 17606 249 147 sah.
10433 17606 259 147 Der
10737 17606 565 147 Dampfer

8830 17789 262 147 trieb
9128 17789 245 147 und
9435 17789 362 147 schlug
9832 17789 158 147 an
10055 17789 243 147 dem
10360 17789 477 147 äußeren
10873 17789 412 147 Rande

8830 17973 172 146 ter
9052 17973 380 146 Barre
9475 17973 438 146 herum,
10002 17973 246 146 und
10290 17973 375 146 wurde
10730 17973 565 146 schließlich

8825 18173 542 146 seitwärts
9405 18173 202 146 auf
9680 18173 448 146 dieselbe
10185 18173 748 146 geschleudert.

8970 18389 165 147 Er
9183 18389 320 147 hörte
9543 18389 177 147 die
9758 18389 700 147 Nothschreie
10522 18389 228 147 von
10792 18389 245 147 dem
11097 18389 181 147 ge-

8827 18589 610 147 strandeten
9473 18589 429 147 Schiffe
9968 18589 240 147 und
10297 18589 201 147 sah
10533 18589 177 147 die
10802 18589 488 147 Raketen

8830 18773 220 146 von
9178 18773 602 146 demselben
9875 18773 648 146 aufsteigen,
10603 18773 389 146 ebenso
11120 18773 173 146 die

8827 18973 221 146 von
9088 18973 210 146 den
9363 18973 402 146 Enden
9805 18973 198 146 des
10060 18973 500 146 Schiffes
10600 18973 698 146 brennenden

8838 19156 549 147 Signale,
9502 19156 246 147 und
9830 19156 292 147 zwar
10210 19156 238 147 war
10492 19156 123 147 es
10715 19156 205 147 auf
11050 19156 245 147 dem

8837 19356 420 147 Schiffe
9295 19356 122 147 so
9472 19356 268 147 hell,
9780 19356 227 147 daß
10062 19356 110 147 er
10230 19356 220 147 das
10488 19356 364 147 leichte
10887 19356 391 147 Takel-

8830 19539 262 147 werk
9127 19539 248 147 und
9417 19539 176 147 die
9652 19539 785 147 Bemannung
10478 19539 317 147 sehen
10853 19539 399 147 konnte

8822 19739 236 147 Ein
9173 19739 325 147 Boot
9543 19739 202 147 auf
9807 19739 188 147 der
10138 19739 719 147 Steuerbord
10915 19739 383 147 Seite,

8833 19923 429 146 welches
9365 19923 342 146 voller
9748 19923 339 146 Leute
10183 19923 294 146 war,
10575 19923 718 146 verschwand,

8825 20123 188 146 als
9055 20123 183 146 der
9307 20123 716 146 Vordermast
10063 20123 220 146 fiel.
10533 20123 170 146 Er
10752 20123 321 146 hörte
11113 20123 174 146 die

8812 20306 310 147 Rase
9160 20306 227 147 von
9427 20306 245 147 dem
9725 20306 430 147 Schiffe
10195 20306 798 147 fortwährend,
11033 20306 259 147 aber

8825 20506 543 147 ungefähr
9427 20506 653 147 fünfviertel
10165 20506 478 147 Stunde
10725 20506 272 147 nach
11032 20506 248 147 dem

8817 20689 336 147 ersten
9288 20689 515 147 Signale
9892 20689 235 147 war
10170 20689 203 147 auf
10482 20689 245 147 dem
10855 20689 413 147 Schifft

8817 20873 283 146 alles
9138 20873 420 146 finster.

8965 21106 487 147 O'Nejll
9498 21106 280 147 ging
9822 21106 441 147 hierauf
10342 21106 273 147 nach
10650 21106 430 147 Hause,
11118 21106 150 147 aß

8813 21289 224 147 sein
9163 21289 577 147 Frühstück
9778 21289 244 147 und
10063 21289 349 147 kehrte
10472 21289 285 147 nicht
10888 21289 380 147 wieder

8807 21489 248 147 zum
9092 21489 535 147 Strande
9688 21489 360 147 zurück
10083 21489 192 147 bis
10335 21489 275 147 nach
10698 21489 564 147 Sonnen-

8807 21673 563 146 aufgang.
9513 21673 167 146 Er
9788 21673 404 146 wußte,
10230 21673 177 146 wo
10488 21673 189 146 der
10773 21673 492 146 Wächter

8802 21873 181 146 der
9020 21873 1357 146 Lebensrettungsstation
10513 21873 490 146 wohnte,
11043 21873 220 146 nur

8802 22073 548 146 ungefähr
9477 22073 171 146 2£
9692 22073 446 146 Meilen
10182 22073 230 146 von
10452 22073 203 146 da,
10782 22073 230 146 daß
11050 22073 248 146 sich

8798 22256 175 147 ein
9030 22256 325 147 gutes
9392 22256 328 147 Boot
9765 22256 453 147 daselbst
10298 22256 462 147 befand,
10800 22256 227 147 daß
11063 22256 189 147 der

8798 22439 362 147 Wind
9205 22439 425 147 sowohl
9668 22439 185 147 für
9967 22439 181 147 die
10187 22439 828 147 Hinausfahrt,
11058 22439 207 147 wie

8798 22639 180 147 für
9022 22639 176 147 die
9237 22639 596 147 Rückfahrt
9925 22639 328 147 unter
10295 22639 215 147 den
10622 22639 398 147 Schutz
11057 22639 191 147 der

11233 3306 99 147 S
14260 3323 83 146 $
14427 3323 83 146 2
14703 3323 97 146 S
15750 3323 68 146 a

11337 4289 351 147 Insel
11737 4289 540 147 Roanoke
12368 4289 447 147 günstig
12903 4289 292 147 war,
13268 4289 247 147 und
13557 4289 260 147 doch

11343 4489 292 147 blieb
11738 4489 464 147 derselbe
12237 4489 240 147 drei
12615 4489 562 147 Stunde»
13220 4489 295 147 lang
13560 4489 205 147 still

11340 4656 672 147 ungerührt.

12027 4923 593 110 Menschliche
12647 4923 468 110 Hyänen.

11483 5073 259 146 Der
11787 5073 446 146 Bericht
12273 5073 422 146 schließt
12762 5073 960 146 folgendermaßen

11392 5256 181 147 Es
11618 5256 135 147 ist
11792 5256 920 147 haarsträubend,
12750 5256 227 147 daß
13067 5256 156 147 an
13325 5256 218 147 den
13633 5256 190 147 91

11317 5439 448 147 Leichen
11802 5439 601 147 [darunter
12465 5439 318 147 zwölf
12823 5439 230 147 von
13073 5439 737 147 Offtcieren],

11327 5639 170 147 die
11533 5639 199 147 am
11792 5639 530 147 Strände
12422 5639 760 147 aufgefunden
13308 5639 497 147 wurden,

11322 5823 283 146 nicht
11643 5823 185 146 ein
11887 5823 463 146 einziger
12448 5823 1099 146 Werthgegcnstand,
13585 5823 218 146 den

11323 6006 170 147 die
11553 6006 785 147 Angehörigen
12378 6006 187 147 der
12657 6006 868 147 Verunglückten
13607 6006 190 147 als

11323 6206 184 147 ein
11547 6206 1201 147 Erinnerungszeichen
12847 6206 580 147 betrachtet
13527 6206 253 147 hät-

11323 6389 225 147 ten,
11587 6389 560 147 gefunden
12203 6389 419 147 wurde.
12800 6389 385 147 Uhren
13225 6389 242 147 und
13508 6389 265 147 Ket-

11320 6573 228 146 ten,
11588 6573 309 146 Geld
11938 6573 244 146 und
12223 6573 339 146 sogar
12655 6573 177 146 die
12868 6573 384 146 Ringe
13293 6573 230 146 von
13563 6573 224 146 dcn

11313 6773 504 146 Fingern
11860 6773 380 146 waren
12350 6773 235 146 von
12700 6773 422 146 Denen
13247 6773 548 146 gestohlen

11318 6973 494 146 worden,
11852 6973 373 146 welche
12278 6973 177 146 die
12530 6973 457 146 Lnchen
13083 6973 339 146 zuerst
13523 6973 279 146 aus«

11365 7173 413 146 anden.
11933 7173 342 146 Ganz
12338 7173 600 146 deutlichen
13030 7173 460 146 Beweis
13585 7173 212 146 Hai

11317 7356 271 147 man
11630 7356 178 147 bei
11882 7356 670 147 Lieutenant
12683 7356 644 147 Simonds,
13445 7356 350 147 deffen

11323 7539 374 147 dritter
11738 7539 240 147 und
12082 7539 391 147 vierter
12558 7539 429 147 Finger
13118 7539 190 147 der
13430 7539 363 147 linken

11310 7739 357 147 Hand
11710 7739 233 147 von
11985 7739 213 147 den
12252 7739 548 147 Räubern
12882 7739 141 147 in
13117 7739 296 147 ihrer
13498 7739 305 147 Eile,

11323 7939 190 147 sich
11562 7939 200 147 des
11798 7939 480 147 Raubes
12335 7939 138 147 zu
12577 7939 626 147 versichern,
13298 7939 485 147 verkratzt

11323 8106 445 147 worden
11807 8106 486 147 waren."

11965 8356 617 110 Meuchlings
12648 8356 500 110 ermordet.

12622 8506 138 147 n,
12807 8506 208 147 27.
13058 8506 302 147 Dez.
13502 8506 301 147 Jas.

11317 8689 488 147 O'Neil,
11890 8689 183 147 ein
12158 8689 874 147 wohlbekannter
13150 8689 637 147 Lo'omoti*

11327 8889 576 147 venführer
11943 8889 187 147 der
12218 8889 499 147 Chicago
12757 8889 123 147 &
12933 8889 359 147 Alton
13400 8889 392 147 Eisen-

11325 9089 353 147 bahn,
11718 9089 377 147 wurde
12135 9089 318 147 heute
12508 9089 512 147 Morgen
13063 9089 205 147 um
13338 9089 84 147 3
13512 9089 296 147 Uhr,

11328 9273 522 146 während
11888 9273 114 146 er
12088 9273 232 146 von
12362 9273 290 146 einer
12690 9273 367 146 Fahrt
13150 9273 203 146 auf
13460 9273 337 146 seiner

11322 9473 698 146 Locomotive
12058 9473 272 146 nach
12365 9473 382 146 Hause
12813 9473 390 146 kehrte,
13277 9473 206 146 auf
13617 9473 183 146 der

11340 9656 437 147 Straße
11818 9656 615 147 erschaffen.
12585 9656 262 147 Der
12927 9656 401 147 Schuß
13430 9656 373 147 wurde

11330 9839 235 147 oon
11605 9839 750 147 unbekannter
12393 9839 362 147 Hand
12798 9839 525 147 gefeuert.
13513 9839 289 147 DciS

11333 10039 299 147 Geld
11672 10039 218 147 das
11947 10039 115 147 er
12100 10039 185 147 bei
12323 10039 227 147 sich
12585 10039 313 147 trug,
12943 10039 232 147 war
13240 10039 283 147 nicht
13610 10039 190 147 ge-

11332 10223 520 146 nommen
11890 10223 495 146 worden,
12447 10223 120 146 so
12617 10223 225 146 daß
12880 10223 350 146 Raub
13253 10223 222 146 das
13513 10223 279 146 Mo-

11338 10423 154 146 tiv
11535 10423 282 146 nicht
11885 10423 230 146 sein
12168 10423 439 146 konnte.

11473 10606 450 147 O'Neil
11972 10606 238 147 war
12252 10606 190 147 als
12483 10606 189 147 ein
12712 10606 600 147 muthiger,
13373 10606 384 147 glückli

11337 10806 271 147 cher,
11643 10806 500 147 ehrlicher
12180 10806 248 147 und
12470 10806 592 147 friedliche
13105 10806 455 147 Bürger
13603 10806 135 147 be

11337 11006 391 147 kannt,
11770 11006 250 147 und
12063 11006 309 147 hatte
12410 11006 178 147 die
12652 11006 501 147 Achtung
13240 11006 272 147 aller
13590 11006 198 147 Je-

11337 11189 245 147 ner,
11622 11189 176 147 die
11837 11189 208 147 ihn
12090 11189 523 147 kannten.
12722 11189 165 147 Er
12935 11189 235 147 war
13212 11189 165 147 35
13445 11189 365 147 Jahn

11337 11389 216 147 alt,
11598 11389 249 147 und
11888 11389 440 147 wohnte
12368 11389 525 147 während
12953 11389 190 147 der
13182 11389 361 147 letzten
13652 11389 173 147 20

11345 11589 368 147 Jahre
11757 11589 185 147 bei
12068 11589 340 147 seiner
12510 11589 453 147 Mutter
13067 11589 438 147 dahier.
13653 11589 149 147 E

11343 11773 232 146 war
11615 11773 492 146 niemals
12167 11773 768 146 verheirathet.

11493 11956 179 147 Es
11717 11956 283 147 wird
12043 11956 285 147 alles
12393 11956 569 147 Mögliche
13062 11956 466 147 gethan,
13615 11956 202 147 um

11347 12156 208 147 dcn
11592 12156 565 147 Meuchler
12218 12156 592 147 ausfindig
12852 12156 136 147 zu
13025 12156 495 147 machen.

11963 12389 309 110 Mord
12307 12389 211 110 und
12550 12389 648 110 Selbstmord.

11627 12556 56 147 a
12965 12556 45 147 2
13055 12556 45 147 7

11345 12739 367 147 Heute
11750 12739 270 147 trug
12065 12739 222 147 sich
12322 12739 383 147 dahier
12767 12739 508 147 folgende
13313 12739 485 147 schauer-

11345 12923 260 146 liehe
11640 12923 578 146 Tragödie
12280 12923 137 146 zu
12578 12923 275 146 Col.
12897 12923 528 146 William
13472 12923 328 146 Ran-

11347 13123 350 146 5olph
11820 13123 575 146 Berkeley,
12520 13123 838 146 Rechtsanwalt
13487 13123 318 146 dicset

11353 13306 422 147 Stadt,
11822 13306 201 147 saß
12058 13306 134 147 in
12282 13306 396 147 seinem
12713 13306 490 147 Bureau
13297 13306 243 147 und
13582 13306 231 147 war

11348 13506 129 147 in
11523 13506 352 147 einem
11978 13506 607 147 Gespräche
12672 13506 211 147 mit
12952 13506 381 147 Herrn
13438 13506 392 147 Alfred

11355 13689 408 147 Moth,
11812 13689 486 147 Cassirer
12335 13689 188 147 der
12580 13689 482 147 English
13103 13689 240 147 and
13385 13689 387 147 Ameri

11355 13873 215 146 enn
11607 13873 395 146 Bank,
12047 13873 583 146 begriffen,
12670 13873 190 146 als
12903 13873 514 146 Jemand
13458 13873 162 146 an
13662 13873 171 146 die

11355 14056 388 147 Thüre
11785 14056 447 147 klopfte.
12402 14073 273 146 Col.
12718 14073 524 146 Berkeley
13280 14073 280 146 ging
13585 14073 252 146 hin,

11667 14256 391 147 Thüre
12102 14256 140 147 zu
12338 14256 424 147 öffnen,
12800 14256 248 147 und
13135 14256 193 147 als
13370 14256 117 147 er
13610 14256 218 147 das

11360 14456 295 147 that,
11697 14456 405 147 krachte
12138 14456 240 147 ihm
12420 14456 185 147 ein
12697 14456 403 147 Schuß
13140 14456 240 147 von
13422 14456 393 147 Außen

11360 14639 527 147 entgegen
11988 14639 250 147 und
12310 14639 108 147 er
12455 14639 180 147 fiel
12713 14639 549 147 rücklings
13352 14639 243 147 todt
13695 14639 133 147 zu

11352 14839 453 147 Boden.
11997 14839 280 147 Fast
12405 14839 817 147 augenblicklich
13385 14839 437 147 hierauf

11360 15023 223 146 trat
11627 15023 553 146 Capitain
12243 15023 322 146 Wm.
12610 15023 175 146 H.
12853 15023 530 146 Kennedy
13422 15023 136 146 in
13608 15023 215 146 das

11345 15223 525 146 Bureau,
11913 15223 310 146 stellte
12258 15223 210 146 sich
12502 15223 366 146 hinter
12910 15223 275 146 Col.
13202 15223 526 146 Berkeley

11360 15423 358 146 Pult,
11768 15423 284 146 setzte
12082 15423 225 146 sich
12343 15423 234 146 eine
12612 15423 433 146 Pistole
13087 15423 165 146 an
13293 15423 214 146 den
13525 15423 262 146 Kop

11370 15606 240 147 und
11708 15606 407 147 drückte
12150 15606 242 147 los.
12540 15606 293 147 Herr
12877 15606 366 147 Moih
13345 15606 495 147 erklärte,

11362 15789 115 147 er
11515 15789 292 147 habe
11843 15789 317 147 Hrn.
12263 15789 529 147 Kennedy
12850 15789 238 147 eine
13125 15789 703 147 Bemerkung

11362 15989 435 147 machen
11895 15989 398 147 hören,
12333 15989 190 147 ehe
12602 15989 470 147 derselbe
13107 15989 215 147 den
13443 15989 394 147 Schuß

11365 16173 203 146 auf
11630 16173 192 146 sich
11932 16173 593 146 abfeuerte,
12563 16173 225 146 aus
12890 16173 428 146 welcher
13420 16173 115 146 er
13573 16173 242 146 ent-

11365 16373 425 146 nehme,
11827 16373 226 146 daß
12092 16373 530 146 Kennedy
12685 16373 353 146 etwas
13077 16373 210 146 mit
13332 16373 520 146 Berkeley

11363 16573 352 146 hatte.

11517 16789 531 147 Kennedy
12107 16789 405 147 machte
12547 16789 320 147 schon
12950 16789 373 147 früher
13363 16789 464 147 dreimal

11375 16989 205 147 den
11723 16989 524 147 Versuch,
12285 16989 220 147 sich
12542 16989 303 147 selbst
12947 16989 218 147 das
13203 16989 362 147 Leben
13705 16989 127 147 zu

11372 17173 458 146 nehmen
11867 17173 248 146 und
12157 17173 241 146 war
12508 17173 514 146 überdies
13060 17173 133 146 in
13242 17173 181 146 der
13483 17173 350 146 letzten

11377 17373 246 146 Zeit
11723 17373 412 146 launig
12178 17373 249 146 und
12468 17373 720 146 mißmuthig.
13343 17373 169 146 Er
13615 17373 218 146 lebt

11372 17556 311 147 noch,
11720 17556 128 147 es
11905 17556 125 147 ist
12092 17556 358 147 jedoch
12580 17556 290 147 keine
12905 17556 605 147 Hoffnung
13553 17556 200 147 vor

11367 17756 488 147 Händen,
11892 17756 226 147 sein
12153 17756 370 147 Leben
12580 17756 355 147 retten
12975 17756 137 147 zu
13167 17756 475 147 können.

12063 18056 1075 183 Bankerotte.

12110 18406 442 110 Receiver
12582 18406 461 110 ernannt.

11510 18556 67 147 N
12438 18556 42 147 2
12523 18556 44 147 7

11368 18739 125 147 de
11557 18739 183 147 für
11843 18739 179 147 die
12143 18739 545 147 People's
12818 18739 552 147 Savings
13488 18739 334 147 Bant

11413 18939 132 147 in
11680 18939 670 147 Einnehmer
12487 18939 525 147 ernannt.
13158 18939 244 147 Die
13532 18939 276 147 Ver-

11365 19123 802 146 bindlichkeiten
12203 19123 547 146 derselben
12785 19123 560 146 Ibetragen
13405 19123 408 146 §200,-

11358 19306 294 147 000,
11695 19306 223 147 das
11957 19306 630 147 Vermögen
12627 19306 488 147 dagegen
13152 19306 220 147 nur
13415 19306 402 147 $157,-

11358 19489 274 165 000.

12235 19739 330 110 Nett?r
12597 19739 103 110 &
12740 19739 185 110 Co.

11508 19889 250 147 Die
11805 19889 405 147 „Post"
12253 19889 294 147 sagt,
12585 19889 227 147 daß
12905 19889 183 147 der
13180 19889 578 147 Gesammt

11357 20089 386 147 betrag
11782 20089 188 147 der
12023 20089 595 147 Anleihen,
12658 20089 370 147 welche
13110 20089 233 147 von
13435 20089 377 147 Netter

11355 20273 117 146 &
11523 20273 225 146 Co.
11790 20273 200 146 auf
12063 20273 505 146 Anderen
12647 20273 508 146 gehörige
13193 20273 597 146 Werthpa-

11355 20473 300 146 piere
11695 20473 477 146 erhoben
12312 20473 496 146 wurden,
12848 20473 247 146 sich
13255 20473 203 146 auf
13535 20473 272 146 etwa

11355 20656 603 147 $300,000
12000 20656 532 147 betragen
12610 20656 470 147 werden.
13222 20656 255 147 Die
13593 20656 199 147 Ei-

11352 20856 633 147 gentümer
12028 20856 329 147 dieser
12455 20856 830 147 Werthpapiere
13385 20856 425 147 werden

11355 21056 512 147 dieselben
11927 21056 351 147 jedoch
12335 21056 593 147 sämmtlich
12965 21056 187 147 für
13195 21056 597 147 $150,000

11343 21239 180 147 bis
11565 21239 605 147 $200,000
12263 21239 682 147 zruiicferlcn
12985 21239 173 147 jen
13235 21239 240 147 i:tt)
13523 21239 215 147 wer

11347 21439 203 147 den
11585 21439 248 147 sich
11902 21439 203 147 um
12188 21439 1189 147 Zurückerlangungen
13473 21439 320 147 diese,

11338 21623 580 146 Summen
11960 21623 162 146 an
12163 21623 384 146 Netter
12587 21623 126 146 &
12768 21623 225 146 Co.
13063 21623 389 146 halten
13492 21623 303 146 müs-

11332 21806 230 147 sen.

11490 22089 65 147 S
12323 22089 57 147 E
13413 22089 65 147 W
13545 22089 45 147 a
13685 22089 90 147 l-

11332 22273 350 146 street,
11717 22273 226 146 daß
11982 22273 176 146 die
12293 22273 504 146 Verluste
12925 22273 550 146 anläßlich
13595 22273 202 146 des

11318 22473 687 146 Bankerotts
12045 22473 230 146 von
12317 22473 385 146 Netter
12760 22473 125 146 &
12940 22473 272 146 Co.,
13253 22473 249 146 sich
13592 22473 208 146 aus

11323 22673 427 146 nahezu
11788 22673 614 146 $300,000
12445 22673 515 146 beziffern
12997 22673 476 146 werden.

16077 739 178 147 faa

15607 3839 311 202 No.
16012 3839 156 202 2.

14032 4306 258 147 Der
14335 4306 902 147 Rechtsbeistand
15273 4306 194 147 der
15545 4306 462 147 Firma,
16125 4306 227 147 Gfc*

13882 4506 148 147 Ä'

14062 4473 213 183 dge

14310 4506 263 147 Dri
14722 4506 298 147 nboe

15058 4473 122 183 er

15217 4506 368 147 erhielt
15650 4506 237 147 ene
15962 4506 388 147 Depe­

13878 4689 219 147 sche
14127 4689 236 147 von
14405 4689 605 147 Freunden
15072 4689 180 147 der
15288 4689 459 147 N.tters
15828 4689 137 147 in
16062 4689 305 147 §i»«

13875 4889 480 147 clnnati,
14398 4889 370 147 welche
14802 4889 488 147 besagte,
15327 4889 220 147 daß
15583 4889 522 147 Freunde
16145 4889 247 147 sich

13875 5073 203 146 auf
14120 5073 248 146 dem
14432 5073 350 146 Wege
14822 5073 280 146 nach
15138 5073 282 146 New
15522 5073 305 146 York
15947 5073 401 146 bcfäi^

13873 5273 254 146 den,
14165 5273 207 146 um
14415 5273 180 146 die
14652 5273 996 146 Angelegenheiten
15687 5273 188 146 der
15928 5273 417 146 Firm»

14057 5439 473 147 ordnen.

13867 5439 136 147 zu

14687 5689 181 110 In
14900 5689 162 110 der
15092 5689 470 110 Klemme.

14692 5856 43 147 2
14780 5856 43 147 7
15945 5856 37 147 a

13862 6039 186 147 der
14103 6039 297 147 West
14437 6039 445 147 Boston
14923 6039 569 147 Savings
15620 6039 340 147 Bank
16003 6039 245 147 rno-

13865 6223 255 146 chen
14153 6223 210 146 |ich
14402 6223 176 146 die
14640 6223 583 146 Vortheile
15307 6223 185 146 der
15595 6223 755 146 Nebengesetze

13857 6423 188 146 der
14082 6423 386 146 Bank,
14512 6423 450 146 wonach
15015 6423 230 146 von
15287 6423 216 146 den
15558 6423 795 146 Depositoren»

13877 6606 361 147 welche
14272 6606 243 147 ihre
14575 6606 410 147 Gelder
15042 6606 726 147 zurückziehen
15903 6606 454 147 wollen,

13865 6789 572 147 vorherige
14475 6789 720 147 Kündigung
15238 6789 512 147 verlangt
15832 6789 326 147 wird,
16202 6789 156 147 z*

13858 6989 457 147 Nutzen.
14410 6989 255 147 Die
14713 6989 594 147 eventuelle
15343 6989 999 147 Zahlungsfähig-

13970 7173 95 146 it
14117 7173 185 146 der
14338 7173 344 146 Bank
14807 7173 288 146 wird
15187 7173 386 146 davon
15703 7173 649 146 abhängen,

14058 7373 457 146 dieselbe
14548 7373 244 146 ihre
14890 7373 547 146 Anleihen
15540 7373 208 146 auf
15857 7373 485 146 Grund-

13863 7573 675 146 eigcnthuin,
14578 7573 220 146 das
14858 7573 237 146 sehr
15130 7573 633 146 entivcrthct
15832 7573 178 146 ist,
16080 7573 257 146 rcg-

13863 7739 372 147 iisiren
14275 7739 343 147 kann.

14510 7989 257 110 Blut
14805 7989 182 110 um
15022 7989 270 110 jeden
15352 7989 341 110 Preis.

14718 8156 44 147 2
14807 8156 45 147 8

13868 8339 155 147 im
14067 8339 535 147 Dundee,
14642 8339 408 147 Mich.,
15093 8339 344 147 John
15515 8339 448 147 Wesley
16003 8339 330 147 Har-

13868 8523 327 146 wood
14235 8523 208 146 mit
14552 8523 353 146 einem
14993 8523 502 146 gewissen
15627 8523 303 146 Geo.
16062 8523 305 146 Va»

13862 8723 440 146 Deuter
14343 8723 134 146 in
14525 8723 322 146 einen
14957 8723 626 146 Woristrcit
15682 8723 245 146 und
16053 8723 295 146 ging

13865 8906 412 147 darauf
14317 8906 271 147 nach
14640 8906 430 147 Hause,
15110 8906 178 147 wo
15328 8906 114 147 er
15548 8906 320 147 einen
15962 8906 390 147 DokH

13870 9106 137 147 zu
14043 9106 242 147 dem
14345 9106 412 147 Zwecke
14792 9106 350 147 holte,
15183 9106 200 147 um
15503 9106 280 147 Van
15903 9106 447 147 Denier

14098 9289 622 147 ermorden.
14865 9289 170 147 Er
15167 9289 403 147 konnte
15692 9289 190 147 bei
16005 9289 353 147 seinsr

13867 9489 530 147 Rückkehr
14433 9489 564 147 denselben
15075 9489 360 147 jedoch
15527 9489 285 147 nicht
15850 9489 418 147 finden,

13865 9689 248 147 und
14155 9689 412 147 m.ichte
14603 9689 247 147 sich
14915 9689 142 147 in
15172 9689 701 147 Begleitung
16000 9689 368 147 seine»

13882 9873 443 146 Vetters
14365 9873 303 146 Geo.
14748 9873 592 146 Hrroood
15412 9873 203 146 auf
15715 9873 218 146 den
16065 9873 308 146 W$

13953 10056 189 147 (ich
14175 10056 427 147 Hause.
14763 10056 667 147 Unterwegs
15507 10056 553 147 geriethen
16098 10056 260 147 nun

13873 10256 279 147 diese
14185 10256 438 147 Beiden
14687 10256 368 147 wegen
15092 10256 296 147 |tcS
15482 10256 466 147 Besitzes
16053 10256 329 147 eine»

13872 10439 621 147 Revolvers
14570 10439 138 147 in
14795 10439 807 147 Wortwechsel,
15712 10439 170 147 im
15998 10439 369 147 Laufe

13883 10639 347 147 Neffen
14355 10639 348 147 John
14883 10639 460 147 Wesley
15468 10639 369 147 seinen
15970 10639 392 147 Vetter

13888 10823 445 146 George
14427 10823 213 146 mit
14767 10823 251 146 dem
15132 10823 440 146 Dolche
15692 10823 685 146 niederstieß.

13877 11023 493 146 Letzterer
14428 11023 239 146 war
14710 11023 822 146 augenblicklich
15630 11023 243 146 eine
15958 11023 417 146 Leiche.

13883 11206 254 147 Der
14182 11206 480 147 Mörder
14705 11206 425 147 entfloh
15220 11206 252 147 und
15563 11206 134 147 ist
15817 11206 198 147 bis
16150 11206 230 147 jcßt

13890 11406 265 147 noch
14207 11406 285 147 nicht
14530 11406 477 147 erhascht
15092 11406 498 147 worden.

14847 11639 573 110 Erschösse,».

14035 11789 137 147 N
14195 11789 72 147 a
14818 11789 100 147 e,
14953 11789 384 147 Tenn.
15380 11789 215 147 26.
15638 11789 307 147 Dez.
16067 11789 308 147 Ge».

13898 11973 592 146 Devaney,
14575 11973 182 146 e-n
14793 11973 282 146 alter
15185 11973 457 146 Bürger
15687 11973 231 146 von
16042 11973 335 146 TuS«

13890 12173 485 146 ciurbia,
14475 12173 377 146 wurde
14935 12173 618 146 vorgestern
15645 12173 398 146 Abend
16145 12173 255 146 vo»

13898 12356 394 147 seinem
14365 12356 737 147 Fuhrmann,
15183 12356 524 147 Namens
15788 12356 365 147 King,
16198 12356 179 147 er-

13897 12556 498 147 schössen.
14540 12556 322 147 King
14908 12556 479 147 entfloh.

14853 12806 582 183 Feuer.

13898 13139 220 110 Vier
14152 13139 493 110 Personen
14732 13139 458 110 verlieren
15220 13139 127 110 in
15385 13139 187 110 den
15655 13139 520 110 Flammen
16208 13139 159 110 iAr

14938 13306 355 110 Leben.

15237 13456 43 147 2
15325 13456 45 147 6

13893 13656 507 147 Morgen
14442 13656 498 147 zwischen
14975 13656 137 147 1
15125 13656 247 147 und
15437 13656 93 147 2
15578 13656 244 147 Uhr
15865 13656 505 147 entdeckt?

13898 13839 272 147 man
14212 13839 136 147 in
14458 13839 347 147 einem
14905 13839 283 147 nicht
15227 13839 656 147 bewohnten
15990 13839 392 147 Hmrft

13903 14023 495 146 zwischen
14452 14023 470 146 genital
14990 14023 268 146 City
15303 14023 257 146 und
15642 14023 333 146 Black
16013 14023 387 146 Homi

13903 14223 397 146 Feuer.
14447 14223 538 146 Dasselbe
15087 14223 376 146 wurde
15503 14223 305 146 leicht
15917 14223 460 146 gelöscht

13902 14406 243 147 und
14270 14406 527 147 während
14837 14406 183 147 die
15120 14406 657 147 Feuerwehr
15837 14406 195 147 sich
16165 14406 212 147 auf

13910 14606 235 147 dem
14180 14606 630 147 Heimwege
14848 14606 462 147 befand,
15368 14606 200 147 sah
15603 14606 277 147 man
15920 14606 158 147 an
16120 14606 263 147 de»

13907 14806 276 147 Wo!
14198 14806 295 147 njfli
14735 14806 527 147 Thomas
15353 14806 524 147 Tckril?s
15962 14806 413 147 Flam-

13903 14989 247 147 men
14187 14989 816 147 emporlodern.
15157 14989 248 147 Die
15525 14989 433 147 Ersten,
15997 14989 370 147 welcksr

13900 15189 455 147 daselbst
14483 15189 587 147 ankamen,
15157 15189 411 147 hörten
15675 15189 697 147 Nothschrpie

13902 15373 223 146 aus
14165 15373 242 146 dem
14442 15373 483 146 Innern
15015 15373 508 146 ertönen,
15645 15373 365 146 jedoch
16047 15373 311 146 Halle

13902 15573 220 146 das
14232 15573 360 146 Feuer
14632 15573 221 146 das
14953 15573 359 146 HauS
15352 15573 313 146 schon
15727 15573 128 146 so
15980 15573 378 146 einge-

13897 15756 343 147 hüllt,
14285 15756 223 147 daß
14545 15756 280 147 mim
14928 15756 210 147 den
15220 15756 820 147 Unglücklichen
16078 15756 285 147 kcwr

13895 15939 510 147 Rettung
14447 15939 480 147 bringen
15020 15939 452 147 konnte.
15625 15939 282 147 Vier
15952 15939 431 147 Perso-

13907 16123 218 146 nen
14162 16123 411 146 fanden
14640 16123 133 146 in
14822 16123 213 146 den
15072 16123 603 146 Flammen
15717 16123 318 146 ihren
16075 16123 328 146 Stofc,

13912 16323 463 146 nämlich
14413 16323 340 146 Frau
14800 16323 472 146 Terrill,
15343 16323 519 146 Johnnie
15905 16323 488 146 Serrig,

13922 16523 310 146 Wm.
14277 16523 343 146 John
14667 16523 421 146 Terrill
15180 16523 247 146 und
15468 16523 434 146 Robert
15942 16523 461 146 JeffllH

13918 16689 512 147 Strong.

14055 16906 325 147 Man
14430 16906 445 147 glaubt,
14917 16906 233 147 daß
15163 16906 309 147 beide
15508 16906 879 147 Feuersbriinste

13915 17089 222 147 von
14257 17089 845 147 Brandstistern
15273 17089 514 147 angelegt
15923 17089 459 147 wareKZ

13913 17289 400 147 darauf
14450 17289 413 147 schließt
14948 17289 272 147 man
15262 17289 225 147 aus
15593 17289 247 147 dem
15877 17289 455 147 starke»

13903 17473 1089 146 Pelroleumgeruche
15087 17473 181 146 bei
15343 17473 390 146 beiden
15813 17473 584 146 Häusern,

13905 17656 240 147 und
14187 17656 228 147 ans
14455 17656 252 147 dem
14813 17656 649 147 Umstände,
15545 17656 223 147 daß
15805 17656 130 147 in
15982 17656 400 147 beide»

13902 17839 406 147 Fällen
14352 17839 218 147 das
14627 17839 358 147 Jener
15092 17839 231 147 von
15365 17839 363 147 außen
15843 17839 449 147 begann

13907 18039 263 147 auch
14222 18039 200 147 sah
14457 18039 283 147 man
14875 18039 292 147 beim
15205 18039 342 147 ersten
15633 18039 365 147 Fetter
16038 18039 332 147 eine»

13902 18223 400 146 Mann
14347 18223 386 146 davon
14773 18223 439 146 laufen.

14225 18523 418 165 Unter
14687 18523 226 165 den
14952 18523 1115 165 fehlgeschlagene»

14723 18706 855 147 Hoffnungen

13902 18889 153 110 der
14082 18889 813 110 Vergangenheit,
14953 18889 177 110 tule
15157 18889 236 110 viele
15490 18889 318 110 'alsHe
15885 18889 508 110 Wundes«

13895 19073 318 110 mittel
14247 19073 210 110 sind
14562 19073 136 110 da
14780 19073 128 110 zu
14990 19073 397 110 zühlenk
15483 19073 219 110 Mit
15770 19073 633 110 schreckliche»

13898 19223 1077 110 Fanfarengeschmetter
15003 19223 480 110 beginnen
15515 19223 142 110 sie
15773 19223 215 110 ihre
16065 19223 315 110 Lauf-

13893 19389 315 110 bahn,
14242 19389 140 110 sie
14408 19389 452 110 prangen
14893 19389 212 110 eine
15135 19389 462 110 Zeitlang
15610 19389 123 110 in
15772 19389 181 110 den
15983 19389 425 110 Seitus»

13893 19556 187 110 gen
14110 19556 213 110 und
14357 19556 368 110 werden
14782 19556 181 110 auf
14998 19556 850 110 Anschlagezetteln
15897 19556 241 110 grell
16170 19556 195 110 an-

13893 19723 477 110 gepriesen
14398 19723 215 110 und
14647 19723 278 110 bald,
14958 19723 300 110 jedoch
15283 19723 244 110 nicht
15582 19723 121 110 zu
15735 19723 283 110 bald,
16090 19723 290 110 Ach»-

13893 19889 172 110 ren
14097 19889 141 110 sie
14358 19889 125 110 zu
14545 19889 183 110 den
14837 19889 596 110 vergessenen
15538 19889 459 110 Hingen.
16117 19889 261 110 SIbcr

14862 20056 46 110 a

13888 20223 727 110 öenskräfügtS,
14687 20223 786 110 prosperlrendeS
15528 20223 575 110 Hellmiliel.
16228 20223 212 110 ($»^

13882 20389 231 110 heilt
14145 20389 213 110 und
14392 20389 261 110 fährt
14687 20389 193 110 fort
14935 20389 127 110 zu
15093 20389 355 110 Heiken.
15543 20389 332 110 Weder
15907 20389 456 110 versteckte

13880 20556 223 110 noch
14128 20556 307 110 offene
14485 20556 617 110 Concurrenz
15133 20556 269 110 kann
15475 20556 212 110 ihm
15770 20556 320 110 eh»a6
16178 20556 199 110 m»

13880 20723 348 110 haben.
14343 20723 204 110 Im
14597 20723 605 110 ©egenlheil,
15233 20723 167 110 der
15457 20723 453 110 (Kontrast
16000 20723 145 110 n,|
16222 20723 151 110 ä#

13880 20889 630 110 valisirenden
14540 20889 567 110 Medicinen
15160 20889 447 110 niederen
15682 20889 410 110 Ranges

13858 22723 672 110 Wechselfieber
14558 22723 242 110 au»,
14835 22723 217 110 und
15085 22723 423 110 verHlitet
15538 22723 175 110 ste.

16207 20839 156 165 ce*

13872 21056 230 110 höht
14130 21056 207 110 nur
14400 21056 247 110 feine
14677 21056 690 110 Popularität.
15485 21056 157 110 ES
15738 21056 119 110 ist
15967 21056 398 110 Wied»»

13872 21223 530 110 holentlich,
14432 21223 230 110 aber
14718 21223 514 110 vergeblich
15282 21223 613 110 nachgeahmt
15940 21223 423 110 Wörde».

13872 21389 655 110 Fälschungen
14557 21389 455 110 desselben
15102 21389 211 110 sind
15403 21389 522 110 verstohlen
16030 21389 328 110 einge-

13872 21556 265 110 führt
14170 21556 423 110 worden,
14643 21556 322 110 haben
15042 21556 306 110 jedoch
15437 21556 251 110 keine
15792 21556 566 110 ttufna^rtt

13868 21723 524 110 gefunden.
14510 21723 457 110 Neberall
14998 21723 515 110 verschanzt
15542 21723 106 110 eS
15690 21723 187 110 sich
15903 21723 147 110 im
16085 21723 250 110 Ver-

13872 21889 353 110 trauen
14257 21889 171 110 des
14457 21889 626 110 Publikums,
15117 21889 215 110 und
15363 21889 209 110 dies
15627 21889 225 110 darf
15885 21889 107 110 eS
16053 21889 295 110 wohl,

13863 22056 260 110 denn
14153 22056 190 110 das
14375 22056 377 110 Bittere
14785 22056 120 110 ist
14935 22056 162 110 ein
15153 22056 470 110 durchaus
15653 22056 702 110 zuverlässig»

13858 22206 992 110 Kräftigungsmittel
14883 22206 167 110 für
15142 22206 691 110 Schwächliche
15925 22223 105 91 ei
16125 22206 235 110 v».
16408 22223 37 91 ..

13853 22373 329 110 bannt
14217 22373 853 110 Nnverdaulichkeit
15098 22373 215 110 nnd
15347 22373 680 110 Verstopfung,
16058 22373 297 110 ßSrS

13853 22539 154 110 die
14037 22539 441 110 Nerven,
14512 22539 271 110 theilt
14845 22539 660 110 rheumatische
15582 22539 386 110 Leiden«
16042 22539 308 110 rothD
