17223 24477
1123 1077 1997 440 Dick-Tarkton.

1305 1877 87 165 E
1892 1877 76 165 E

977 2110 41 165 a
1288 2110 49 165 6
1673 2110 54 165 E
2765 2110 48 165 a

2040 2344 188 128 von

1517 2577 1243 165 H.vonBMeim.

1785 2994 755 128 (Fortsetzung.)

1068 3144 184 165 Es
1355 3144 235 165 war
1690 3144 182 165 ein
1993 3144 830 165 erschütternder
2935 3144 473 165 Anblick,

912 3344 281 165 diese
1225 3344 690 165 Riesenkraft
1953 3344 349 165 gegen
2337 3344 215 165 den
2587 3344 266 165 Tod
2897 3344 498 165 kämpfen

912 3527 136 165 zn
1110 3527 358 165 sehen.
1662 3527 656 165 Allmählich
2398 3527 260 165 aber
2738 3527 442 165 wirkten
3235 3527 172 165 die

913 3727 874 165 Medicamente.
1933 3727 237 165 Ein
2215 3727 307 165 leiser
2603 3727 404 165 Schlaf
3065 3727 345 165 schloß

917 3910 180 165 die
1152 3910 401 165 Augen
1647 3910 195 165 des
1928 3910 865 165 Verwundeten,
2887 3910 525 165 während

928 4110 282 165 seine
1265 4110 325 165 Züge
1663 4110 274 165 nach
1972 4110 248 165 und
2260 4110 270 165 nach
2628 4110 387 165 wieder
3098 4110 315 165 ihren

930 4294 517 165 früheren
1503 4294 552 165 Ausdruck
2092 4294 188 165 der
2377 4294 340 165 Ruhe
2802 4294 245 165 und
3087 4294 310 165 Gut-

930 4494 635 165 müthigfcit
1625 4494 660 165 gewannen,
2367 4494 123 165 so
2523 4494 229 165 daß
2818 4494 594 165 abgesehen

932 4677 230 165 von
1255 4677 185 165 der
1540 4677 328 165 tiefen
1938 4677 389 165 Blässe
2417 4677 355 165 seines
2868 4677 544 165 Gesichtes

925 4877 397 165 Nichts
1430 4877 370 165 daran
1903 4877 587 165 erinnerte,
2612 4877 223 165 daß
2965 4877 110 165 er
3173 4877 242 165 dem

935 5060 397 165 Grabe
1372 5060 458 165 so-nahe
1895 5060 370 165 stand.

1097 5260 300 165 Was
1440 5260 702 165 Mignonne,
2245 5260 177 165 die
2495 5260 205 165 mit
2805 5260 592 165 unermüd-

935 5460 310 165 sicher
1308 5460 600 165 Ausdauer
1965 5460 348 165 neben
2405 5460 240 165 ihm
2738 5460 399 165 wachte
3172 5460 241 165 und

938 5644 205 165 mit
1187 5644 541 165 zärtlicher
1783 5644 635 165 Besorgniß
2457 5644 310 165 jeden
2802 5644 615 165 Athemzug

937 5844 645 165 belauschte,
1618 5844 179 165 für
1870 5844 178 165 ein
2105 5844 567 165 günstiges
2708 5844 462 165 Zeichen
3235 5844 182 165 der

932 6027 625 165 Bcsferung
1595 6027 317 165 hielt,
1973 6027 232 165 war
2267 6027 260 165 aber
2563 6027 227 165 nur
2858 6027 189 165 der
3102 6027 308 165 Vor-

933 6210 257 165 böte
1227 6210 198 165 des
1497 6210 435 165 Todes.

1085 6410 170 165 Er
1302 6410 285 165 wird
1630 6410 285 165 nicht
1953 6410 487 165 sterben,
2477 6410 471 165 flüsterte
3012 6410 141 165 sie
3270 6410 153 165 o'l

942 6594 685 165 Vertrauen,
1667 6594 185 165 als
1913 6594 197 165 sich
2162 6594 178 165 ihr
2385 6594 453 165 Bruder
2880 6594 242 165 und
3162 6594 266 165 Dick

937 6794 470 165 nabten.
1525 6794 363 165 Seht,
1932 6794 205 165 wie
2150 6794 350 165 ruhig
2543 6794 112 165 er
2690 6794 250 165 nun
2983 6794 415 165 schläft

937 6977 113 165 er
1105 6977 200 165 hat
1345 6977 230 165 kein
1640 6977 400 165 Fieber
2080 6977 357 165 mehr.

1103 7177 335 165 Sam
1483 7177 360 165 wußte
1880 7177 123 165 es
2065 7177 333 165 leider
2437 7177 385 165 bester.
2973 7177 450 165 Doctor

940 7360 423 165 James
1403 7360 307 165 hatte
1748 7360 210 165 ihn
2025 7360 390 165 vorher
2473 7360 200 165 auf
2762 7360 216 165 alle
3038 7360 375 165 Sym-

937 7560 380 165 ptome
1447 7560 726 165 aufmerksam
2270 7560 528 165 gemacht,
2923 7560 174 165 die
3223 7560 194 165 vor

943 7744 245 165 dem
1250 7744 317 165 Tode
1607 7744 196 165 des
1865 7744 405 165 Riesen
2343 7744 530 165 eintreten
2912 7744 500 165 würden.

1093 7944 170 165 Er
1310 7944 315 165 leidet
1692 7944 650 165 wenigstens
2442 7944 340 165 nicht,
2867 7944 556 165 erwiderte

937 8127 121 165 er
1098 8127 209 165 mit
1378 8127 304 165 leiser
1738 8127 560 165 Stimme,
2340 8127 287 165 ohne
2717 8127 338 165 einen,
3090 8127 332 165 tiefen

947 8327 486 165 Seufzer
1473 8327 762 165 unterdrücken
2305 8327 133 165 zu
2475 8327 477 165 können.

1092 8510 333 165 Bald
1470 8510 412 165 darauf
1943 8510 397 165 öffnete
2375 8510 287 165 Gsg
2705 8510 287 165 seine
3027 8510 398 165 Augen

927 8694 403 165 •wieder
1385 8694 245 165 und
1670 8694 437 165 lächelte
2162 8694 350 165 sanft,
2550 8694 192 165 als
2803 8694 110 165 er
2972 8694 196 165 auf
3233 8694 185 165 der

938 8894 327 165 einen
1320 8894 342 165 Seite
1750 8894 353 165 seines
2190 8894 433 165 Lagers
2720 8894 710 165 Mignonne,

938 9077 340 165 Sam
1323 9077 244 165 und
1607 9077 316 165 Dick,
2010 9077 198 165 auf
2268 9077 187 165 der
2540 9077 488 165 anderen
3067 9077 336 165 Seite

935 9277 185 165 die
1158 9277 390 165 beiden
1583 9277 410 165 Weebs
2028 9277 385 165 stehen
2450 9277 245 165 sah.
2818 9277 254 165 Der
3117 9277 303 165 kurze

955 9477 410 165 Schlaf
1427 9477 306 165 hatte
1772 9477 245 165 ihm
2112 9477 225 165 fein
2375 9477 713 165 Bewußtfein
3153 9477 260 165 wie-

935 9660 723 165 hergegeben,
1693 9660 112 165 er
1872 9660 515 165 erkannte
2440 9660 282 165 seine
2755 9660 567 165 Freunde.

1105 9860 295 165 Alle,
1442 9860 248 165 Alle
1750 9860 490 165 gerettet,
2323 9860 305 165 sagte
2663 9860 109 165 er
2842 9860 575 165 langsam,

932 10044 385 165 indem
1407 10044 111 165 er
1620 10044 210 165 mit
1937 10044 360 165 einem
2392 10044 1025 165 unbeschreiblichen

850 10227 652 165 .Ausdruck
1583 10227 185 165 der
1855 10227 833 165 Befriedigung
2788 10227 167 165 im
3050 10227 372 165 Kreise

937 10427 635 165 umhersah
1712 10427 250 165 nun
2063 10427 304 165 kann
2442 10427 158 165 ich
2682 10427 396 165 getrost
3135 10427 273 165 diese

942 10610 303 165 Welt
1305 10610 577 165 verlassen.
1958 10610 300 165 Gebt
2297 10610 215 165 mir
2555 10610 362 165 Euere
2955 10610 452 165 Hände,

942 10810 308 165 fügte
1305 10810 105 165 er
1468 10810 394 165 hinzu,
1940 10810 252 165 Ihr
2305 10810 220 165 seid
2617 10810 175 165 die
2863 10810 544 165 Einzigen

937 10994 528 165 gewesen,
1537 10994 175 165 die
1748 10994 215 165 den
2027 10994 390 165 armen
2455 10994 407 165 Riesen
2957 10994 456 165 liebten.

855 11194 315 165 "-Ihr
1270 11194 220 165 seid
1580 11194 183 165 nie
1802 11194 200 165 vor
2117 11194 470 165 meinem
2642 11194 488 165 Anblicke
3223 11194 164 165 er-

933 11394 405 165 schreckt
1473 11394 884 165 zurückgewichen
2478 11394 207 165 wie
2787 11394 118 165 so
3020 11394 352 165 Viele

937 11577 526 165 während
1545 11577 122 165 cs
1760 11577 260 165 doch
2128 11577 350 165 meine
2588 11577 449 165 Schuld
3125 11577 213 165 nid
3363 11577 62 165 1

935 11777 525 165 gewesen,
1558 11777 227 165 daß
1873 11777 154 165 ich
2122 11777 281 165 nicht
2462 11777 430 165 aussah
2993 11777 200 165 wie
3230 11777 172 165 die

932 11960 483 165 anderen
1452 11960 651 165 Menschen.

1082 12160 230 165 Dn
1362 12160 205 165 bist
1622 12160 181 165 der
1863 12160 435 165 treueste
2332 12160 515 165 Freund,
2888 12160 210 165 den
3198 12160 205 165 wir

942 12344 98 165 je
1075 12344 438 165 halten,
1598 12344 209 165 rief
1903 12344 222 165 das
2208 12344 547 165 dankbare
2792 12344 608 165 Mädchen,

928 12544 254 165 was
1237 12544 295 165 wäre
1568 12544 284 165 ohne
1913 12544 302 165 Dich
2257 12544 223 165 aus
2540 12544 240 165 uns
2820 12544 325 165 Allen
3217 12544 191 165 ge-

928 12727 445 165 worden
1623 12727 302 165 Was
1968 12727 294 165 wäre
2365 12727 665 165 namentlich
3100 12727 302 165 mein

915 12927 367 165 Loos,
1383 12927 325 165 wenn
1798 12927 242 165 Du
2132 12927 290 165 nicht
2507 12927 301 165 Dich
2868 12927 184 165 für
3128 12927 270 165 mich

923 13127 697 165 aufgeopfert
1658 13127 480 165 hättest?

1070 13310 258 165 Der
1437 13310 320 165 Riese
1833 13310 389 165 streckte
2327 13310 283 165 seine
2703 13310 694 165 ungeheuere

912 13494 368 165 Hand
1375 13494 225 165 aus
1700 13494 248 165 und
1988 13494 359 165 strich
2407 13494 353 165 damit
2850 13494 270 165 über
3233 13494 174 165 die

930 13694 448 165 schönen
1440 13694 448 165 weichen
1923 13694 392 165 Haare
2355 13694 815 165 Mignonne's,
3233 13694 169 165 die

922 13877 130 165 in
1145 13877 678 165 glänzenden
1860 13877 390 165 Locken
2358 13877 197 165 auf
2652 13877 240 165 ihre
2972 13877 425 165 Schul-

918 14060 244 165 lern
1220 14060 367 165 sieben.
1748 14060 372 165 Seine
2162 14060 705 165 Berührung
2967 14060 231 165 war
3285 14060 115 165 so

912 14260 353 165 leicht,
1397 14260 220 165 daß
1745 14260 113 165 er
1972 14260 328 165 kaum
2393 14260 210 165 den
2657 14260 356 165 Thau
3103 14260 294 165 einer

913 14444 430 165 Blume
1423 14444 624 165 abgestreift
2083 14444 369 165 hätte.

1078 14644 230 165 Du
1403 14644 314 165 mußt
1815 14644 138 165 sie
2015 14644 227 165 von
2320 14644 240 165 hier
2665 14644 743 165 fortbringen,

928 14827 304 165 sagte
1283 14827 162 165 er.
1528 14827 370 165 indem
1953 14827 112 165 er
2122 14827 316 165 ihren
2478 14827 450 165 Bruder
3000 14827 402 165 ansah.

922 15027 575 165 Versprich
1553 15027 120 165 es
1727 15027 270 165 mir,
2065 15027 292 165 denn
2393 15027 667 165 Mignonne
3120 15027 283 165 pnßi

922 15210 283 165 nicht
1312 15210 130 165 in
1520 15210 172 165 die
1727 15210 475 165 Mitten.
2362 15210 195 165 O,
2648 15210 310 165 Hütte
3067 15210 333 165 Weeb

920 15410 260 165 doch
1233 15410 437 165 meinen
1708 15410 322 165 Rath
2112 15410 501 165 befolgt!

1085 15594 232 165 Ja,
1367 15594 368 165 wollte
1775 15594 343 165 Gott,
2203 15594 160 165 ich
2398 15594 307 165 hätte
2773 15594 122 165 es
2953 15594 450 165 gethan.

922 15794 393 165 seufzte
1367 15794 568 165 Eugenia,
2015 15794 317 165 dann
2372 15794 488 165 ständen
2898 15794 200 165 wir
3195 15794 198 165 jetzt

920 15977 283 165 nicht
1258 15977 279 165 hier,
1577 15977 178 165 ein
1815 15977 543 165 Ereigniß
2445 15977 133 165 zu
2663 15977 742 165 bejammern,

923 16160 647 165 welches.!ch
1630 16160 217 165 mir
1892 16160 283 165 ewig
2245 16160 247 165 zum
2550 16160 538 165 Vorwurf
3132 16160 243 165 ma-

933 16344 260 165 chen
1227 16344 393 165 tvcrtK.

1082 16544 393 165 Selbst
1533 16544 172 165 bei
1742 16544 736 165 Euphrosyne
2547 16544 255 165 wich
2867 16544 171 165 die
3098 16544 299 165 freu-

920 16727 255 165 dige
1253 16727 660 165 Exaltation
2020 16727 270 165 über
2408 16727 219 165 den
2733 16727 672 165 erfochtenen

927 16927 358 165 Sieg,
1363 16927 450 165 welchen
1873 16927 140 165 sie
2090 16927 292 165 ihrer
2422 16927 970 165 heldenmüthigen

913 17110 554 165 Bravour
1510 17110 340 165 allein
1920 17110 570 165 zuschrieb,
2578 17110 245 165 dem
2912 17110 491 165 Gefühle

925 17310 735 165 aufrichtigen
1762 17310 700 165 Schmerzes.
2617 17310 511 165 Wirklich
3228 17310 167 165 er-

928 17510 452 165 griffen,
1483 17510 320 165 störte
1910 17510 210 165 sie,
2158 17510 210 165 den
2465 17510 597 165 feierlichen
3098 17510 297 165 Mo-

932 17694 296 165 mettt
1265 17694 285 165 nicht
1617 17694 331 165 durch
2057 17694 940 165 deklamatorische
3057 17694 343 165 Tira-

923 17877 260 165 den,
1270 17877 482 165 sondern
1843 17877 562 165 begnügte
2533 17877 247 165 sich,
2812 17877 216 165 still
3200 17877 207 165 den

933 18060 384 165 treuen
1388 18060 472 165 Freund
1947 18060 140 165 zu
2185 18060 608 165 beweinen,
2888 18060 189 165 der
3177 18060 225 165 hier

925 18244 197 165 am
1160 18244 707 165 Verscheiden
1925 18244 257 165 lag.

1092 18444 288 165 Aber
1470 18444 437 165 warum
1948 18444 194 165 sich
2253 18444 175 165 die
2528 18444 365 165 letzten
2948 18444 455 165 Augen-

920 18627 305 165 blicke
1328 18627 210 165 mit
1647 18627 520 165 nutzloser
2292 18627 323 165 Neue
2720 18627 697 165 verbittern?

930 18827 255 165 fuhr
1227 18827 285 165 Gog
1582 18827 280 165 fort.
2002 18827 280 165 Lebt
2322 18827 380 165 wohl!

1083 19010 665 165 Mignonne
1790 19010 368 165 neigte
2220 19010 203 165 sich
2455 19010 270 165 über
2798 19010 217 165 den
3052 19010 351 165 (Ster-

920 19194 435 165 benden
1392 19194 370 165 nieder
1887 19194 245 165 und
2223 19194 314 165 küßte
2615 19194 283 165 seine
2957 19194 471 165 Stinte,

937 19394 526 165 während
1502 19394 241 165 ihre
1783 19394 399 165 heißen
2243 19394 554 165 Thränen
2872 19394 200 165 auf
3137 19394 280 165 seine

928 19577 467 165 bleichen
1450 19577 533 165 Wangen
2022 19577 401 165 fielen.

1087 19777 300 165 Gott
1432 19777 320 165 segne
1803 19777 345 165 Dich,
2192 19777 586 165 murmelte
2818 19777 157 165 er
3120 19777 292 165 Gott

930 19960 318 165 segne
1280 19960 347 165 Dich,
1737 19960 296 165 mein
2117 19960 391 165 Kind!
2628 19960 240 165 Du
2922 19960 210 165 bist
3200 19960 212 165 mir

937 20160 316 165 Alles
1293 20160 529 165 gewesen,
1912 20160 186 165 bei
2137 20160 246 165 Dir
2437 20160 358 165 fühlte
2895 20160 205 165 ich,
3197 20160 223 165 daß

932 20344 156 165 ich
1123 20344 189 165 der
1433 20344 684 165 Menschheit
2223 20344 649 165 angehörte.
3040 20344 370 165 Wenn

930 20527 205 165 ich,
1235 20527 388 165 gereizt
1727 20527 326 165 durch
2138 20527 210 165 den
2405 20527 383 165 Spott
2895 20527 248 165 und
3183 20527 224 165 das

930 20727 577 165 Gelächter
1562 20727 185 165 der
1800 20727 350 165 rohen
2188 20727 477 165 Menge,
2765 20727 342 165 außer
3187 20727 218 165 mir

932 20910 290 165 war,
1320 20910 152 165 da
1580 20910 573 165 beruhigte
2243 20910 284 165 mich
2563 20910 380 165 Deine
2985 20910 387 165 Nähe

937 21110 325 165 wenn
1317 21110 158 165 ich
1510 21110 332 165 Dein
1887 21110 401 165 holdes
2327 21110 471 165 Lächeln
2857 21110 253 165 sah,
3170 21110 227 165 hei-

942 21294 266 165 terte
1245 21294 197 165 sich
1543 21294 364 165 meine
2012 21294 355 165 Seele
2492 21294 260 165 auf.
2897 21294 193 165 O,
3213 21294 199 165 wie

933 21494 379 165 schwer
1368 21494 289 165 wird
1700 21494 128 165 cs
1917 21494 275 165 mir,
2270 21494 280 165 mich
2587 21494 205 165 auf
2858 21494 279 165 ewig
3192 21494 225 165 von

925 21677 250 165 Dir
1230 21677 137 165 zu
1427 21677 461 165 trennen

1080 21860 433 165 Ewig?
1643 21860 695 165 wiederholte
2465 21860 222 165 das
2815 21860 607 165 Mädchen.

915 22060 355 165 Nein,
1312 22060 330 165 Gog,
1685 22060 125 165 es
1877 22060 245 165 gibt
2165 22060 182 165 ein
2413 22060 810 165 Wiedersehen,
3260 22060 117 165 in

912 22244 505 165 Himmel
1458 22244 402 165 finden
1902 22244 201 165 wir
2147 22244 240 165 uns
2453 22244 437 165 wieder.

1070 22444 262 165 Der
1377 22444 323 165 Niese
1760 22444 203 165 sah
2018 22444 145 165 sie
2215 22444 207 165 an,
2495 22444 195 165 als
2732 22444 328 165 wolle
3117 22444 111 165 er
3287 22444 140 165 sie

918 22644 450 165 fragen,
1408 22644 145 165 ob
1617 22644 111 165 er
1808 22644 255 165 dich
2102 22644 388 165 hoffen
2550 22644 378 165 dürfe.
3075 22644 343 165 Mig­

3432 1127 481 165 nonne's
3952 1127 305 165 Blick
4298 1127 579 165 beruhigte
4915 1127 268 165 ihn.
5330 1127 172 165 Er
5585 1127 310 165 zwei-

3442 1327 246 165 felte
3725 1327 290 165 nicht
4068 1327 445 165 langer.
4640 1327 233 165 Ja,
4923 1327 165 165 ja,
5132 1327 588 165 murmelte
5760 1327 168 165 er,

3438 1527 169 165 im
3650 1527 500 165 Himmel
4190 1527 395 165 finden
4625 1527 207 165 wir
4875 1527 240 165 uns
5157 1527 443 165 Wieden
5727 1527 203 165 Jff

3605 1710 332 165 Sam
4037 1710 540 165 verhehlte
4680 1710 197 165 sich
4980 1710 337 165 nicht,
5408 1710 230 165 daß
5732 1710 185 165 der

3452 1910 773 165 entscheidende
4258 1910 539 165 Moment
4857 1910 345 165 nahe.
5318 1910 174 165 Er
5540 1910 378 165 wollte

3455 2094 283 165 seine
3835 2094 605 165 Schwester
4533 2094 394 165 diesem
5015 2094 587 165 traurigen
5678 2094 242 165 An-

3455 2294 302 165 blicke
3788 2294 552 165 entziehen
4375 2294 245 165 und
4660 2294 207 165 bat
4928 2294 340 165 daher
5305 2294 272 165 Dick
5617 2294 306 165 leise,

3467 2494 150 165 sie
3650 2494 822 165 wegzuführen.

3625 2660 292 165 Aber
3997 2660 665 165 Mignonne
4762 2660 398 165 errieth
5245 2660 177 165 die
5502 2660 438 165 Absicht

3468 2860 299 165 ihres
3805 2860 523 165 Bruders
4425 2860 252 165 und
4763 2860 497 165 weigerte
5348 2860 254 165 sich,
5672 2860 285 165 Gog

3473 3060 132 165 zu
3660 3060 580 165 verlassen.

3633 3244 209 165 So
3945 3244 293 165 blieb
4367 3244 148 165 sie
4612 3244 453 165 Zeugin
5165 3244 343 165 dieses
5583 3244 367 165 letzten

3473 3444 545 165 Kampfes
4057 3444 496 165 zwischen
4613 3444 369 165 Leben
5058 3444 245 165 und
5363 3444 317 165 Tod,
5768 3444 182 165 der

3485 3627 133 165 sie
3683 3627 350 165 jedoch
4092 3627 468 165 weniger
4615 3627 720 165 erschütterte,
5372 3627 191 165 als
5630 3627 332 165 Sam

3485 3827 118 165 es
3657 3827 576 165 befürchtet
4270 3827 358 165 hatte.

3618 4010 215 165 In
3873 4010 357 165 ihrem
4270 4010 643 165 lebendigen
4950 4010 540 165 Glauben
5557 4010 158 165 an
5777 4010 181 165 ein

3482 4210 451 165 besseres
3990 4210 503 165 Jenseits
4577 4210 196 165 sah
4808 4210 192 165 sie
5065 4210 137 165 in
5252 4210 188 165 der
5477 4210 463 165 Befrei-

3480 4394 247 165 ung
3768 4394 185 165 der
4023 4394 342 165 Seele
4402 4394 226 165 aus
4695 4394 288 165 ihrer
5023 4394 522 165 irdischen
5603 4394 359 165 Hülle

3485 4594 217 165 nur
3743 4594 224 165 das
4005 4594 323 165 Ende
4367 4594 286 165 einer
4722 4594 511 165 schweren
5267 4594 690 165 Prüfnngs-

3485 4777 247 165 zeit.

3645 4977 222 165 Als
3973 4977 240 165 eine
4313 4977 279 165 letzte
4675 4977 523 165 Zuckung
5288 4977 197 165 des
5558 4977 405 165 Riefen

3487 5177 513 147 Oerrieth,
4098 5160 229 165 daß
4452 5160 115 165 er
4700 5160 735 165 ausgelitten,
5563 5160 402 165 drückte

3485 5344 660 165 Mignonne
4187 5344 355 165 ihrem
4633 5344 525 165 Freunde
5252 5344 246 165 und
5573 5344 389 165 Retter

3492 5544 173 165 die
3700 5544 670 165 erloschenen
4423 5544 404 165 Augen
4883 5544 184 165 zu,
5105 5544 318 165 dann
5462 5544 523 165 berührte

3493 5744 144 165 sie
3668 5744 207 165 mit
3998 5744 354 165 einem
4440 5744 372 165 zarten
4848 5744 332 165 Kusse
5240 5744 358 165 dessen
5688 5744 277 165 kalte

3498 5927 420 165 Stinte
3965 5927 245 165 und
4282 5927 351 165 blickte
4668 5927 210 165 mit
4985 5927 353 165 einem
5427 5927 526 165 thronen-

3502 6127 520 165 feuchten,
4105 6127 257 165 aber
4450 6127 793 165 vertrauenden
5280 6127 360 165 Blicke
5700 6127 268 165 nach

3500 6310 392 165 Oben,
3932 6310 523 165 während
4492 6310 198 165 sich
4720 6310 238 165 ihre
4997 6310 435 165 Lippen
5472 6310 141 165 in
5630 6310 328 165 halb-

3493 6494 424 165 lautem
3957 6494 413 165 Gebete
4427 6494 603 165 bewegten.

3653 6694 319 165 Zwei
4013 6694 329 165 Tage
4382 6694 271 165 nach
4712 6694 188 165 der
4935 6694 425 165 stillen,
5432 6694 256 165 aber
5725 6694 220 165 un-

3502 6877 155 165 ter
3788 6877 249 165 dem
4165 6877 335 165 tiefen
4622 6877 498 165 Beileide
5248 6877 710 165 aufrichtiger

3490 7077 518 165 Freunde
4108 7077 719 165 begangenen
4925 7077 733 165 Beerdigung
5765 7077 197 165 des

3495 7260 398 165 Niesen
3973 7260 405 165 verließ
4415 7260 238 165 eine
4720 7260 333 165 kleine
5090 7260 643 165 Karawane
5800 7260 173 165 die

3493 7460 454 165 Ebenen
3983 7460 232 165 von
4273 7460 605 165 Bathurst.

3645 7644 183 165 Es
3933 7644 379 165 waren
4413 7644 320 165 Dick,
4833 7644 377 165 Sam,
5307 7644 666 165 Mignonne

3495 7844 202 165 mit
3823 7844 355 165 ihrem
4300 7844 480 165 Knaben
4905 7844 250 165 und
5277 7844 178 165 die
5578 7844 394 165 beiden

3498 8027 495 165 Weeb's,
4032 8027 361 165 welche
4453 8027 269 165 über
4782 8027 458 165 Sidney
5282 8027 270 165 nach
5620 8027 340 165 Mel-

3497 8227 426 165 bourne
3962 8227 830 165 zurückkehrten,
4847 8227 201 165 um
5090 8227 193 165 sich
5352 8227 258 165 dort
5687 8227 278 165 «ach

3490 8427 472 165 Europa
4002 8427 790 165 einzuschiffen.

4278 9294 249 128 Eine
4578 9294 597 128 Verlobung.

3647 9527 410 165 Unsere
4093 9527 314 165 Leser
4470 9527 415 165 wissen,
4953 9527 204 165 wie
5195 9527 445 165 ungern
5718 9527 242 165 unb

3488 9710 204 165 mit
3733 9710 485 165 welchem
4300 9710 762 165 Widerwillen
5103 9710 450 165 George
5642 9710 251 165 Cha

3493 9910 204 165 son
3733 9910 245 165 und
4038 9910 522 165 William
4605 9910 340 165 Giles
4987 9910 411 165 darauf
5500 9910 402 165 verzich

3497 10110 143 165 tet
3677 10110 435 165 hatten,
4195 10110 173 165 die
4405 10110 582 165 Gefahren
5048 10110 249 165 und
5337 10110 616 165 Abenteuer

3490 10294 453 165 unseres
3978 10294 439 165 Helden
4528 10294 134 165 in
4763 10294 217 165 den
5062 10294 701 165 Goldminen
5838 10294 130 165 zn

3495 10494 448 165 theilen.

3642 10694 351 165 Leicht
4095 10694 240 165 läßt
4377 10694 266 165 sich

3492 10877 285 165 ihrer
3880 10877 788 165 Freundschaft

3493 11060 289 165 denn
3863 11060 525 165 während
4427 11060 266 165 sich

4748 10677 464 165 hieraus
5318 10677 185 165 der
5635 10677 343 165 Grad

4780 10860 178 165 für
5042 10860 265 165 Dick
5402 10860 575 165 bemessen,

4793 11044 189 165 der
5062 11044 293 165 Eine
5465 11044 227 165 von
5785 11044 182 165 der

3490 11260 268 165 nach
3965 11260 402 165 seinem
4523 11260 395 165 Tröste
5117 11260 856 165 schmachtenden

3495 11444 597 165 Schwester
4188 11444 507 165 erwartet
4805 11444 407 165 wußte,
5312 11444 366 165 durfte
5783 11444 179 165 der

3492 11644 430 165 Andere
3995 11644 205 165 mit
4243 11644 622 165 Zuversicht
4970 11644 410 165 darauf
5478 11644 494 165 rechnen,

3490 11827 177 165 bei
3703 11827 335 165 seiner
4100 11827 597 165 Rückkunft
4768 11827 164 165 im
4975 11827 697 165 Vsterhause
5743 11827 224 165 von

3488 12027 242 165 dem
3765 12027 412 165 holden
4215 12027 472 165 Lächeln
4777 12027 305 165 eines
5175 12027 452 165 schönen
5692 12027 263 165 jun-

3488 12210 210 165 gen
3733 12210 624 165 Mädchens
4422 12210 471 165 begrüßt
4975 12210 137 165 zu
5172 12210 473 165 werden.

3637 12410 176 165 Es
3902 12410 208 165 lag
4187 12410 130 165 in
4418 12410 185 165 der
4658 12410 317 165 That
5058 12410 130 165 in
5278 12410 245 165 dem
5617 12410 333 165 jung-

3485 12594 602 165 fraulichen
4125 12594 633 165 Erglühen,
4843 12594 209 165 mit
5097 12594 485 165 welchem
5677 12594 273 165 Su-

3482 12777 363 165 sanna
3882 12777 213 165 den
4167 12777 416 165 jungen
4662 12777 475 165 Farmer
5177 12777 546 165 empfing,
5785 12777 178 165 ein

3485 12977 112 165 so
3655 12977 1015 165 augenscheinlicher
4723 12977 454 165 Beweis
5252 12977 291 165 ihrer
5583 12977 374 165 Liebe,

3478 13160 220 165 daß
3735 13160 172 165 die
3967 13160 436 165 Freude
4442 13160 583 165 Williams
5088 13160 292 165 keine
5413 13160 527 165 Grenzen

3480 13360 395 165 kannte
4002 13360 241 165 und
4363 13360 214 165 ihn
4688 13360 122 165 so
4942 13360 140 165 in
5210 13360 748 165 Verwirrung

3480 13544 463 165 brachte,
3978 13544 229 165 daß
4270 13544 103 165 er
4433 13544 252 165 dem
4722 13544 558 165 Mädchen
5345 13544 607 165 gegenüber

3478 13744 229 165 eine
3765 13744 898 165 Schüchternheit
4723 13744 162 165 an
4960 13744 210 165 den
5270 13744 275 165 Tag
5628 13744 325 165 legte,

3473 13927 172 165 die
3680 13927 185 165 der
3928 13927 224 165 alte
4190 13927 338 165 Giles
4568 13927 427 165 äußerst
5030 13927 542 165 lächerlich
5633 13927 319 165 fand.

3635 14127 348 165 Wie?
4117 14127 413 165 Weiter
4570 14127 358 165 nichts
4997 14127 190 165 alL
5225 14127 323 165 einen
5585 14127 330 165 Hän-

3473 14310 517 165 dedruck?
4150 14310 300 165 Was
4543 14310 212 165 soll
4843 14310 219 165 das
5148 14310 489 165 heißen?
5735 14310 202 165 rief

3473 14494 185 165 der
3738 14494 402 165 Greis,
4238 14494 185 165 der
4528 14494 219 165 das
4835 14494 648 165 Benehmen
5597 14494 346 165 seines

3480 14694 488 165 Sohnes
4052 14694 190 165 für
4355 14694 237 165 eine
4695 14694 277 165 kalte
5050 14694 900 165 Zurückhaltung

3473 14877 397 165 nahm.
4025 14877 317 165 Sehr
4383 14877 455 165 erfreut,
4937 14877 298 165 Euch
5333 14877 385 165 wieder
5812 14877 130 165 zu

3477 15077 355 165 sehen,
3887 15077 303 165 fügte
4283 15077 107 165 er
4472 15077 393 165 hinzu,
4960 15077 373 165 indem
5423 15077 109 165 er
5588 15077 349 165 spott-

3475 15260 303 165 weise
3855 15260 212 165 den
4170 15260 280 165 Ton
4547 15260 246 165 und
4890 15260 175 165 die
5160 15260 393 165 Worte
5593 15260 325 165 nach-

3473 15460 410 165 ahmte,
3960 15460 207 165 mit
4252 15460 450 165 welchen
4788 15460 519 165 William
5352 15460 570 165 Susanna

3473 15644 462 165 begrüßt
3972 15644 358 165 hatte.
4452 15644 233 165 Ich
4733 15644 387 165 glaub'
5160 15644 123 165 es
5348 15644 319 165 gern,
5707 15644 226 165 daß

3470 15844 223 165 Du
3742 15844 400 165 erfreut
4180 15844 255 165 bist,
4495 15844 122 165 ist
4652 15844 178 165 sie
4870 15844 283 165 nicht
5190 15844 383 165 Deine
5633 15844 309 165 Base

3473 16027 239 165 und
3752 16027 561 165 überdies},
4368 16027 199 165 wie
4603 16027 185 165 der
4883 16027 687 165 ehrwürdige
5635 16027 305 165 Herr

3472 16210 400 165 Nector
3930 16210 315 165 Göre
4338 16210 234 165 uns
4663 16210 434 165 schrieb,
5200 16210 222 165 das
5517 16210 430 165 bravste

3473 16410 554 165 Mädchen
4063 16410 230 165 von
4318 16410 762 165 Growshall?
5153 16410 274 165 Und
5468 16410 109 165 er
5610 16410 332 165 über-

3483 16594 272 165 trieb
3793 16594 337 165 nicht,
4170 16594 182 165 der
4453 16594 705 165 vortreffliche
5197 16594 348 165 Herr,
5645 16594 303 165 fügte

3478 16777 334 165 Giles
3853 16777 392 165 hinzu,
4352 16777 253 165 aber
4663 16777 264 165 eben
5022 16777 581 165 deßwegen
5685 16777 240 165 um-

3485 16977 300 165 arme
3822 16977 210 165 sie,
4068 16977 495 165 dummer
4625 16977 437 165 Junge,
5148 16977 245 165 und
5485 16977 190 165 gib
5715 16977 232 165 ihr,

3483 17177 200 165 wie
3720 17177 158 165 ich
3943 17177 122 165 es
4127 17177 401 165 mache,
4615 17177 322 165 einen
4973 17177 634 165 herzhaften
5690 17177 267 165 Kuß

3482 17360 196 165 auf
3740 17360 173 165 die
3982 17360 718 165 brennenden
4738 17360 579 165 Wangen.

3633 17544 274 165 Und
4000 17544 212 165 mit
4318 17544 379 165 gutem
4735 17544 552 165 Beispiele
5398 17544 549 165 vorange-

3480 17744 328 165 hend,
3885 17744 310 165 küßte
4228 17744 189 165 der
4492 17744 223 165 alte
4753 17744 472 165 Farmer
5288 17744 287 165 seine
5648 17744 302 165 hüb-

3492 17927 201 165 sche
3740 17927 427 165 Nichte,
4205 17927 245 165 was
4512 17927 808 165 nachzuahmen
5357 17927 251 165 sich
5647 17927 298 165 Wil-

3482 18110 283 165 liam
3808 18110 282 165 nicht
4147 18110 495 165 zweimal
4680 18110 388 165 heißen
5105 18110 270 165 ließ.

3640 18294 228 165 Ja,
3917 18294 143 165 sie
4112 18294 121 165 ist
4292 18294 181 165 ein
4545 18294 418 165 braves
5003 18294 604 165 Mädchen,
5710 18294 238 165 ver-

3492 18494 406 165 sicherte
3930 18494 252 165 nun
4243 18494 270 165 auch
4582 18494 563 165 ihrerseits
5183 18494 477 165 Mistreß
5717 18494 238 165 Gi-

3487 18677 211 165 les,
3780 18677 248 165 und
4068 18677 124 165 so
4303 18677 704 165 verwendbar
5045 18677 163 165 im
5302 18677 430 165 Hause,
5840 18677 115 165 so

3495 18860 450 165 geschickt
3998 18860 594 165 in'Allem,
4677 18860 245 165 was
4960 18860 192 165 sie
5193 18860 130 165 in
5370 18860 175 165 die
5582 18860 371 165 Hand

3488 19060 452 165 nimmt,
3982 19060 230 165 daß
4250 19060 277 165 man
4567 19060 286 165 seine
4917 19060 371 165 wahre
5327 19060 443 165 Freude
5808 19060 152 165 an

3488 19244 175 165 ihr
3708 19244 372 165 haben
4117 19244 346 165 kann.

3643 19444 350 165 Kurz,
4037 19444 191 165 sie
4297 19444 135 165 ist
4470 19444 125 165 so
4658 19444 204 165 wie
4900 19444 168 165 sie
5105 19444 235 165 sein
5432 19444 263 165 soll,
5773 19444 132 165 6e

3488 19627 432 165 stätigte
3958 19627 185 165 der
4207 19627 303 165 Alte,
4552 19627 246 165 und
4838 19627 480 165 verdient
5355 19627 283 165 alles
5677 19627 298 165 Lob,

3495 19827 437 165 welches
3990 19827 195 165 wir
4228 19827 179 165 ihr
4493 19827 519 165 spenden.
5160 19827 397 165 Dabei
5637 19827 128 165 ist
5802 19827 191 165 sie

3495 20010 305 165 schön
3858 20010 204 165 wie
4100 20010 232 165 eine
4365 20010 377 165 Lady,
4783 20010 310 165 fügte
5155 20010 113 165 er
5303 20010 399 165 hinzu,
5743 20010 220 165 das

3488 20210 267 165 muß
3793 20210 337 165 Jeder
4168 20210 445 165 finden,
4673 20210 189 165 der
4897 20210 233 165 kein
5195 20210 297 165 Klotz
5528 20210 189 165 ist.

3647 20394 403 165 Schon
4153 20394 269 165 nach
4552 20394 443 165 einigen
5098 20394 484 165 Wochen
5723 20394 235 165 war

3490 20577 303 165 leicht
3850 20577 133 165 zu
4020 20577 358 165 sehen,
4435 20577 227 165 daß
4698 20577 525 165 William
5288 20577 250 165 weit
5603 20577 294 165 wem

3488 20777 190 165 ger
3715 20777 302 165 Klotz
4083 20777 237 165 war
4362 20777 241 165 und
4718 20777 200 165 sich
4970 20777 345 165 gegen
5350 20777 175 165 die
5592 20777 370 165 schöne

3492 20960 581 165 Susanna
4178 20960 247 165 weit
4535 20960 475 165 weniger
5115 20960 227 165 kalt
5433 20960 530 165 benahm,

3490 21160 187 165 als
3718 21160 125 165 es
3908 21160 189 165 der
4150 21160 227 165 alte
4415 21160 342 165 Giles
4798 21160 539 165 Anfangs
5378 21160 585 165 befürchtet

3488 21344 354 165 hatte.
3997 21344 301 165 Auch
4403 21344 185 165 der
4697 21344 450 165 ehrliche
5230 21344 475 165 Pächter
5788 21344 170 165 er-

3492 21544 391 165 kannte
3920 21544 292 165 dieß,
4273 21544 404 165 freilich
4715 21544 293 165 nicht
5068 21544 304 165 ohne
5410 21544 178 165 die
5667 21544 286 165 Bei-

3492 21727 263 165 hilfe
3795 21727 342 165 seiner
4192 21727 385 165 Frau,
4643 21727 177 165 die
4903 21727 247 165 ihm
5232 21727 505 165 hierüber
5795 21727 168 165 die

3495 21910 398 165 Augen
3932 21910 448 165 öffnete.
4538 21910 250 165 Die
4835 21910 453 165 Mütter
5333 21910 250 165 sind
5650 21910 115 165 ja
5837 21910 130 165 in

3500 22110 495 165 gewissen
4027 22110 491 165 Dingen
4560 22110 138 165 in
4748 22110 185 165 der
4970 22110 358 165 Regel
5367 22110 540 165 scharfsich

3500 22294 270 165 tiger
3848 22294 245 165 und
4193 22294 335 165 selten
4637 22294 443 165 entgeht
5192 22294 360 165 etwas
5655 22294 322 165 ihren

3497 22444 476 165 Blicken.
4767 22444 226 165 V)

3647 22644 243 165 Die
3970 22644 565 165 erfahrene
4572 22644 610 165 Hächtcrin
5255 22644 315 165 hatte
5648 22644 320 165 übri­

7622 677 563 275 Der

5982 1127 278 165 gens
6352 1127 146 165 in
6592 1127 393 165 diesem
7080 1127 335 165 Falle
7512 1127 433 165 leichtes
8052 1127 410 165 Spiel,

5970 1327 305 165 denn
6313 1327 127 165 es
6502 1327 325 165 fehlte
6863 1327 287 165 nicht
7188 1327 165 165 an
7395 1327 1055 165 augenscheinlichen

5983 1510 620 165 Beweisen.
6743 1510 232 165 Nie
7068 1510 195 165 seit
7362 1510 300 165 ihrer
7723 1510 754 165 Ansiedelung

5990 1710 135 165 in
6173 1710 189 165 der
6398 1710 485 165 Kolonie
6987 1710 236 165 war
7313 1710 474 165 nämlich
7862 1710 178 165 ihr
8085 1710 375 165 Sohn

6018 1910 105 165 'o
6162 1910 223 165 viel
6443 1910 135 165 zu
6615 1910 385 165 Hause
7037 1910 565 165 geblieben
7663 1910 195 165 als
7900 1910 208 165 wie
8203 1910 264 165 jetzt.

6008 2094 355 165 Statt
6412 2094 210 165 wie
6660 2094 290 165 sonst
7013 2094 404 165 täglich
7455 2094 172 165 die
7688 2094 797 165 verschiedenen

6007 2294 243 165 und
6330 2294 530 165 mitunter
6965 2294 728 165 entlegensten
7747 2294 740 165 Schäfereien

6020 2494 128 165 zu
6183 2494 552 165 besuchen,
6798 2494 390 165 schickte
7238 2494 527 165 William
7810 2494 212 165 jetzt
8077 2494 391 165 immer

6018 2677 364 165 seinen
6435 2677 380 165 Vetter
6873 2677 264 165 Jack
7232 2677 235 165 hin
7613 2677 119 165 ei
7817 2677 320 165 hatte
8177 2677 316 165 stets

6017 2860 395 165 irgend
6452 2860 238 165 eine
6745 2860 503 165 Ausrede
7333 2860 190 165 bei
7602 2860 186 165 der
7823 2860 410 165 Hand,
8277 2860 205 165 um

6020 3060 132 165 in
6198 3060 185 165 der
6420 3060 333 165 Nähe
6840 3060 353 165 seines
7287 3060 526 165 hübschen
7912 3060 581 165 Väschens

6025 3260 427 165 bleiben
6488 3260 134 165 zn
6697 3260 505 165 können.

6190 3477 257 165 Wie
6488 3477 122 165 so
6677 3477 266 165 viele
6980 3477 568 165 Männer,
7575 3477 437 165 wandte
8050 3477 223 165 sich
8308 3477 189 165 der

6037 3660 216 165 alte
6292 3660 523 165 Farmer,
6920 3660 323 165 wenn
7333 3660 352 165 etwas
7765 3660 270 165 über
8132 3660 365 165 seinen

6023 3860 554 165 Horizont
6617 3860 325 165 ging,
6983 3860 279 165 stets
7300 3860 165 165 an
7507 3860 286 165 seine
7850 3860 382 165 Frost,
8273 3860 145 165 ob

6038 4044 300 165 wohl
6422 4044 550 165 natürlich
7068 4044 189 165 nie
7360 4044 382 165 direct,
7838 4044 300 165 denn
8220 4044 288 165 dazu

6035 4244 303 165 hatte
6377 4244 110 165 er
6560 4244 232 165 von
6832 4244 338 165 seiner
7238 4244 432 165 Würde
7745 4244 192 165 als
7978 4244 279 165 Chef
8325 4244 187 165 der

6028 4444 494 165 Familie
6565 4444 235 165 eine
6857 4444 138 165 zu
7032 4444 283 165 hohe
7373 4444 632 165 Meinung.
8125 4444 377 165 Mist-

6038 4627 187 165 reß
6260 4627 333 165 Giles
6635 4627 258 165 aber
6928 4627 404 165 mochte
7367 4627 216 165 sich
7618 4627 560 165 ihrerseits
8247 4627 263 165 auch

6038 4827 350 165 nichts
6443 4827 525 165 vergeben
7002 4827 250 165 und
7353 4827 364 165 wollte
7773 4827 195 165 erst
8020 4827 205 165 um
8267 4827 235 165 ihae

6032 5010 586 165 Meinung
6660 5010 438 165 gefragt
7138 5010 274 165 sein,
7447 5010 340 165 bevor
7858 5010 144 165 sie
8052 5010 456 165 dieselbe

6038 5210 647 165 aussprach,
6767 5210 243 165 und
7050 5210 118 165 so
7237 5210 221 165 traf
7520 5210 118 165 es
7698 5210 194 165 sich
7947 5210 566 165 zuweilen,

6038 5394 224 165 daß
6298 5394 307 165 beide
6663 5394 119 165 so
6840 5394 130 165 zu
7025 5394 342 165 sagen
7437 5394 203 165 wie
7678 5394 175 165 die
7912 5394 313 165 Katze
8310 5394 200 165 um

6042 5594 203 165 den
6280 5594 293 165 Brei
6618 5594 397 165 herum
7100 5594 460 165 gingen,
7638 5594 342 165 bevor
8018 5594 174 165 sie
8230 5594 270 165 end-

6042 5777 195 165 lieh
6290 5777 190 165 zur
6588 5777 797 165 gegenseitigen
7485 5777 777 165 Besprechung
8298 5777 192 165 der

6047 5977 588 165 fraglichen
6673 5977 379 165 Sache
7088 5977 432 165 kamen.

6177 6194 215 165 In
6515 6194 353 165 einem
6945 6194 410 165 solchen
7455 6194 330 165 Falle
7890 6194 378 165 waren
8367 6194 138 165 sie

6045 6394 642 165 hinsichtlich
6788 6394 185 165 der
7083 6394 752 165 auffallenden
7922 6394 521 165 Verände

6042 6577 305 165 rung
6388 6577 169 165 im
6600 6577 650 165 Benehmen
7287 6577 305 165 ihres
7658 6577 542 165 Sohnes,
8240 6577 252 165 wel-

6053 6777 175 165 che
6258 6777 290 165 ihrer
6588 6777 805 165 Beobachtung
7497 6777 285 165 nicht
7878 6777 632 165 entgangen

6048 6960 284 165 war.
6478 6960 414 165 Keines
6952 6960 226 165 von
7275 6960 392 165 beiden
7703 6960 364 165 wollte
8135 6960 380 165 davon

6047 7144 623 165 anfangen,
6708 7144 245 165 und
6995 7144 258 165 doch
7313 7144 402 165 drückte
7748 7144 124 165 es
7940 7144 197 165 seit
8172 7144 338 165 lange

6040 7344 213 165 den
6358 7344 527 165 ehrlichen
7008 7344 524 165 Farmer,
7652 7344 180 165 die
7932 7344 575 165 Ansichten

6042 7527 338 165 seiner
6415 7527 343 165 Frau
6805 7527 135 165 zu
6977 7527 393 165 hören,
7430 7527 528 165 während
8032 7527 476 165 Mistreß

6042 7710 338 165 Giles
6468 7710 207 165 mit
6767 7710 610 165 Ungeduld
7460 7710 252 165 dem
7805 7710 702 165 Augenblicke

6038 7927 777 165 entgegensah,
6940 7927 180 165 wo
7160 7927 192 165 sie
7502 7927 528 165 dieselben
8160 7927 353 165 ihrem

6042 8110 453 165 Monne
6535 8110 617 165 mittheilen
7192 8110 443 165 konnte.

6185 8344 258 165 Der
6488 8344 259 165 Alte
6787 8344 330 165 brach
7240 8344 327 165 zuerst
7618 8344 214 165 den
7867 8344 631 165 beiderseits

6042 8527 538 165 sehnlichst
6635 8527 740 165 gewünschten
7448 8527 249 165 und
7737 8527 258 165 doch
8078 8527 427 165 beider-

6043 8710 255 165 seits
6352 8710 123 165 so
6548 8710 342 165 lange
7000 8710 690 165 verzögerten
7763 8710 685 165 Mitthcilun

6042 8910 211 165 gen
6288 8910 179 165 die
6522 8910 415 165 Bahn.

6185 9094 232 165 Ich
6465 9094 277 165 weiß
6818 9094 330 165 nicht,
7238 9094 249 165 was
7543 9094 120 165 cs
7753 9094 212 165 mit
8010 9094 493 165 unserem

6043 9294 525 165 William
6613 9294 180 165 ist,
6833 9294 307 165 sagte
7213 9294 117 165 er
7423 9294 305 165 eines
7823 9294 449 165 Tages,
8312 9294 191 165 als

6040 9494 107 165 er
6208 9494 190 165 am
6505 9494 433 165 offenen
7040 9494 443 165 Fenster
7607 9494 198 165 saß
7932 9494 245 165 und
8282 9494 221 165 sein

6032 9694 571 165 Pfeifchen
6723 9694 482 165 rauchte,
7358 9694 525 165 während
8035 9694 480 165 Mistreß

6040 9877 333 165 Giles
6415 9877 245 165 und
6722 9877 575 165 Susanna
7338 9877 200 165 am
7602 9877 370 165 Tische
8052 9877 456 165 standen

6038 10060 242 165 und
6320 10060 563 165 bügelten.
7035 10060 255 165 Der
7335 10060 403 165 Junge
7820 10060 380 165 gefällt
8288 10060 215 165 mir

6038 10260 334 165 nicht,
6435 10260 112 165 er
6598 10260 275 165 muß
6912 10260 321 165 krank
7295 10260 278 165 sein.

6207 10444 575 165 Susanna
6865 10444 528 165 erröthete
7482 10444 793 165 unwillkürlich
8315 10444 190 165 bis

6042 10627 236 165 in's
6323 10627 379 165 Weiße
6763 10627 287 165 ihrer
7112 10627 443 165 Augen
7688 10627 174 165 die
7897 10627 605 165 Pächterin

6042 10827 261 165 aber
6340 10827 197 165 biß
6632 10827 198 165 sich
6882 10827 196 165 auf
7193 10827 172 165 die
7460 10827 478 165 Lippen,
8030 10827 207 165 um
8328 10827 179 165 ein

6038 11010 459 165 Lächeln
6550 11010 135 165 zu
6742 11010 763 165 überwinden.
7648 11010 249 165 Die
7943 11010 547 165 Gelegen-

6033 11210 275 165 heit,
6348 11210 197 165 auf
6613 11210 174 165 die
6823 11210 172 165 sie
7032 11210 120 165 so
7200 11210 343 165 lange
7583 11210 515 165 gewartet
8157 11210 356 165 hatte,

6045 11410 228 165 war
6335 11410 237 165 also
6628 11410 407 165 endlich
7088 11410 669 165 gekommen.

6187 11594 278 165 Hast
6503 11594 237 165 Du
6825 11594 268 165 mich
7170 11594 288 165 nicht
7565 11594 478 165 gehört?
8150 11594 360 165 fragte

6040 11794 333 165 Giles
6478 11794 272 165 nach
6842 11794 286 165 einer
7217 11794 433 165 Pause,
7748 11794 150 165 da
8008 11794 114 165 er
8202 11794 306 165 keine

6042 11994 513 165 Antwort
6597 11994 418 165 bekam.

6183 12177 472 165 Freilich
6722 12177 275 165 Hab'
7033 12177 159 165 ich
7252 12177 296 165 Dich
7590 12177 433 165 gehört,
8123 12177 377 165 erwie-

6033 12377 292 165 derte
6382 12377 280 165 seine
6755 12377 385 165 Frau.
7293 12377 292 165 Aber
7695 12377 245 165 was
8035 12377 212 165 soll
8353 12377 150 165 ich

6035 12560 405 165 darauf
6507 12560 426 165 sagen?
7040 12560 243 165 Die
7328 12560 382 165 Sache
7747 12560 133 165 ist
7948 12560 254 165 dock
8260 12560 240 165 ein-

6042 12744 228 165 fach
6325 12744 415 165 genug.
6897 12744 400 165 Junge
7337 12744 343 165 Leute
7748 12744 425 165 werden
8252 12744 241 165 srü-

6030 12944 188 165 her
6280 12944 253 165 oder
6590 12944 358 165 später
7027 12944 216 165 alle
7283 12944 384 165 davon
7730 12944 460 165 gepackt.

6193 13127 239 165 Sie
6478 13127 429 165 werden
6962 13127 380 165 davon
7380 13127 508 165 gepackt?
7923 13127 205 165 rief
8170 13127 335 165 Giles

6032 13327 670 165 erschrocken,
6827 13327 153 165 da
7083 13327 110 165 et
7305 13327 162 165 an
7567 13327 236 165 eine
7903 13327 590 165 Krankheit

6032 13510 361 165 dachte
6427 13510 250 165 und
6737 13510 521 165 William
7333 13510 230 165 sein
7642 13510 473 165 einziges
8193 13510 310 165 Kind

6033 13710 284 165 war.
6470 13710 467 165 Wovon
7020 13710 132 165 ist
7247 13710 181 165 der
7512 13710 401 165 Junge
8007 13710 491 165 gepackt?

6022 13894 171 165 Es
6235 13894 428 165 können
6700 13894 175 165 die
6930 13894 543 165 Blattern
7517 13894 286 165 nicht
7862 13894 273 165 sein,
8203 13894 285 165 denn

6025 14094 110 165 er
6170 14094 133 165 ist
6378 14094 110 165 ja
6547 14094 505 165 geimpft,
7092 14094 245 165 und
7378 14094 189 165 der
7603 14094 567 165 Rothlouf
8213 14094 260 165 wie-

6027 14277 175 165 der
6260 14277 333 165 nicht,
6688 14277 150 165 da
6925 14277 107 165 er
7092 14277 203 165 ihn
7337 14277 311 165 schon
7742 14277 166 165 im
7952 14277 531 165 siebenten

6023 14477 367 165 Jahre
6430 14477 358 165 hatte.

6182 14660 263 165 Wer
6485 14660 312 165 denkt
6902 14660 295 165 denn
7285 14660 465 165 daran?
7842 14660 645 165 unterbrach

6017 14844 171 165 die
6223 14844 332 165 Frau
6598 14844 444 165 lachend
7107 14844 210 165 den
7352 14844 523 165 Farmer.

6165 15044 335 165 Nun,
6600 15044 248 165 was
6905 15044 313 165 willst
7303 15044 227 165 Du
7580 15044 295 165 ifentt
7913 15044 557 165 eigentlich

6017 15244 416 165 sagen?
6563 15244 430 165 Kannst
7090 15244 233 165 Du
7398 15244 300 165 Dich
7788 15244 282 165 nicht
8158 15244 317 165 deut-

6015 15427 308 165 licher
6382 15427 741 165 ausdrücken?
7230 15427 202 165 rief
7528 15427 185 165 der
7780 15427 247 165 Aitc
8125 15427 345 165 unge-

6022 15627 440 165 duldig.

6177 15810 631 165 Susanna,
6902 15810 305 165 sagte
7242 15810 473 165 Mistreß
7825 15810 393 165 Giles,
8312 15810 171 165 die

6017 15994 203 165 mit
6298 15994 185 165 der
6542 15994 766 165 Verlegenheit
7392 15994 196 165 des
7683 15994 389 165 armen
8110 15994 362 165 Mäd-

6030 16194 317 165 chens
6380 16194 633 165 Erbarmen
7053 16194 359 165 hatte,
7503 16194 315 165 willst
7885 16194 233 165 Du
8202 16194 281 165 nicht

6023 16377 627 165 nachsehen,
6750 16377 145 165 ob
6980 16377 173 165 die
7190 16377 322 165 Kühe
7573 16377 552 165 gemolken
8210 16377 270 165 wer-

6022 16560 310 165 den?

6172 16744 315 165 Dieß
6590 16744 235 165 war
6930 16744 553 165 natürlich
7577 16744 226 165 nur
7907 16744 186 165 ein
8173 16744 304 165 Vor-

6025 16944 383 165 wand,
6483 16944 300 165 denn
6862 16944 480 165 Mistreß
7382 16944 340 165 Giles
7807 16944 363 165 wußte
8207 16944 270 165 recht

6027 17127 253 165 gut,
6372 17127 225 165 daß
6670 17127 408 165 bereits
7162 17127 188 165 seit
7437 17127 295 165 einer
7788 17127 477 165 Stunde
8307 17127 168 165 die

6030 17327 308 165 frisch
6373 17327 607 165 gemolkene
7043 17327 362 165 Milch
7480 17327 138 165 in
7702 17327 186 165 der
7965 17327 522 165 Kammer

6035 17510 368 165 stand
6558 17510 262 165 aber
6943 17510 584 165 Snsanna
7655 17510 510 165 verstand
8260 17510 235 165 ihre

6037 17710 373 165 Tante
6450 17710 245 165 und
6737 17710 250 165 eilte
7043 17710 227 165 aus
7310 17710 243 165 dem
7612 17710 545 165 Zimmer,
8198 17710 130 165 tri

6037 17894 280 165 ohne
6352 17894 228 165 daß
6678 17894 187 165 der
6900 17894 437 165 Oheim
7438 17894 242 165 ihre
7720 17894 760 165 Verlegenheit

6035 18094 553 165 bemerkte,
6668 18094 269 165 über
6973 18094 329 165 deren
7362 18094 466 165 Ursache
7905 18094 112 165 er
8052 18094 243 165 sich
8333 18094 147 165 je-

6033 18277 259 165 doch
6392 18277 286 165 nicht
6783 18277 357 165 weiter
7243 18277 757 165 bekümmerte,
8072 18277 150 165 da
8323 18277 180 165 die

6042 18460 400 165 Sorge
6483 18460 205 165 um
6728 18460 364 165 seinen
7157 18460 371 165 Sohn
7572 18460 211 165 ihn
7867 18460 200 165 vor
8133 18460 355 165 Allem

6043 18660 719 165 beschäftigte.

6183 18844 339 165 Nun,
6565 18844 248 165 was
6853 18844 237 165 gibt
7157 18844 215 165 es?
7467 18844 300 165 sagte
7843 18844 164 165 er,
8103 18844 194 165 als
8393 18844 104 165 er

6035 19027 200 165 mit
6277 19027 335 165 seiner
6677 19027 340 165 Frau
7062 19027 340 165 allein
7442 19027 290 165 war.

6188 19210 177 165 Es
6407 19210 236 165 gibt
6740 19210 315 165 einen
7167 19210 685 165 Verliebten,
7948 19210 554 165 erwiderte

6037 19410 473 165 Mistreß
6568 19410 387 165 Giles,
7055 19410 253 165 oder
7422 19410 323 165 wenn
7840 19410 233 165 Du
8150 19410 360 165 willst,

6040 19610 260 165 zwei
6335 19610 598 165 Verliebte,
7040 19610 215 165 das
7362 19610 135 165 ist
7585 19610 177 165 die
7857 19610 341 165 ganze
8258 19610 234 165 Ge-

6042 19810 460 165 schichte.

6192 19977 201 165 Zu
6537 19977 291 165 ihrer
6992 19977 415 165 großen
7565 19977 937 165 Verwunderung

6038 20177 344 165 nahm
6420 20177 180 165 ihr
6645 20177 410 165 Mann
7102 20177 278 165 diese
7435 20177 568 165 Nachricht
8042 20177 430 165 schwei-

6040 20360 283 165 gend
6398 20360 260 165 auf,
6738 20360 209 165 wie
6985 20360 322 165 wenn
7343 20360 169 165 sie
7548 20360 320 165 einen
7932 20360 550 165 angeneh-

6038 20544 252 165 men
6327 20544 530 165 Eindruck
6915 20544 198 165 auf
7170 20544 208 165 ihn
7422 20544 478 165 gemacht
7957 20544 358 165 hätte.

6185 20744 167 165 Er
6397 20744 326 165 liebte
6822 20744 141 165 sie
7067 20744 316 165 schon
7487 20744 428 165 früher,
8020 20744 250 165 fuhr
8330 20744 168 165 die

6028 20927 330 165 Frau
6403 20927 277 165 fort,
6773 20927 344 165 lauge
7212 20927 338 165 bevor
7655 20927 202 165 wir
7962 20927 540 165 England

6043 21127 580 165 verließen,
6725 21127 458 165 obwohl
7223 21127 192 165 sie
7495 21127 453 165 damals
7987 21127 270 165 noch
8323 21127 175 165 ein

6030 21310 310 165 Kind
6383 21310 290 165 war.

6192 21510 270 165 Und
6503 21510 202 165 wie
6742 21510 208 165 bist
6963 21510 234 165 Du
7228 21510 509 165 dahinter
7777 21510 621 165 gekommen

6042 21694 361 165 fragte
6443 21694 185 165 der
6685 21694 527 165 Farmer.

6197 21877 580 165 Susanna
6817 21877 206 165 hat
7065 21877 118 165 es
7253 21877 215 165 mir
7510 21877 430 165 gesagt.

6192 22077 436 165 Zuerst,
6668 22077 340 165 bevor
7047 22077 110 165 er
7225 22077 208 165 mit
7478 22077 242 165 Dir
7773 22077 374 165 sprach

6197 22260 235 165 Ja,
6482 22260 386 165 zuerst,
6903 22260 557 165 erwiderte
7517 22260 173 165 die
7727 22260 385 165 Frau.
8275 22260 223 165 Sic

6048 22444 365 165 wollte
6453 22444 522 165 William
7022 22444 288 165 keine
7375 22444 780 165 entscheidende
8212 22444 285 165 Ant-

6050 22644 280 165 wort
6372 22644 380 165 geben,
6787 22644 283 165 ohne
7105 22644 392 165 vorher
7537 22644 355 165 meine
7928 22644 574 165 Meinung

8532 1127 285 165 über
8857 1127 181 165 die
9075 1127 382 165 Sache
9513 1127 140 165 zu
9730 1127 400 165 hören.
10340 1127 240 165 Sie
10653 1127 359 165 sagte,

8538 1327 232 165 daß
8807 1327 130 165 es
8970 1327 182 165 ein
9190 1327 530 165 schlechter
9753 1327 337 165 Lohn
10132 1327 443 165 unserer
10612 1327 411 165 Wohl-

8538 1527 382 165 thaten
8980 1510 340 165 wäre,
9422 1510 325 165 wenn
9785 1510 192 165 sie
10018 1510 504 165 unserem
10600 1510 428 165 Sohne

8550 1710 242 165 eine
8827 1710 450 165 Zusage
9335 1710 440 165 machen
9810 1710 427 165 würde,
10298 1710 287 165 ohne
10638 1710 397 165 vorher

8722 11077 215 165 In
9030 11077 397 165 diesem
9522 11077 596 165 Momente
10213 11077 225 165 trat
10538 11077 520 165 William

8582 11277 228 165 ein.
8962 11277 161 165 Er
9168 11277 200 165 sah
9468 11277 625 165 erschrocken
10178 11277 335 165 zuerst
10568 11277 212 165 aus
10817 11277 221 165 das

8593 11477 330 165 junge
8962 11477 606 165 Mädchen,
9608 11477 314 165 dann
9977 11477 196 165 auf
10235 11477 287 165 seine
10555 11477 507 165 Mutter,

8585 11660 143 165 da
8765 11660 113 165 er
8950 11660 282 165 nicht
9270 11660 405 165 wußte,
9712 11660 246 165 was
10018 11660 677 165 vorgefallen
10733 11660 272 165 war

8585 11860 257 165 aber
8897 11860 183 165 ein
9173 11860 719 165 freundliches
9988 11860 532 165 Zunicken
10602 11860 445 165 letzterer

8577 12060 568 165 beruhigte
9222 12060 256 165 ihn.

8733 12277 242 165 Gib
9018 12277 215 165 mir
9277 12277 380 165 Deine
9698 12277 410 165 Hand,
10197 12277 301 165 sagte
10553 12277 189 165 der
10825 12277 223 165 alte

8573 12477 505 165 Farmer
9165 12477 118 165 es
9353 12477 287 165 freut
9680 12477 320 165 mich,
10085 12477 227 165 daß
10348 12477 239 165 Du
10638 12477 240 165 eine
10913 12477 117 165 so

8582 12660 255 165 gute
8893 12660 360 165 Wahl
9297 12660 536 165 getroffen
9918 12660 284 165 hast.
10360 12660 292 165 Aber
10712 12660 340 165 merke

8567 12844 356 165 Dir's
8973 12844 380 165 wohl:
9430 12844 292 165 keine
9793 12844 559 165 Hochzeit,
10417 12844 341 165 bevor
10845 12844 195 165 wir

8570 13044 387 165 nieder
8997 13044 133 165 in
9178 13044 545 165 England
9793 13044 285 165 sind.
10227 13044 228 165 Ich
10502 13044 280 165 will,
10828 13044 224 165 daß

8570 13227 357 165 Euere
9057 13227 571 165 Trauung
9750 13227 137 165 in
10013 13227 185 165 der
10328 13227 379 165 Kirche
10817 13227 223 165 von

8572 13427 668 165 Growshall
9282 13427 605 165 stattfinde,
9925 13427 177 165 wo
10162 13427 380 165 Deine
10582 13427 453 165 Mutter

8572 13610 235 165 und
8845 13610 158 165 ich
9067 13610 440 165 getraut
9563 13610 500 165 wurden.
10160 13610 342 165 Nun,
10547 13610 226 165 nur
10817 13610 236 165 kein

8572 13810 113 165 so
8743 13810 382 165 trübes
9202 13810 428 165 Gesicht
9730 13810 695 165 geschnitten,
10527 13810 308 165 fügte
10928 13810 109 165 er

8565 14010 445 165 lachend
9045 14010 393 165 hinzu.
9590 14010 178 165 Es
9827 14010 281 165 wird
10187 14010 120 165 so
10357 14010 343 165 lange
10738 14010 287 165 nicht

8563 14194 295 165 mehr
8913 14194 480 165 dauern,
9472 14194 300 165 denn
9863 14194 174 165 die
10073 14194 372 165 Farm
10545 14194 132 165 ist
10767 14194 278 165 halb

8558 14394 245 165 und
8843 14394 274 165 halb
9178 14394 542 165 verkauft.

8708 14610 252 165 Der
9005 14610 362 165 Sohn
9430 14610 405 165 machte
9870 14610 292 165 keine
10197 14610 840 165 Einwendung,

8560 14794 107 165 er
8727 14794 396 165 fühlte,
9193 14794 227 165 daß
9502 14794 380 165 hierzu
9968 14794 187 165 der
10243 14794 445 165 richtige
10727 14794 296 165 Mo-

8570 14994 298 165 rnent
8903 14994 287 165 nicht
9270 14994 478 165 gewesen
9843 14994 344 165 wäre,
10268 14994 257 165 doch
10585 14994 282 165 fand
10907 14994 108 165 er

8560 15177 170 165 die
8785 15177 797 165 Verzögerung
9620 15177 355 165 feines
10045 15177 460 165 Glückes
10540 15177 315 165 hart.

11090 1127 387 165 lingen
11518 1127 220 165 Liß
11782 1127 250 165 lind
12077 1127 366 165 Lover
12483 1127 135 165 zu
12677 1127 515 165 scherzen,
13223 1127 179 165 die
13462 1127 113 165 er

11098 1310 355 165 etwas
11490 1310 628 165 beruhigter
12185 1310 197 165 erst
12438 1310 272 165 nach
12745 1310 297 165 einer
13103 1310 480 165 Stunde

11105 1494 385 165 wieder
11552 1494 448 165 verließ.

8558 1894 304 165 sicher
8923 1894 127 165 zu
9110 1894 415 165 wissen,
9595 1894 227 165 daß
9903 1894 202 165 wir
10148 1894 360 165 damit
10608 1894 425 165 einver-
11120 1894 282 165 feine
11528 1894 742 165 glücklicheren
12380 1894 603 165 Menschen
13078 1894 152 165 in
13307 1894 288 165 ganz

8563 2077 454 165 standen
9052 2077 253 165 sind
11118 2077 639 165 Australien
11855 2077 277 165 gab,
12228 2077 190 165 als
12508 2077 180 165 die
12795 2077 502 165 Familie
13400 2077 200 165 des

8712 2277 293 165 Das
9052 2277 431 165 Gesicht
9567 2277 196 165 des
9850 2277 308 165 alten
10198 2277 555 165 Farmers
10793 2277 244 165 hei-
11118 2277 305 165 alten
11462 2277 376 165 Giles
11932 2277 260 165 aber
12228 2277 150 165 da
12438 2277 352 165 nichts
12828 2277 204 165 auf
13073 2277 192 165 der
13302 2277 296 165 Erde

8575 2477 255 165 tertc
8885 2477 200 165 sich
9138 2477 134 165 zu
9350 2477 353 165 einem
9803 2477 739 165 freundlichen
10580 2477 465 165 Lächeln
11128 2477 722 165 vollkommen
11887 2477 185 165 ist,
12158 2477 124 165 so
12373 2477 284 165 ging
12700 2477 273 165 auch
13035 2477 348 165 ihnen
13442 2477 158 165 et-

8575 2644 255 165 anf.
11130 2644 245 165 was
11413 2644 202 165 ab,
11655 2644 480 165 nämlich
12175 2644 172 165 die
12400 2644 620 165 Gewißheit
13077 2644 270 165 über
13385 2644 217 165 das

11258 1694 180 165 Es
11480 1694 540 165 unterlag
12060 1694 413 165 keinem
12563 1694 520 165 Zweifel,
13163 1694 235 165 daß
13482 1694 120 165 es

8735 2844 382 165 Gutes
9157 2844 585 165 Geschöpf,
9833 2844 205 165 rief
10100 2844 158 165 er
10388 2844 254 165 nun
10702 2844 171 165 ja,
10918 2844 182 165 sie
11140 2844 540 165 Schicksal
11743 2844 447 165 unseres
12263 2844 480 165 Helden.

8585 3027 205 165 soll
8828 3027 210 165 ihn
9082 3027 415 165 haben,
9575 3027 248 165 und
9915 3027 318 165 wenn
10270 3027 220 165 das
10568 3027 479 165 Vermö-
11277 3027 255 165 Der
11577 3027 355 165 Greis
12000 3027 235 165 war
12317 3027 483 165 ernstlich
12885 3027 732 165 ungehalten,

8585 3227 258 165 gen,
8880 3227 435 165 welches
9378 3227 157 165 ich
9623 3227 247 165 ihm
9960 3227 687 165 hinterlasse,
10735 3227 320 165 zehn,
11132 3227 186 165 ols
11358 3227 112 165 er
11540 3227 230 165 von
11810 3227 378 165 Dick's
12247 3227 668 165 Expedition
12955 3227 373 165 hörte,
13370 3227 248 165 und

8582 3427 245 165 mal
8868 3427 390 165 größer
9327 3427 338 165 wäre,
9703 3427 189 165 als
9955 3427 122 165 es
10130 3427 180 165 ist.
10465 3427 292 165 Aber
10820 3427 228 165 wa-
11133 3427 400 165 machte
11567 3427 225 165 sich
11827 3427 390 165 bittere
12255 3427 657 165 Vorwürfe,
12953 3427 250 165 dem
13238 3427 382 165 Erben

8582 3610 260 165 mm
8913 3610 254 165 kam
9253 3610 110 165 er
9457 3610 285 165 nicht
9835 3610 593 165 aufrichtig
10518 3610 134 165 zu
10742 3610 215 165 mir
11135 3610 230 165 von
11405 3610 682 165 Growshall
12130 3610 447 165 erlaubt
12640 3610 133 165 zu
12810 3610 423 165 haben,
13272 3610 316 165 Mel-

8577 3810 228 165 Ich
8852 3810 290 165 habe
9242 3810 240 165 ihm
9570 3810 185 165 nie
9828 3810 355 165 etwas
10242 3810 818 165 Vernünftiges
11130 3810 428 165 bourne
11653 3810 282 165 ohne
12030 3810 283 165 seine
12347 3810 701 165 Begleitung
13147 3810 133 165 zu
13360 3810 238 165 ver-

8590 4010 815 165 abgeschlagen.
9555 4010 180 165 Es
9800 4010 293 165 wäre
10187 4010 158 165 an
10418 4010 237 165 ihm
10697 4010 340 165 gerne-
11132 4010 390 165 lassen.

8588 4194 232 165 Jen,
8855 4194 215 165 mir
9113 4194 282 165 ...
11282 4194 345 165 Diese
11685 4194 603 165 Vorwürfe
12330 4194 457 165 wurden
12852 4194 390 165 immer
13318 4194 282 165 quä-

8735 4377 258 165 Nur
9038 4377 380 165 sachte,
9450 4377 298 165 mein
9787 4377 315 165 guter
10140 4377 455 165 Mann,
10642 4377 418 165 sachte!
11133 4377 414 165 lender,
11647 4377 186 165 als
11920 4377 182 165 ein
12158 4377 272 165 Tag
12503 4377 204 165 um
12767 4377 210 165 den
13082 4377 538 165 anderen,

8590 4577 642 165 unterbrach
9268 4577 207 165 ihn
9518 4577 480 165 Mistreß
10063 4577 387 165 Giles.
10555 4577 233 165 Du
10840 4577 225 165 hast
11133 4577 184 165 als
11357 4577 400 165 Woche
11793 4577 205 165 um
12038 4577 400 165 Woche
12505 4577 515 165 verging,
13060 4577 288 165 ohne
13385 4577 227 165 daß

8590 4760 197 165 gut
8827 4760 580 165 predigen,
9500 4760 260 165 aber
9850 4760 243 165 hast
10128 4760 229 165 Du
10465 4760 118 165 es
10645 4760 408 165 anders
11138 4760 334 165 weder
11530 4760 110 165 er
11697 4760 273 165 noch
12022 4760 455 165 George
12513 4760 470 165 Chason
13038 4760 567 165 Nachricht

8587 4960 476 165 gemacht
9155 4960 192 165 als
9447 4960 520 165 William
10208 4960 579 165 Erinnerst
10827 4960 226 165 Du
11128 4960 554 165 bekamen.
11830 4960 260 165 Der
12135 4960 227 165 alte
12420 4960 345 165 Giles
12858 4960 239 165 war
13157 4960 183 165 ein
13378 4960 202 165 sei-

8577 5160 298 165 Dich
8917 5160 316 165 noch,
9328 5160 205 165 wie
9600 5160 232 165 Du
9882 5160 301 165 Dich
10268 5160 504 165 verlegen
10808 5160 242 165 und
11132 5160 305 165 tenes
11470 5160 445 165 Muster
11985 5160 305 165 eines
12345 5160 210 165 echt
12612 5160 601 165 englischen
13288 5160 307 165 9)eo-

8580 5344 600 165 l'chüchtern
9215 5344 617 165 benahmst,
9848 5344 192 165 als
10082 5344 238 165 Du
10333 5344 299 165 mein
10670 5344 372 165 Cour-
11128 5344 320 165 man.
11603 5344 354 165 Stolz
12002 5344 206 165 aus
12270 5344 235 165 sein
12585 5344 328 165 durch
12950 5344 333 165 Fleiß
13368 5344 244 165 und

8585 5544 415 165 machet
9055 5544 407 165 warst^
9502 5544 245 165 und
9787 5544 198 165 wie
10022 5544 235 165 Du
10307 5544 321 165 dann
10668 5544 377 165 Deine
11137 5544 623 165 Thätigkeit
11850 5544 692 165 erworbenes
12603 5544 692 165 Vermögen,
13375 5544 227 165 war

8585 5727 222 165 alte
8845 5727 382 165 Tünte
9283 5727 302 165 Meg
9668 5727 135 165 zu
9840 5727 497 165 Deinem
10447 5727 356 165 Vater
10863 5727 184 165 ge*
11128 5727 207 165 er1
11365 5727 247 165 trotz
11707 5727 356 165 seines
12190 5727 895 165 unabhängigen
13143 5727 470 165 Sinnes

8583 5927 329 165 schickt
8965 5927 285 165 hast,
9325 5927 205 165 um
9572 5927 235 165 ihm
9863 5927 175 165 die
10093 5927 379 165 Sache
10508 5927 340 165 sagen
10922 5927 135 165 zu
11132 5927 238 165 soll
11447 5927 703 165 aufrichtiger
12248 5927 902 165 Anhänglichkeit
13188 5927 160 165 an
13440 5927 167 165 die

8582 6110 435 165 lassen?
11132 6110 221 165 alte
11392 6110 541 165 Familie,
11977 6110 331 165 deren
12370 6110 733 165 Grundstücke
13138 6110 112 165 er
13285 6110 302 165 selbst

8737 6310 455 165 Meiner
9252 6310 358 165 Treu,
9653 6310 230 165 Du
9903 6310 244 165 hast
10182 6310 383 165 Recht,
10602 6310 208 165 rief
10852 6310 185 165 der
11133 6310 239 165 und
11412 6310 280 165 seine
11750 6310 352 165 Väter
12162 6310 118 165 so
12333 6310 344 165 lange
12717 6310 411 165 bebaut
13167 6310 441 165 hatten.

8587 6494 351 165 Greis
9033 6494 494 165 lachend.
9672 6494 228 165 Ich
10000 6494 640 165 bewundere
10737 6494 325 165 Dein
11128 6494 410 165 Dieses
11577 6494 435 165 Gefühl
12073 6494 652 165 beherrschte
12818 6494 119 165 so
12998 6494 289 165 ganz
13373 6494 242 165 und

8592 6694 723 165 Gedächtniß,
9388 6694 384 165 Frau.
9927 6694 288 165 Aber
10330 6694 177 165 wo
10602 6694 128 165 ist
10838 6694 219 165 das
11138 6694 200 165 gar
11397 6694 226 165 sein
11658 6694 590 165 Handeln,
12330 6694 228 165 daß
12595 6694 108 165 er
12782 6694 305 165 wohl
13128 6694 184 165 nie
13392 6694 205 165 da-

8583 6877 649 165 Mädchen?
9368 6877 237 165 Ich
9653 6877 272 165 muß
9963 6877 179 165 ihr
10187 6877 251 165 nun
10500 6877 328 165 gleich
10863 6877 177 165 ihr
11127 6877 225 165 ran
11395 6877 432 165 gedacht
11883 6877 359 165 hätte,
12282 6877 271 165 nach
12613 6877 650 165 Australien
13303 6877 295 165 aus-

8587 7060 331 165 Glück
8955 7060 658 165 verkünden.
9700 7060 660 165 Susanna!
10403 7060 650 165 Susanna!
11128 7060 725 165 zuwandern,
11892 7060 318 165 wenn
12247 7060 131 165 in
12425 7060 678 165 Growshall
13145 7060 228 165 nur
13417 7060 175 165 ein

8590 7260 195 165 rief
8843 7260 105 165 er
9010 7260 187 165 zur
9258 7260 387 165 Thüre
9687 7260 196 165 des
9945 7260 563 165 Zimmers
10583 7260 482 165 hinaus,
11132 7260 458 165 einziger
11653 7260 662 165 Sprößling
12358 7260 234 165 von
12632 7260 253 165 dem
12997 7260 308 165 alten
13345 7260 230 165 Ge-

8585 7460 392 165 komm'
9032 7460 418 165 herein.
9512 7460 241 165 Du
9830 7460 392 165 kleiner
10312 7460 508 165 Schelm,
10905 7460 152 165 ich
11133 7460 469 165 schlechte
11677 7460 183 165 der
11963 7460 540 165 Herberts
12615 7460 563 165 geblieben
13270 7460 338 165 wäre,

8585 7644 282 165 habe
8902 7644 178 165 ein
9138 7644 297 165 paar
9477 7644 393 165 Worte
9972 7644 210 165 mit
10227 7644 241 165 Dir
10522 7644 138 165 zu
10697 7644 350 165 plau=
11135 7644 298 165 Aller
11520 7644 1107 165 Wahrscheinlichkeit
12732 7644 280 165 nach
13102 7644 316 165 hätte
13493 7644 109 165 er

8583 7860 320 147 Dem.
11128 7844 265 165 über
11475 7844 178 165 die
11740 7844 638 165 Erhöhung
12463 7844 354 165 seines
12930 7844 663 165 Pachtschil-

8733 8027 319 165 Habt
9095 8027 243 165 Ihr
9397 8027 270 165 mich
9702 8027 500 165 gerufen,
10222 8027 333 165 lieber
10593 8027 470 165 Onkel?
11135 8027 308 165 lings
11485 8027 665 165 gebrummt,
12252 8027 255 165 aber
12585 8027 670 165 brummend
13293 8027 307 165 hätte

8593 8210 357 165 fragte
9008 8210 210 165 das
9325 8210 337 165 junge
9755 8210 562 165 Mädchen
10422 8210 645 165 eintretend,
11135 8210 103 165 er
11302 8210 423 165 gezahlt
11762 8210 245 165 und
12070 8210 292 165 wäre
12417 8210 601 165 geblieben.

8583 8410 369 165 indem
8988 8410 172 165 sie
9197 8410 198 165 sich
9450 8410 133 165 zu
9620 8410 397 165 stellen
10055 8410 383 165 suchte,
10495 8410 187 165 als
10762 8410 295 165 ahne

8588 8610 152 165 sie
8773 8610 334 165 nicht,
9213 8610 412 165 wovon
9728 8610 264 165 eben
10102 8610 498 165 zwischen
10707 8610 353 165 ihrem

8585 8794 377 165 Onkel
9002 8794 241 165 und
9283 8794 290 165 ihrer
9645 8794 375 165 Tante
10120 8794 173 165 die
10330 8794 310 165 Rede
10703 8794 352 165 gewe-

8588 8994 179 165 sen
8822 8994 190 165 sei.

8740 9177 232 165 Ja,
9022 9177 628 165 Susanna,
9740 9177 400 165 freilich
10222 9177 290 165 habe
10547 9177 161 165 ich
10743 9177 302 165 Dich

8585 9360 502 165 gerufen,
9163 9360 299 165 denn
9498 9360 155 165 ich
9720 9360 237 165 will
10003 9360 320 165 einen
10360 9360 312 165 Kuß,
10732 9360 315 165 erwi-

8585 9560 288 165 derte
8980 9560 390 165 Giles,
9493 9560 260 165 ober
9885 9560 373 165 keinen
10367 9560 266 165 Kuß
10762 9560 290 165 einer

8578 9744 424 165 Nichte,
9040 9744 473 165 fondern
9552 9744 320 165 einen
9908 9744 717 165 Tochterkuß,
10662 9744 401 165 komm,

8578 9944 509 165 umarme
9127 9944 465 165 Deinen
9632 9944 435 165 Vater!

8733 10127 799 165 Ueberwältigt
9640 10127 233 165 von
9997 10127 1053 165 unaussprechlicher

8578 10327 434 165 Freude
9050 10327 267 165 über
9383 10327 279 165 diese
9693 10327 135 165 in
9877 10327 121 165 so
10060 10327 622 165 herzlichem
10718 10327 334 165 Tone

8588 10510 774 165 gesprochenen
9397 10510 440 165 Worte,
9878 10510 282 165 warf
10200 10510 232 165 sich
10468 10510 580 165 Susanna

8588 10710 130 165 in
8765 10710 175 165 die
8997 10710 328 165 Arme
9407 10710 196 165 des
9658 10710 452 165 Greises
10193 10710 245 165 und
10518 10710 329 165 brach
10902 10710 156 165 an

8588 10894 334 165 feiner
8958 10894 355 165 Brust
9397 10894 133 165 in
9618 10894 384 165 lautes
10058 10894 669 165 Schluchzen
10785 10894 275 165 aus.

11280 8444 243 165 Die
11568 8444 660 165 Hoffnung,
12270 8444 250 165 dem
12600 8444 380 165 Erben
13070 8444 188 165 der
13293 8444 290 165 Her-

11127 8644 305 165 berts
11490 8644 385 165 wieder
11935 8644 133 165 zu
12105 8644 402 165 seinem
12542 8644 388 165 Rechte
13000 8644 133 165 zu
13170 8644 420 165 verhel-

11135 8827 225 165 fen,
11398 8827 242 165 und
11680 8827 183 165 der
11930 8827 608 165 natürliche
12578 8827 527 165 Wunsch,
13185 8827 133 165 in
13367 8827 225 165 sein

11132 9010 635 165 Vaterland
11895 9010 922 165 zurückzukehren,
12945 9010 382 165 waren
13430 9010 172 165 die

11127 9210 491 165 einzigen
11655 9210 510 165 Motive,
12208 9210 369 165 welche
12627 9210 208 165 ihn
12878 9210 677 165 bestimmten

11128 9394 282 165 seine
11443 9394 372 165 Farm
11878 9394 135 165 zu
12065 9394 585 165 verkaufen
12723 9394 244 165 und
13047 9394 180 165 ein
13263 9394 335 165 Land

11130 9594 127 165 zu
11313 9594 579 165 verlassen,
11927 9594 173 165 wo
12172 9594 113 165 er
12338 9594 282 165 nicht
12658 9594 224 165 nur
12955 9594 172 165 die
13162 9594 363 165 Wahr

11127 9794 778 165 ichcinlichkeit,
11997 9794 476 165 sondern
12555 9794 517 165 vielmehr
13110 9794 178 165 die
13357 9794 185 165 Ge

11128 9977 432 165 wißheit
11613 9977 357 165 hatte,
12008 9977 267 165 noch
12332 9977 183 165 ein
12553 9977 385 165 reicher
13000 9977 415 165 Mann
13460 9977 132 165 zn

11128 10160 479 165 werden.

11285 10360 380 165 Wenn
11705 10360 250 165 dem
12022 10360 416 165 jungen
12477 10360 525 165 Baronet
13113 10360 182 165 ein
13333 10360 200 165 Un

11128 10544 282 165 glück
11445 10544 403 165 pafsirt
11943 10544 342 165 wäre,
12392 10544 305 165 sagte
12802 10544 113 165 er
13027 10544 136 165 zu
13257 10544 340 165 seiner

11120 10744 333 165 Frau
11552 10744 166 165 im
11817 10744 605 165 Gespräche
12505 10744 267 165 über
12830 10744 285 165 diese
13147 10744 410 165 Dinge

11125 10927 153 165 ich
11330 10927 372 165 würde
11740 10927 330 165 mir's
12115 10927 183 165 nie
12363 10927 300 165 mehr
12718 10927 164 165 im
12925 10927 367 165 Leben
13352 10927 216 165 ver-

11128 11127 400 165 zeihen.
11700 11127 288 165 Aber
12117 11127 245 165 dieß
12488 11127 247 165 sind
12835 11127 173 165 die
13107 11127 443 165 Folgen

11130 11327 320 165 wenn
11488 11327 277 165 man
11805 11327 197 165 sich
12052 11327 230 165 von
12322 11327 873 165 Gelbschnäbeln
13232 11327 350 165 etwas

11125 11510 505 165 einreden
11667 11510 291 165 läßt.
12110 11510 232 165 Ich
12390 11510 308 165 hätte
12737 11510 353 165 meine
13153 11510 437 165 Schul-

11120 11710 393 165 bigfeit
11555 11710 288 165 thun
11903 11710 249 165 und
12237 11710 203 165 ihn
12482 11710 233 165 hier
12775 11710 133 165 in
12957 11710 625 165 Sicherheit

11118 11894 182 165 bei
11338 11894 239 165 uns
11667 11894 511 165 behalten
12272 11894 393 165 sollen,
12758 11894 189 165 bis
13058 11894 202 165 wir
13358 11894 234 165 uns

11122 12094 268 165 nach
11423 12094 545 165 England
12010 12094 387 165 hätten
12453 12094 1139 165 einschiffen.können.

11115 12277 475 165 Einmal
11655 12277 137 165 in
11875 12277 717 165 Growshall,
12720 12277 293 165 wäre
13118 12277 122 165 es
13347 12277 226 165 uns

11118 12477 280 165 nicht
11515 12477 303 165 mehr
11930 12477 363 165 schwer
12410 12477 522 165 gewesen,
13028 12477 244 165 ihm
13362 12477 228 165 sein

11120 12660 437 165 Schloß
11630 12660 245 165 und
11963 12660 280 165 seine
12328 12660 372 165 Güter
12807 12660 771 165 wiederzuero-

11115 12844 317 165 bern.

11277 13044 288 165 Aber
11672 13044 201 165 auf
11972 13044 368 165 welche
12422 13044 215 165 Art
12738 13044 385 165 denn?
13227 13044 361 165 fragte

11110 13244 477 165 Mistreß
11627 13244 390 165 Giles.

11275 13427 907 165 Wahrscheinlich
12287 13427 195 165 sah
12578 13427 175 165 ihr
12858 13427 410 165 Mann
13367 13427 215 165 das

11120 13610 253 165 Wie
11413 13610 284 165 nicht
11760 13610 122 165 so
11937 13610 228 165 klar
12225 13610 227 165 ein,
12525 13610 187 165 als
12753 13610 114 165 er
12922 13610 370 165 sich's
13333 13610 232 165 ein-

11120 13810 458 165 gebildet
11613 13810 357 165 hatte,
12080 13810 292 165 denn
12430 13810 110 165 er
12575 13810 578 165 murmelte
13243 13810 335 165 Eini-

11117 13994 243 165 ges,
11460 13994 415 165 wovon
11972 13994 281 165 man
12327 13994 556 165 höchstens
12963 13994 224 165 das
13247 13994 328 165 Wort

11103 14194 442 165 Proceß
11583 14194 539 165 verstehen
12187 14194 433 165 konnte
12700 14194 317 165 dann
13057 14194 258 165 aber
13367 14194 215 165 ließ

11108 14377 115 165 er
11258 14377 220 165 das
11547 14377 303 165 Geld
11945 14377 135 165 in
12183 14377 342 165 seiner
12637 14377 411 165 Tasche
13150 14377 433 165 klingen

11107 14577 240 165 und
11387 14577 306 165 fügte
11748 14577 394 165 hinzu,
12182 14577 228 165 daß
12447 14577 200 165 mit
12727 14577 415 165 solchen
13175 14577 392 165 Hilfs-

11112 14760 475 165 truppen
11675 14760 308 165 Alles
12108 14760 765 165 durchzusetzen
12985 14760 190 165 sei,
13278 14760 297 165 selbst

11105 14944 183 165 ein
11343 14944 312 165 Sieg
11717 14944 268 165 über
12040 14944 212 165 den
12305 14944 463 165 Anwalt
12812 14944 441 165 Sollet).

11263 15177 294 165 Gott
11650 15177 415 165 erhalte
12138 15177 242 165 Dir
12433 15177 460 165 Deinen
12955 15177 622 165 Verstand!

11102 15360 203 165 rief
11365 15360 280 165 feine
11682 15360 381 165 Frau,
12168 15360 320 165 einen
12525 15360 448 165 Proceß
13012 15360 203 165 mit
13285 15360 275 165 Col­

8707 15410 515 165 Plötzlich
9260 15410 190 165 siel
9512 15410 185 165 der
9758 15410 347 165 guten
10143 15410 615 165 Farmerin
10800 15410 232 165 ein,

8558 15577 224 165 daß
8818 15577 140 165 sie
9022 15577 136 165 in
9208 15577 182 165 der
9472 15577 355 165 Küche
9905 15577 357 165 etwas
10318 15577 139 165 zu
10493 15577 537 165 besorgen
11102 15577 223 165 ley,
11365 15577 390 165 diesem
11788 15577 1017 165 Rechtsverdreher,
12842 15577 181 165 der
13087 15577 175 165 die
13298 15577 274 165 beste

8562 15777 320 165 habe,
8935 15777 355 165 wobei
9328 15777 234 165 ihr,
9608 15777 204 165 wie
9850 15777 192 165 sie
10083 15777 655 165 versicherte,
10843 15777 185 165 der
11108 15777 374 165 Sache
11538 15777 119 165 so
11712 15777 451 165 schwarz
12220 15777 133 165 zu
12430 15777 442 165 machen
12968 15777 312 165 weiß,
13372 15777 195 165 wie

8552 15960 320 165 Rath
8947 15960 303 165 ihres
9343 15960 529 165 Mannes
9947 15960 820 165 unentbehrlich
10847 15960 193 165 s-i.
11108 15960 222 165 sein
11363 15960 435 165 eigenes
11833 15960 284 165 Herz
12177 15960 173 165 ist.
12417 15960 355 165 Nein,
12813 15960 317 165 nein,
13170 15960 335 165 Giles

8563 16144 232 165 Sie
8840 16144 197 165 bat
9077 16144 203 165 ihn
9322 16144 390 165 daher,
9750 16144 175 165 ihr
9993 16144 134 165 zu
10180 16144 425 165 folgen,
10643 16144 115 165 so
10820 16144 217 165 daß
11105 16144 245 165 dieß
11385 16144 290 165 wäre
11740 16144 215 165 das
11993 16144 437 165 richtige
12493 16144 412 165 Mittel
12953 16144 337 165 nicht,
13350 16144 202 165 we-

8558 16344 172 165 die
8765 16344 387 165 beiden
9187 16344 620 165 glücklichen
9840 16344 418 165 jungen
10297 16344 341 165 Leute
10677 16344 345 165 allein
11107 16344 486 165 nigstens
11630 16344 317 165 dann
12005 16344 333 165 nicht,
12438 16344 119 165 so
12652 16344 335 165 lange
13088 16344 172 165 die
13295 16344 248 165 Pa-

8560 16510 470 165 blieben.
11097 16510 295 165 piere
11430 16510 193 165 des
11733 16510 417 165 jungen
12235 16510 518 165 Baronet
12835 16510 273 165 nicht
13168 16510 385 165 ausge-

8708 16710 335 165 Nun,
9087 16710 300 165 sagte
9440 16710 185 165 der
9682 16710 223 165 alte
9943 16710 385 165 Giles,
10428 16710 190 165 als
10660 16710 143 165 sie
10903 16710 134 165 in
11085 16710 458 165 ftmden
11615 16710 288 165 sind.
12052 16710 538 165 Deßhalb
12678 16710 309 165 hatte
13083 16710 482 165 Richard

8567 16894 178 165 der
8798 16894 354 165 Küche
9237 16894 416 165 waren,
9740 16894 207 165 um
10050 16894 248 165 was
10388 16894 469 165 handelt

10897 16944 126 110 ti

11087 16894 466 165 Herbert
11637 16894 408 165 meiner
12142 16894 431 165 Ansicht
12670 16894 272 165 nach
13037 16894 515 165 vollkom-

8797 17077 58 165 2
11110 17077 247 165 tuen
11392 17077 383 165 Recht,
11855 17077 213 165 den
12103 17077 312 165 Dieb
12477 17077 188 165 bis
12742 17077 130 165 in
12918 17077 172 165 die
13143 17077 420 165 Minen

8713 17294 450 165 Rauche
9200 17294 383 165 Deine
9623 17294 385 165 Pfeife
10050 17294 238 165 hier
10350 17294 275 165 aus,
10710 17294 312 165 erwi-
11110 17294 127 165 zu
11293 17294 607 165 verfolgen.

8570 17494 285 165 derte
8890 17494 477 165 Mistreß
9423 17494 340 165 Giles
9805 17494 463 165 einfach.
10388 17494 252 165 Der
10685 17494 352 165 Greis
11253 17494 255 165 Der
11553 17494 352 165 Greis
11980 17494 403 165 gerieth
12488 17494 382 165 immer
12963 17494 137 165 in
13177 17494 395 165 Asfect,

8565 17694 475 165 lächelte,
9170 17694 107 165 er
9412 17694 391 165 errieth
9908 17694 174 165 die
10162 17694 416 165 Absicht
10688 17694 340 165 seiner
11112 17694 320 165 wenn
11503 17694 340 165 dieses
11903 17694 432 165 Thema
12427 17694 630 165 besprochen
13155 17694 413 165 wurde,

8563 17877 379 165 Frau.
11108 17877 332 165 daher
11498 17877 357 165 schlug
11972 17877 110 165 er
12193 17877 264 165 auch
12550 17877 487 165 dießmal
13118 17877 205 165 mit
13367 17877 183 165 der

8722 18060 176 165 Es
8940 18060 248 165 geht
9243 18060 352 165 nichts
9633 18060 270 165 über
9942 18060 178 165 die
10157 18060 518 165 Frauen,
10717 18060 303 165 sagte
11100 18060 353 165 Faust
11493 18060 199 165 auf
11803 18060 214 165 den
12072 18060 360 165 Tisch,
12518 18060 224 165 daß
12827 18060 173 165 die
13088 18060 464 165 darauf-

8570 18260 162 165 er,
8770 18260 140 165 sie
8965 18260 373 165 haben
9375 18260 225 165 viel
9642 18260 301 165 mehr
10015 18260 557 165 Verstand
10612 18260 203 165 wie
10870 18260 170 165 die
11075 18260 592 165 stehenden
11702 18260 398 165 Gläser
12138 18260 497 165 klirrten,
12677 18260 378 165 indem
13093 18260 105 165 er
13232 18260 306 165 seier-

8577 18444 556 165 Männer.
11105 18444 283 165 liehst
11438 18444 499 165 erklärte,
12027 18444 228 165 baß
12360 18444 108 165 er
12528 18444 300 165 sich's
12915 18444 215 165 den
13215 18444 353 165 letzten

8720 18627 247 165 Die
9088 18627 442 165 meisten
9655 18627 435 165 unserer
10193 18627 310 165 Leser
10613 18627 422 165 werden
11102 18627 416 165 Pennt)
11627 18627 350 165 seines
12075 18627 703 165 Vermögens
12835 18627 342 165 kosten
13227 18627 343 165 lassen

8572 18810 500 165 hierüber
9172 18810 136 165 in
9438 18810 564 165 gehöriger
10130 18810 917 165 Bescheidenheit,
11113 18810 365 165 wolle,
11577 18810 203 165 um
11867 18810 213 165 den
12135 18810 588 165 wirklichen
12760 18810 790 165 Eigentümer

8577 19010 251 165 oder
8885 19010 263 165 doch
9182 19010 226 165 aus
9472 19010 948 165 pflichtschuldiger
10457 19010 571 165 Garantie
11113 19010 230 165 von
11383 19010 679 165 Growshsll
12105 19010 138 165 in
12335 19010 287 165 seine
12702 19010 396 165 Rechte
13197 19010 370 165 einzu-

8568 19194 357 165 igen
8993 19194 220 165 das
9310 19194 367 165 schöne
9787 19194 593 165 Geschlecht
10478 19194 210 165 mit
10797 19194 243 165 dem
11110 19194 312 165 setzen
11467 19194 246 165 und
11753 19194 220 165 das
12068 19194 225 165 alte
12332 19194 436 165 Schloß
12832 19194 208 165 den
13075 19194 488 165 Händen

8577 19394 306 165 alten
8922 19394 335 165 Giles
9320 19394 448 165 einerlei
9807 19394 588 165 Meinung
10438 19394 274 165 sein,
10747 19394 290 165 denn
11105 19394 533 165 Roderich
11675 19394 597 165 Hasting's
12378 19394 250 165 und
12727 19394 348 165 seines
13160 19394 403 165 nichts-

8577 19577 160 165 an
8777 19577 295 165 Takt
9182 19577 246 165 und
9520 19577 555 165 richtigem
10113 19577 494 165 Gefühle
10702 19577 330 165 über-
11113 19577 575 165 würdigen
11727 19577 505 165 Agenten
12293 19577 135 165 zu
12465 19577 595 165 entreißen.

8577 19777 276 165 trifft
8898 19777 175 165 die
9110 19777 338 165 Frau
9493 19777 184 165 bei
9733 19777 475 165 Weitem
10247 19777 323 165 ihren
10650 19777 392 165 Herrn
11262 19777 273 165 Und
11577 19777 248 165 dieß
11878 19777 557 165 geschieht,
12470 19777 385 165 Frau,
12935 19777 205 165 rief
13182 19777 160 165 er,
13458 19777 119 165 so

8570 19960 242 165 und
8852 19960 561 165 Gebieter,
9512 19960 470 165 deßhalb
10087 19960 348 165 hegen
10545 19960 202 165 wir
10825 19960 212 165 mit
11112 19960 306 165 wahr
11457 19960 158 165 ich
11678 19960 185 165 der
11962 19960 226 165 alte
12227 19960 341 165 Giles
12628 19960 222 165 aus
12907 19960 671 165 Growshall

8572 20160 333 165 Giles
8947 20160 175 165 die
9182 20160 900 165 Ueberzeugung,
10153 20160 224 165 daß
10472 20160 176 165 die
10687 20160 336 165 Frau
11105 20160 278 165 bin!

8573 20344 172 165 die
8845 20344 868 165 unentbehrliche
9815 20344 388 165 bessere
10295 20344 398 165 Hälfte
10828 20344 200 165 des
11252 20344 310 165 Noch
11598 20344 190 165 am
11850 20344 612 165 nämlichen
12498 20344 505 165 Abende,
13093 20344 159 165 an
13292 20344 256 165 wel*

8568 20527 534 165 Manne»
9143 20527 180 165 ist,
9363 20527 245 165 und
9650 20527 398 165 rathen
10113 20527 337 165 jedem
10485 20527 525 165 Jungge-
11050 20527 323 165 chem
11410 20527 342 165 dieses
11783 20527 547 165 Gespräch
12365 20527 810 165 stattgefunden
13212 20527 355 165 hatte,

8573 20727 372 165 sellen,
9037 20727 316 165 noch,
9480 20727 118 165 so
9687 20727 341 165 lange
10120 20727 122 165 es
10275 20727 262 165 Zeit
10635 20727 177 165 ist,
10905 20727 127 165 zu
11107 20727 236 165 kam
11380 20727 263 165 Jack
11768 20727 282 165 ganz
12160 20727 553 165 athemloS
12808 20727 275 165 nach
13183 20727 389 165 Hause

8577 20910 480 165 wählen.
11108 20910 517 165 gelaufen
11663 20910 242 165 und
11945 20910 315 165 schrie
12365 20910 313 165 schon
12737 20910 230 165 von
13007 20910 471 165 Weitem

8730 21110 222 165 Als
8995 21110 265 165 Jack
9360 21110 370 165 hörte,
9818 21110 229 165 daß
10083 21110 289 165 seine
10430 21110 598 165 Schwester
11110 21110 232 165 Sie
11387 21110 495 165 kommen
12002 21110 165 165 sie
12202 21110 583 165 kommen!
12907 21110 386 165 Onkel
13335 21110 217 165 Gi-

8568 21294 172 165 dic
8777 21294 338 165 Frau
9212 21294 246 165 und
9558 21294 115 165 er
9768 21294 190 165 der
10015 21294 612 165 Schwager
10683 21294 349 165 seines
11102 21294 216 165 les,
11358 21294 379 165 Vetter
11805 21294 563 165 William,
12413 21294 167 165 sie
12617 21294 573 165 kommen!

8575 21494 452 165 Vetters
9065 21494 525 165 William
9707 21494 393 165 werde,
10193 21494 407 165 machte
10703 21494 112 165 er
10903 21494 135 165 in
11263 21494 287 165 Aber
11612 21494 210 165 wer
11875 21494 403 165 kommt
12317 21494 390 165 denn?
12817 21494 443 165 fragten
13300 21494 258 165 Va-

8573 21694 347 165 tollen
8960 21694 647 165 Sprüngen
9688 21694 250 165 und
10017 21694 206 165 mit
10327 21694 426 165 lautem
10793 21694 232 165 La-
11112 21694 151 165 ter
11298 21694 245 165 und
11603 21694 419 165 Sohn.

8583 21877 257 165 chen
8872 21877 338 165 seiner
9265 21877 430 165 Freude
9733 21877 324 165 Luft.
10157 21877 166 165 Er
10368 21877 275 165 glich
10680 21877 347 165 einem
11250 21877 338 165 Nun,
11632 21877 403 165 Mister
12075 21877 270 165 Dick
12743 21877 254 165 oder
13055 21877 512 165 vielmehr

8583 22060 425 165 jungen
9048 22060 405 165 Baren
9497 22060 203 165 vor
9763 22060 352 165 einem
10168 22060 362 165 vollen
10568 22060 455 165 Honig-
11388 22060 255 165 nun
11660 22060 252 165 Ihr
11972 22060 263 165 wißt
12273 22060 357 165 schon,
12685 22060 242 165 wen
12963 22060 154 165 ich
13172 22060 401 165 meine,

8577 22260 303 165 topfe
8917 22260 241 165 und
9200 22260 293 165 eilte,
9603 22260 155 165 da
9863 22260 112 165 er
10072 22260 286 165 feine
10395 22260 682 165 GemüthC«'
11265 22260 237 165 Sie
11548 22260 334 165 liefen
11920 22260 328 165 unter
12288 22260 175 165 die
12500 22260 390 165 Thüre
12932 22260 245 165 und
13218 22260 339 165 sahen

8567 22444 615 165 beweguttg
9218 22444 287 165 nicht
9600 22444 680 165 beherrschen
10370 22444 445 165 konnte,
10907 22444 131 165 in
11108 22444 235 165 eine
11395 22444 695 165 Gesellschaft
12143 22444 232 165 von
12415 22444 667 165 Reisenden,
13172 22444 163 165 an
13375 22444 185 165 de-

8575 22644 208 165 den
8818 22644 239 165 Hof
9117 22644 486 165 hinaus,
9678 22644 209 165 um
9982 22644 210 165 mit
10297 22644 370 165 seinen
10702 22644 600 165 Lieb-icen
11363 22644 377 165 Spitze
11778 22644 192 165 sie
12043 22644 470 165 unseren
12597 22644 431 165 Helden
13107 22644 460 165 erkann-

13668 1110 235 165 len.
14057 1110 171 165 Er
14277 1110 248 165 und
14567 1110 230 165 fein
14880 1110 475 165 Freund
15397 1110 333 165 Sam
15775 1110 382 165 waren

13680 1310 137 165 zu
13853 1310 429 165 Pferde
14322 1310 251 165 und
14615 1310 348 165 ritten
15007 1310 358 165 einem
15402 1310 445 165 Karren
15887 1310 265 165 vor-

13680 1510 275 165 aus,
13997 1510 203 165 auf
14242 1510 510 165 welchem
14787 1510 746 165 Euphrosyne
15572 1510 251 165 und
15835 1510 352 165 Mig-

13683 1710 374 165 nonne
14095 1710 208 165 mit
14348 1710 354 165 ihrem
14760 1710 622 165 Söhnchen
15420 1710 380 165 saßen,
15835 1710 317 165 wäh-

13687 1894 270 165 rend
13995 1894 340 165 Weeb
14370 1894 370 165 neben
14803 1894 189 165 der
15045 1894 663 165 armseligen
15747 1894 446 165 Mähre

13683 2094 529 165 herging,
14302 2094 173 165 die
14528 2110 217 147 das
14802 2094 685 165 gebrechliche
15562 2094 613 165 Fuhrwerk

13697 2260 248 165 zog.

13835 2477 232 165 Ich
14115 2477 268 165 hielt
14458 2477 119 165 es
14705 2477 178 165 für
14990 2477 240 165 eine
15303 2477 410 165 heilige
15753 2477 429 165 Pflicht

13693 2660 185 165 der
13913 2660 852 165 Freundschaft,
14873 2660 309 165 sagte
15277 2660 323 165 Dick,
15703 2660 190 165 als
15998 2660 199 165 die

13688 2844 339 165 ersten
14060 2844 857 165 Begrüßungen
14973 2844 244 165 und
15257 2844 915 165 Gratulationen

13693 3027 272 165 über
14097 3027 228 165 sein
14460 3027 603 165 glückliches
15222 3027 948 165 Wiederkommen

13683 3227 769 165 ausgetauscht
14488 3227 424 165 waren,
14952 3227 428 165 meinen
15417 3227 285 165 Weg
15762 3227 395 165 eigens

13687 3410 178 165 bei
13903 3410 410 165 Ihnen
14360 3410 470 165 vorüber
14898 3410 134 165 zu
15068 3410 504 165 nehmen,
15630 3410 197 165 um
15907 3410 245 165 Sie

13687 3594 130 165 zu
13852 3594 605 165 begrüßen.

13837 3810 273 165 Und
14152 3810 235 165 uns
14427 3810 630 165 hoffentlich
15122 3810 275 165 recht
15455 3810 255 165 gute
15785 3810 373 165 Nach-

13683 3994 399 165 richten
14137 3994 133 165 zu
14355 3994 523 165 bringen,
14953 3994 307 165 fügte
15318 3994 522 165 William
15885 3994 267 165 hin-

13690 4177 178 165 zu.

13835 4377 377 165 Leider
14248 4377 317 165 nein,
14607 4377 303 165 mein
14970 4377 535 165 Freund!
15595 4377 550 165 erwiderte

13687 4560 310 165 Dick.
14148 4560 252 165 Der
14445 4560 420 165 Elende
14932 4560 128 165 ist
15148 4560 242 165 uns
15487 4560 688 165 entkommen

13687 4760 238 165 und
13965 4760 202 165 hat
14228 4760 239 165 sich,
14528 4760 197 165 wie
14762 4760 158 165 ich
14987 4760 198 165 auf
15248 4760 407 165 meiner
15692 4760 460 165 Durch-

13682 4944 266 165 reise
13982 4944 138 165 in
14168 4944 459 165 Sidney
14698 4944 425 165 erfuhr,
15163 4944 202 165 auf
15442 4944 246 165 dem
15782 4944 380 165 „Nep-

13687 5144 270 165 tun"
14000 5144 265 165 nach
14328 5144 550 165 England
14957 5144 701 165 eingeschifft,
15748 5144 177 165 wo
16015 5144 180 165 er,

13690 5327 318 165 kaum
14045 5327 830 165 angekommen,
14982 5327 351 165 meine
15422 5327 500 165 Papiere
16005 5327 168 165 an

13685 5527 535 165 Roderich
14257 5527 490 165 Hasting
14807 5527 576 165 verkaufen
15443 5527 322 165 wird.
15907 5527 253 165 Ihr

13685 5727 217 165 seht
13963 5727 290 165 also,
14327 5727 223 165 daß
14653 5727 154 165 ich
14860 5727 292 165 keine
15185 5727 612 165 Hoffnung
15838 5727 377 165 mehr,

13677 5910 335 165 habe
14095 5910 155 165 ich
14307 5910 206 165 bin
14555 5910 245 165 und
14842 5910 353 165 bleibe
15232 5910 251 165 nun
15525 5910 178 165 für
15777 5910 396 165 immer

13678 6094 269 165 Dick
14010 6094 610 165 Tarleton.

13847 6294 231 165 Sie
14123 6294 275 165 sind
14535 6294 233 165 Sir
14850 6294 488 165 Richard
15408 6294 469 165 Herbert
15937 6294 230 165 von

13687 6477 720 165 Growshall,
14448 6477 204 165 rief
14758 6477 185 165 der
15033 6477 525 165 Farmer,
15657 6477 248 165 und
16007 6477 153 165 ich

13688 6677 234 165 will
13968 6677 287 165 nicht
14292 6677 246 165 eher
14597 6677 541 165 sterben,
15180 6677 193 165 als
15467 6677 188 165 bis
15715 6677 253 165 Si?
16042 6677 136 165 zu

13677 6860 421 165 Ihrem
14175 6860 388 165 Rechte
14678 6860 624 165 gekommen
15337 6860 316 165 sind!
15877 6860 293 165 Aber

13697 7044 343 165 treten
14095 7044 235 165 Sie
14377 7044 223 165 ein,
14640 7044 202 165 bat
14958 7044 160 165 er,
15200 7044 245 165 und
15532 7044 348 165 lassen
15933 7044 249 165 Sie

13692 7244 186 165 sich
13930 7244 130 165 in
14107 7244 470 165 meinem
14613 7244 735 165 bescheidenen
15382 7244 431 165 Hause,
15852 7244 330 165 wenn

13683 7444 292 165 zwar
14032 7444 463 165 einfach,
14585 7444 257 165 aber
14903 7444 257 165 doch
15193 7444 450 165 herzlich
15732 7444 440 165 bewill-

13683 7610 620 165 kommnen.

13832 7827 240 165 Ein
14118 7827 689 165 Protestiren
14873 7827 345 165 gegen
15253 7827 179 165 die
15492 7827 671 165 Einladung

13688 8010 372 165 würde
14098 8010 210 165 den
14377 8010 530 165 ehrlichen
14987 8010 473 165 Pächter
15520 8010 375 165 schwer
15967 8010 203 165 be-

13682 8210 383 165 leidigt
14192 8210 418 165 haben,
14730 8210 285 165 man
15138 8210 249 165 half
15525 8210 342 165 daher
15978 8210 195 165 der

13685 8394 598 165 Schwester
14340 8394 440 165 Sam's
14868 8394 250 165 und
15158 8394 187 165 der
15448 8394 727 165 corpulenten

13672 8577 665 165 Dircctorin
14438 8577 232 165 von
14773 8577 359 165 ihrem
15213 8577 454 165 Wagen
15763 8577 414 165 herab,

13682 8777 526 165 während
14247 8777 483 165 Mistreß
14790 8777 338 165 Giles
15213 8777 654 165 versicherte,
15952 8777 231 165 daß

13680 8960 120 165 es
13832 8960 135 165 in
14033 8960 187 165 der
14255 8960 372 165 Farm
14695 8960 342 165 weder
15095 8960 160 165 an
15295 8960 890 165 Lebensmitteln

13685 9160 263 165 noch
14003 9160 167 165 an
14250 9160 427 165 Betten
14782 9160 326 165 fehle,
15202 9160 253 165 und
15535 9160 663 165 überhaupt

13677 9360 208 165 den
13920 9360 625 165 ermüdeten
14582 9360 616 165 Reifenden
15237 9360 358 165 nichts
15665 9360 503 165 abgehen

13673 9544 317 165 solle.

13843 9744 254 165 Wir
14145 9744 470 165 nehmen
14677 9744 360 165 Euere
15122 9744 330 165 Liebe
15560 9744 182 165 für
15832 9744 330 165 Liele

13682 9927 245 165 hin,
14038 9927 560 165 erwiderte
14710 9927 745 165 Euphrosyne
15583 9927 209 165 mit
15925 9927 255 165 dem

13682 10127 420 165 ganzen
14138 10127 612 165 Bombaste
14865 10127 308 165 ihres
15260 10127 593 165 Jargons,
15927 10127 251 165 und

13680 10310 350 165 bieten
14065 10310 298 165 Euch
14425 10310 210 165 den
14670 10310 343 165 Gruß
15073 10310 182 165 der
15290 10310 888 165 Freundschaft!

13840 10494 298 165 Was
14237 10494 340 165 Weeb
14687 10494 665 165 anbelangt,
15477 10494 118 165 so
15710 10494 237 165 war
16060 10494 117 165 er

13683 10694 434 165 überall
14157 10694 135 165 zu
14327 10694 433 165 Hause,
14818 10694 285 165 ohne
15138 10694 399 165 irgend
15607 10694 225 165 viel
15873 10694 304 165 Aus-

13678 10894 720 165 merksamkeit
14470 10894 182 165 für
14768 10894 285 165 feine
15148 10894 452 165 Person
15703 10894 130 165 in
15918 10894 254 165 An-

13677 11077 371 165 spruch
14103 11077 134 165 zu
14273 11077 519 165 nehmen.
14937 11077 226 165 Um
15205 11077 665 165 Mignonne
15913 11077 249 165 und

13673 11277 169 165 ihr
13885 11277 317 165 Kind
14247 11277 353 165 nahm
14670 11277 193 165 sich
14918 11277 205 165 mit
15203 11277 190 165 der
15478 11277 182 165 ihr
15705 11277 458 165 eigenen

13662 11460 1121 165 Liebenswürdigkeit
14917 11460 586 165 Susanna
15642 11460 205 165 an,
15975 11460 192 165 der

13670 11660 267 165 Dick
14028 11660 182 165 bei
14315 11660 405 165 feinem
14820 11660 585 165 Eintreten
15507 11660 358 165 etwas
15920 11660 243 165 in's

13670 11844 260 165 Ohr
13973 11844 549 165 flüsterte,
14562 11844 508 165 worüber
15108 11844 199 165 sie-
15330 11844 538 165 erröthete
15905 11844 252 165 und

13670 12044 437 165 freudig
14147 12044 490 165 lächelte.

13807 12227 201 165 Ist
14062 12227 353 165 meine
14450 12227 867 165 Prophezeiung
15357 12227 130 165 in
15533 12227 639 165 Erfüllung

13667 12410 665 165 gegangen?
14390 12410 357 165 fragte
14787 12410 113 165 er
14957 12410 233 165 sie.

13813 12610 345 165 Keine
14195 12610 1028 165 Kartenschlägerin
15282 12610 311 165 hätte
15632 12610 508 165 richtiger

13665 12794 405 165 rathen
14110 12794 483 165 können,
14632 12794 655 165 antwortete
15352 12794 576 165 William,
15975 12794 195 165 der

13665 12994 275 165 diese
14032 12994 383 165 Frage
14518 12994 389 165 gehört
15008 12994 357 165 hatte.
15527 12994 633 165 Wünschen

13667 13177 231 165 Sie
13943 13177 214 165 mir
14198 13177 385 165 Glück,
14650 13177 233 165 Sir
14937 13177 493 165 Richard
15470 13177 555 165 Herbert!

13807 13377 268 165 Dick
14135 13377 398 165 drückte
14585 13377 243 165 ihm
14872 13377 451 165 herzlich
15380 13377 173 165 die
15590 13377 410 165 Hand.

13822 13594 221 165 Auf
14085 13594 213 165 den
14368 13594 305 165 alten
14712 13594 341 165 Giles
15143 13594 249 165 und
15432 13594 286 165 feine
15775 13594 392 165 Frau,

13662 13794 168 165 die
13865 13794 173 165 ihr
14112 13794 356 165 Leben
14550 13794 287 165 laug
14923 13794 269 165 noch
15280 13794 370 165 keinen
15685 13794 270 165 Fuß
15997 13794 158 165 -in

13657 13977 178 165 ein
13872 13977 476 165 Theater
14487 13977 348 165 gesetzt
14937 13977 441 165 hatten,
15472 13977 415 165 machte
15970 13977 177 165 die

13655 14177 805 165 Ex-Besitzerin
14498 14177 199 165 des
14772 14177 1375 165 Shakespeare-Tempels

13655 14360 313 165 einen
14003 14360 662 165 gewaltigen
14703 14360 582 165 Eindruck.
15420 14360 387 165 Zuerst
15845 14360 310 165 hiel-

13660 14544 175 165 ten
13870 14544 192 165 sie
14212 14544 741 165 Euphrosyne
15095 14544 182 165 für
15410 14544 403 165 irgend
15907 14544 243 165 eine

13660 14744 373 165 Dame
14122 14744 230 165 von
14457 14744 410 165 hohem
14950 14744 465 165 Range,
15507 14744 115 165 so
15717 14744 426 165 unver-

13662 14944 586 165 ständlich
14290 14944 245 165 und
14677 14944 936 165 außerordentlich
15750 14944 392 165 kamen

13647 15127 335 165 ihnen
14020 15127 238 165 ihre
14365 15127 623 165 Manieren
15030 15127 245 165 und
15388 15127 400 165 Worte
15883 15127 257 165 vor.

13645 15310 470 165 Mistreß
14155 15310 337 165 Giles
14615 15310 235 165 war
14968 15310 234 165 von
15303 15310 290 165 einer
15680 15310 462 165 wahren

13638 15510 585 165 Ehrfurcht
14332 15510 888 165 durchdrungen,
15330 15510 107 165 ja
15475 15510 192 165 sie
15708 15510 419 165 machte

13650 15694 183 165 sich
13935 15694 603 165 Vorwürfe
14640 15694 267 165 über
15017 15694 240 165 ihre
15390 15694 750 165 Anmaßung,

13642 15894 230 165 eine
13925 15894 183 165 so.
14147 15894 531 165 erhabene
14713 15894 344 165 Frau
15138 15894 189 165 zur
15405 15894 480 165 Einkehr
15990 15894 145 165 in

13643 16077 227 165 ihre
13928 16077 472 165 schlechte
14432 16077 361 165 Hütte
14898 16077 524 165 bewogen
15502 16077 133 165 zu
15713 16077 420 165 haben,

13643 16260 235 165 und
13917 16260 763 165 entschuldigte
14783 16260 197 165 sich
15068 16260 594 165 unzählige
15740 16260 398 165 Male,

13643 16460 217 165 daß
13895 16460 188 165 sie
14125 16460 180 165 ihr
14370 16460 367 165 keinen
14795 16460 683 165 würdigeren
15517 16460 595 165 Empfang

13635 16627 283 165 habe
13953 16627 484 165 bereiten
14493 16627 475 165 können.

13798 16860 300 165 Was
14142 16860 265 165 liegt
14468 16860 237 165 uns
14812 16860 161 165 an
15073 16860 360 165 diesen
15528 16860 592 165 traurigen

13633 17044 635 165 Eitelkeiten
14395 17044 185 165 der
14722 17044 345 165 Welt,
15223 17044 557 165 erwiderte
15935 17044 183 165 die

13643 17244 954 165 Schauspielerin,
14695 17244 327 165 unser
15112 17244 370 165 Leben
15520 17244 250 165 floß
15903 17244 220 165 ab-

13638 17444 569 165 wechselnd
14240 17444 137 165 in
14427 17444 461 165 Wüsten
14973 17444 250 165 und
15290 17444 552 165 Palästen
15882 17444 231 165 da-

13632 17627 246 165 hin.
14012 17627 251 165 Wir
14310 17627 248 165 sind
14597 17627 598 165 Nomaden
15255 17627 227 165 aus
15522 17627 593 165 Gewohn-

13633 17810 269 165 heit,
13942 17810 865 165 Kosmopoliten
14847 17810 226 165 aus
15132 17810 595 165 Neigung.

13777 18044 208 165 In
14022 18044 626 165 Palästen!
14722 18044 578 165 murmelte
15338 18044 480 165 Mistreß
15878 18044 239 165 Gi-

13638 18227 165 165 les
13840 18227 355 165 ihrem
14300 18227 437 165 Gatten
14837 18227 238 165 in's
15182 18227 321 165 Ohr,
15602 18227 260 165 aber
15962 18227 148 165 sie

13647 18410 373 165 spricht
14085 18410 113 165 ja
14258 18410 200 165 wie
14515 18410 233 165 eine
14783 18410 599 165 Königin!

13802 18610 336 165 Ganz
14265 18610 203 165 wie
14548 18610 177 165 die
14827 18610 513 165 Königin
15430 18610 230 165 von
15700 18610 417 165 Saba,

13647 18794 168 165 die
13918 18794 157 165 ich
14207 18794 303 165 eines
14595 18794 392 165 Tages
15090 18794 207 165 mit
15390 18794 243 165 dem
15668 18794 455 165 Könige

13647 18977 528 165 Salome
14248 18977 139 165 in
14478 18977 350 165 einem
14913 18977 1204 165 Marionettentheater

13647 19177 196 165 auf
13900 19177 247 165 dem
14182 19177 453 165 Markte
14677 19177 233 165 von
14950 19177 470 165 Newark
15458 19177 250 165 sah,
15745 19177 370 165 bestä-

13652 19360 263 165 tigte
13955 19360 188 165 der
14178 19360 527 165 Farmer.

13793 19560 255 165 Der
14142 19560 335 165 naive
14517 19560 526 165 "JJeoman
15147 19560 235 165 war
15422 19560 188 165 der
15682 19560 438 165 Wahr-

13638 19744 225 165 heit
13903 19744 222 165 viel
14167 19744 403 165 näher,
14632 19744 190 165 als
14863 19744 109 165 er
15040 19744 305 165 selbst
15378 19744 792 165 tiermuthete.

13810 19944 388 165 Weeb,
14297 19944 181 165 der
14573 19944 209 165 mit
14893 19944 467 165 offenem
15397 19944 455 165 Munde
15947 19944 180 165 die

13640 20127 852 165 Beredsamkeit
14552 20127 336 165 seiner
14947 20127 618 165 erhabenen
15602 20127 525 165 Gemah-

13645 20327 172 165 lin
13865 20327 630 165 anstaunte,
14602 20327 496 165 erklärte,
15200 20327 227 165 daß
15522 20327 320 165 Alles
15925 20327 210 165 gut

13652 20510 366 165 genug
14055 20510 182 165 für
14280 20510 173 165 sie
14492 20510 198 165 sei
14833 20510 224 165 daß
15110 20510 142 165 sie
15307 20510 161 165 an
15508 20510 175 165 die
15750 20510 373 165 härte-

13653 20710 234 165 sten
13922 20710 713 165 Strapazen,
14733 20710 159 165 an
14932 20710 171 165 die
15170 20710 605 165 schwersten
15808 20710 307 165 Ent-

13642 20894 645 165 behrungen
14393 20894 509 165 gewöhnt
14997 20894 331 165 seien,
15438 20894 119 165 ja
15655 20894 452 165 einmal,

13652 21094 300 165 fügte
13990 21094 110 165 er
14165 21094 385 165 hinzu,
14655 21094 375 165 waren
15138 21094 205 165 wir
15452 21094 265 165 nach
15817 21094 293 165 einer

13645 21277 788 165 unglücklichen
14468 21277 472 165 Saison
15060 21277 122 165 so
15278 21277 244 165 weit
15560 21277 530 165 herabge-

13645 21477 545 165 kommen,
14258 21477 227 165 daß
14573 21477 202 165 wir
14818 21477 329 165 unter
15218 21477 364 165 freiem
15617 21477 511 165 Himmel

13645 21660 563 165 cantptren
14245 21660 245 165 und
14550 21660 118 165 so
14725 21660 137 165 zu
14898 21660 337 165 sagen
15325 21660 223 165 von
15587 21660 191 165 der
15815 21660 282 165 Luft

13642 21860 316 165 leben
13995 21860 510 165 mußten.

13803 22044 232 165 Ah,
14078 22044 849 165 wahrscheinlich
14963 22044 195 165 wie
15225 22044 230 165 jene
15488 22044 620 165 Tartaren,

13645 22244 227 165 von
13932 22244 451 165 welchen
14438 22244 202 165 wir
14715 22244 415 165 letzthin
15220 22244 233 165 eine
15507 22244 598 165 Geschichte

13648 22427 354 165 lasen,
14038 22427 309 165 sagte
14415 22427 570 165 Susanna
15025 22427 327 165 naiv.

13810 22610 232 165 Ja,
14092 22610 333 165 Miß,
14497 22610 546 165 erwiderte
15127 22610 388 165 Weeb,
15605 22610 252 165 und
15948 22610 164 165 ich
