17448 24585
1070 1418 308 147 kann
1418 1418 239 147 Sie
1720 1418 633 147 versichern,
2417 1418 228 147 daß
2682 1418 125 147 es
2872 1418 295 147 keine
3220 1418 353 147 ange-

1063 1602 404 146 nehme
1573 1602 387 146 Sache
2048 1602 294 146 war,
2467 1602 460 146 obwohl
3027 1602 203 146 wir
3323 1602 260 146 gute

1063 1802 419 146 Miene
1638 1802 255 146 zum
2012 1802 343 146 bösen
2490 1802 422 146 Spiele
3040 1802 545 146 machten.

1060 1985 415 147 Meine
1518 1985 339 147 Frau
1903 1985 129 147 ist
2067 1985 240 147 eine
2375 1985 348 147 höchst
2778 1985 790 147 merkwürdige

1062 2185 461 147 Person
1565 2185 283 147 ...

1223 2368 607 147 Eugenio!
1935 2368 213 147 rief
2222 2368 486 147 Mistreß
2750 2368 393 147 Weeb,
3258 2368 315 147 auf's

1068 2568 587 147 Aeußerste
1755 2568 275 147 über
2147 2568 178 147 die
2363 2568 802 147 Jndiscretion
3270 2568 303 147 ihres

1068 2752 534 146 Mannes
1645 2752 613 146 indignirt.

1233 2935 402 147 Meine
1677 2935 423 147 Liebe?

1235 3152 262 146 Wie
1580 3152 165 146 oft
1840 3152 290 146 habe
2242 3152 158 146 ich
2435 3152 252 146 Dir
2762 3152 318 146 schon
3178 3152 384 146 anem-

1058 3335 519 147 pfohlen,
1640 3335 287 147 jener
1990 3335 710 147 entsetzlichen
2807 3335 481 147 Episode
3325 3335 218 147 un-

1063 3535 295 147 seres
1413 3535 529 147 ehelichen
1977 3535 438 147 Lebens
2478 3535 284 147 nicht
2823 3535 305 147 mehr
3183 3535 139 147 zu
3377 3535 178 147 ge-

1063 3718 497 147 denken!

1237 3902 350 146 Aber,
1668 3902 357 146 meine
2153 3902 374 146 Liebe,
2650 3902 640 146 entgegnete
3380 3902 192 146 der

1060 4102 542 146 Director
1663 4102 527 146 erstaunt
2272 4102 156 146 ich
2488 4102 510 146 glaubte,
3038 4102 227 146 daß
3347 4102 236 146 Tu

1067 4285 316 147 selbst
1442 4285 411 147 darauf
1912 4285 701 147 anspieltest?

1242 4485 1098 147 Stillgeschwiegen!
2433 4485 517 147 herrschte
3027 4485 241 147 ihm
3312 4485 251 147 Eu-

1057 4685 565 147 phrosyne
1678 4685 132 147 zu
1847 4685 241 147 und
2157 4685 201 147 sah
2413 4685 209 147 ihn
2713 4685 214 147 mit
3010 4685 362 147 einen
3443 4685 122 147 so

1075 4868 823 147 vernichtenden
1937 4868 355 147 Blicke
2355 4868 205 147 an,
2660 4868 228 147 daß
2945 4868 340 147 Weeb
3368 4868 194 147 sich

1073 5018 215 147 den
1325 5018 407 147 Mund
1777 5018 205 147 mit
2050 5018 187 147 der
2310 5018 367 147 Hand
2772 5018 453 147 bedeckte
3322 5018 245 147 zum

1065 5218 510 147 Zeichen,
1612 5218 223 147 daß
1900 5218 112 147 er
2075 5218 393 147 fortan
2512 5218 415 147 stnmm
2967 5218 240 147 sein
3243 5218 322 147 wolle

1073 5418 210 147 wie
1323 5418 182 147 ein
1577 5418 371 147 Fisch.

1225 5602 275 146 Und
1543 5602 187 146 der
1790 5602 308 146 arme
2137 5602 408 146 Mann
2592 5602 503 146 getraute
3165 5602 197 146 sich
3440 5602 128 146 in

1058 5785 202 147 der
1320 5785 308 147 That
1673 5785 534 147 während
2307 5785 198 147 des
2600 5785 430 147 ganzen
3087 5785 466 147 Abends

1050 5985 257 147 kein
1347 5985 328 147 Wort
1777 5985 306 147 mehr
2185 5985 135 147 zu
2413 5985 385 147 sagen,
2900 5985 155 147 da
3148 5985 112 147 er
3348 5985 194 147 sich

1062 6168 300 147 ohne
1447 6168 471 147 Zweifel
2013 6168 327 147 durch
2418 6168 217 147 den
2692 6168 611 147 Gedanken
3402 6168 161 147 an

1058 6368 187 147 die
1285 6368 897 147 unvermeidliche
2220 6368 1043 147 Gardinenpredigt
3303 6368 244 147 ein-

1058 6552 715 146 geschüchtert
1852 6568 400 147 fühlte,
2353 6568 370 147 welche
2808 6568 114 147 er
3033 6568 507 147 ohnedies

1048 6752 695 146 regelmäßig
1783 6752 500 146 zweimal
2340 6752 130 146 in
2517 6752 186 146 der
2740 6752 400 146 Woche
3177 6752 358 146 anzu-

1043 6952 377 146 Hören
1460 6952 340 146 hatte,
1860 6952 153 146 da
2070 6952 122 146 es
2223 6952 189 146 bei
2472 6952 748 146 Enphrosyne
3260 6952 283 146 Sy-

1053 7135 277 147 ftem
1387 7135 280 147 war,
1708 7135 352 147 ihrem
2118 7135 444 147 Gatten
2603 7135 262 147 stets
2900 7135 283 147 seine
3263 7135 292 147 voll-

1053 7335 514 147 ständige
1767 7335 1250 147 Bedeutungslosigkeit
3208 7335 360 147 ihrem

1058 7518 469 147 eigenen
1565 7518 860 147 Uebergewichte
2490 7518 617 147 gegenüber
3143 7518 139 147 in
3353 7518 205 147 fri-

1068 7718 280 147 scher
1400 7718 738 147 Erinnerung
2180 7718 133 147 zu
2378 7718 557 147 erhalten.

1237 7902 253 146 Mit
1545 7902 435 146 Sam's
2047 7902 613 146 Schwester
2698 7902 352 146 stand
3092 7902 175 146 die
3323 7902 235 146 $iv

1070 8102 320 146 milie
1492 8102 821 146 augenblicklich
2422 8102 201 146 auf
2743 8102 380 146 gutem
3208 8102 365 146 Fuße.

1072 8285 666 147 Mignonne
1782 8285 233 147 war
2085 8285 117 147 so
2260 8285 463 147 einfach,
2762 8285 113 147 so
2970 8285 612 147 natürlich,

1070 8485 153 147 sie
1278 8485 304 147 hatte
1638 8485 112 147 so
1813 8485 284 147 ganz
2133 8485 250 147 und
2450 8485 205 147 gar
2712 8485 350 147 nichts
3100 8485 438 147 König-

1068 8668 384 147 liches,
1527 8668 350 147 nichts
1915 8668 762 147 Imposantes
2740 8668 132 147 in
2918 8668 357 147 ihrem
3315 8668 240 147 Be-

1077 8868 521 147 nehmen,
1693 8868 225 147 daß
2000 8868 475 147 Mistreß
2515 8868 335 147 Giles
2945 8868 245 147 und
3288 8868 277 147 Su-

1075 9052 425 146 sanna,
1588 9052 284 146 ohne
1907 9052 355 146 etwas
2338 9052 229 146 von
2607 9052 296 146 ihrer
2980 9052 587 146 traurigen

1083 9252 605 146 Geschichte
1822 9252 135 146 zu
2093 9252 414 146 wissen,
2635 9252 185 146 die
2947 9252 623 146 lebhafteste

1085 9435 703 147 Sympathie
1853 9435 184 147 für
2080 9435 173 147 die
2367 9435 671 147 jugendliche
3112 9435 451 147 Mutter

1073 9635 252 147 und
1368 9635 172 147 ihr
1605 9635 432 147 schönes
2068 9635 317 147 Kind
2458 9635 489 147 fühlten,
3035 9635 535 147 während

1083 9835 147 147 sie
1365 9835 302 147 selbst
1723 9835 265 147 auch
2098 9835 319 147 dann
2523 9835 275 147 noch
2905 9835 175 147 die
3173 9835 404 147 heilige

1100 10018 395 147 Scheu
1590 10018 283 147 nicht
1980 10018 135 147 zu
2240 10018 497 147 besiegen
2872 10018 710 147 vermochten,

1095 10218 375 147 welche
1572 10218 335 147 il)ne:t
2015 10218 480 147 Mistreß
2575 10218 347 147 Weeb
3032 10218 556 147 einflößte,

1090 10402 192 146 als
1353 10402 140 146 sie
1587 10402 413 146 bereits
2100 10402 275 146 über
2510 10402 332 146 deren
2982 10402 591 146 wirklichen

1087 10585 430 147 Statt)
1613 10585 169 147 die
1872 10585 548 147 nöthigm
2463 10585 854 147 Aufklärungen
3408 10585 164 147 er-

1077 10785 420 147 halten
1575 10785 437 147 hatten.

1267 10985 220 147 Am
1528 10985 427 147 andern
2022 10985 325 147 Tage
2387 10985 501 147 machten
2948 10985 197 147 sich
3200 10985 387 147 unsere

1090 11168 595 147 Ne'.sendci
1758 11168 589 147 frühzeitig
2448 11168 199 147 auf
2708 11168 209 147 den
2975 11168 293 147 Weg
3310 11168 273 147 nach

1097 11352 198 146 der
1357 11352 101 146 A
1503 11352 557 146 licvtartn,
2153 11352 390 146 wohin
2647 11352 526 146 William
3247 11352 338 146 Giles

1095 11552 157 146 sie
1287 11552 605 146 begleitete.

1267 11735 256 147 Wir
1572 11735 401 147 wollen
2083 11735 124 147 es
2310 11735 283 147 nicht
2708 11735 614 147 versuchen,
3392 11735 195 147 die

1093 11935 444 147 Freude
1577 11935 606 147 Martha's
2272 11935 135 147 zu
2498 11935 210 147 schi
2742 11935 318 147 deru,
3163 11935 195 147 als
3447 11935 136 147 sie

1088 12118 335 147 ihren
1467 12118 773 147 Adoptivsohn
2303 12118 637 147 wiedersah,
3025 12118 243 147 der,
3358 12118 222 147 von

1103 12318 449 147 George
1590 12318 465 147 Ehason
2118 12318 649 147 chrcrtmt'.g
2868 12318 720 147 empfangen,

1097 12502 185 146 die
1322 12502 655 146 Ankerfarm
2017 12502 416 146 betrat,
2553 12502 177 146 wo
2793 12502 530 146 während
3362 12502 206 146 sei-

1095 12702 203 146 uer
1362 12702 741 146 Abwesenheit
2140 12702 448 146 Trauer
2655 12702 245 146 und
2943 12702 652 146 Besorgniß

1095 12902 212 146 um
1350 12902 208 146 ihn
1603 12902 582 146 geherrscht
2253 12902 445 146 hatten.

1272 13085 313 147 Alle?
1625 13085 125 147 ist
1862 13085 268 147 noch
2232 13085 293 147 nicht
2632 13085 555 147 verloren,
3290 13085 300 147 sagte

1108 13268 497 147 George,
1645 13268 192 147 als
1880 13268 238 147 ihm
2162 13268 270 147 Dick
2503 13268 412 147 erzählt
2953 13268 364 147 hatte,
3358 13268 225 147 daß

1092 13468 280 147 Bill
1430 13468 645 147 Spnggins
2118 13468 274 147 noch
2427 13468 550 147 England
3037 13468 561 147 entflohen

1103 13652 187 146 sei
1373 13652 295 146 mein
1707 13652 525 146 Zeugniß
2295 13652 285 146 wird
2625 13652 287 146 nicht
2978 13652 284 146 ganz
3298 13652 289 146 ohne

1108 13852 492 146 Gewicht
1662 13852 273 146 sein,
2013 13852 245 146 und
2302 13852 385 146 Wood
2730 13852 207 146 hat
3007 13852 325 146 unter
3373 13852 209 146 den

1105 14035 580 147 Papieren
1725 14035 200 147 des
1985 14035 743 147 Kommissars
2767 14035 285 147 nicht
3113 14035 225 147 nur
3382 14035 185 147 ein

1115 14235 785 147 vollständiges
1938 14235 702 147 Bekenntniß
2702 14235 356 147 seines
3093 14235 477 147 unwür-

1112 14418 338 147 öigen
1490 14418 718 147 Benehmens
2323 14418 347 147 gegen
2762 14418 313 147 Ihre
3145 14418 452 147 Mutter

1120 14618 598 147 gefunden,
1757 14618 476 147 sondern
2295 14618 270 147 auch
2623 14618 184 147 ein
2845 14618 747 147 Geständniß,

1107 14802 226 146 mf
1397 14802 361 146 welche
1808 14802 214 146 Art
2115 14802 110 146 er
2333 14802 200 146 sich
2607 14802 190 146 bei
2838 14802 320 146 Gore
3200 14802 128 146 in
3375 14802 208 146 den

1117 15002 350 146 Besitz
1503 15002 357 146 Ihrer
1908 15002 494 146 Papiere
2478 15002 352 146 gesetzt
2882 15002 251 146 hat.

1287 15185 180 147 Es
1512 15185 128 147 ist
1703 15185 302 147 wohl
2080 15185 267 147 noch
2433 15185 180 147 die
2652 15185 435 147 Frage,
3182 15185 145 147 ob
3403 15185 199 147 sich

1117 15368 483 147 dadurch
1638 15368 354 147 etwas
2108 15368 137 147 zu
2345 15368 440 147 meinen
2823 15368 514 147 Gunsten
3403 15368 190 147 be-

1117 15568 398 147 weisen
1552 15568 323 147 ließe,
1987 15568 388 147 seuszie
2407 15568 323 147 unser
2795 15568 348 147 Held.
3293 15568 299 147 Ueb-

1105 15752 402 146 rigens
1548 15752 484 146 sprechen
2102 15752 205 146 wir
2408 15752 289 146 nicht
2758 15752 359 146 weiter
3153 15752 430 146 davon,

1107 15935 486 147 sondern
1697 15935 618 147 überlassen
2422 15935 201 147 wir
2712 15935 121 147 es
2935 15935 185 147 der
3155 15935 423 147 Börse-

1102 16135 376 147 hung,
1575 16135 213 147 den
1897 16135 715 147 Schuldigen
2740 16135 137 147 zu
2997 16135 598 147 bestrafen.

1108 16318 352 147 Einer
1502 16318 183 147 der
1745 16318 428 147 Feinde
2212 16318 413 147 meiner
2708 16318 392 147 armen
3140 16318 445 147 Mutter

1108 16518 212 147 hat
1363 16518 407 147 bereits
1830 16518 285 147 ohne
2207 16518 330 147 unser
2573 16518 654 147 Dazuthnn
3315 16518 283 147 seine

1132 16718 451 147 Schuld
1647 16718 211 147 mit
1903 16718 242 147 dem
2203 16718 369 147 Leben
2653 16718 485 147 bezahlt,
3222 16718 380 147 ebenso

1117 16902 296 146 wird
1540 16902 272 146 auh
1928 16902 277 146 noch
2335 16902 252 146 dem
2715 16902 493 146 anderen
3322 16902 280 146 seine

1132 17085 426 147 Stund
1660 17085 542 147 schlagen.

1288 17285 335 147 Weeb
1660 17285 248 147 und
1952 17285 285 147 seine
2272 17285 386 147 Frau,
2705 17285 367 147 welche
3128 17285 190 147 bei
3360 17285 227 147 die-

1115 17468 168 147 ser
1317 17468 786 147 Unterredung
2167 17468 488 147 zugegen
2712 17468 433 147 waren,
3217 17468 396 147 hatten

1123 17652 205 146 «in
1372 17652 395 146 Abend
1807 17652 231 146 eine
2073 17652 339 146 ernste
2447 17652 825 146 Besprechung.
3350 17652 248 146 Wie

1128 17852 200 146 sich
1380 17852 320 146 unser
1737 17852 305 146 Leser
2113 17852 407 146 denken
2592 17852 483 146 können,
3113 17852 237 146 war
3412 17852 183 146 bei

1125 18035 715 147 Gegenstaüd
1893 18035 545 147 derselben
2532 18035 181 147 ein
2783 18035 354 147 höchst
3195 18035 390 147 wichti-

1122 18235 240 147 ger,
1492 18235 143 147 da
1672 18235 481 147 Mistreß
2268 18235 337 147 Weeb
2692 18235 121 147 es
2910 18235 188 147 der
3227 18235 370 147 Miihc

1128 18418 345 147 Werth
1578 18418 319 147 fand,
1938 18418 284 147 nicht
2285 18418 342 147 allein
2668 18418 135 147 zu
2910 18418 685 147 entscheiden,

1122 18618 476 147 sondern
1653 18618 174 147 die
1958 18618 769 147 Ausführung
2768 18618 304 147 ihres
3112 18618 465 147 Borha*

1112 18802 291 146 b.'Ns
1460 18802 223 146 von
1723 18802 180 146 der
1973 18802 792 146 Zustimmung
2807 18802 310 146 ihres
3157 18802 403 146 Gatte:

1127 19002 576 146 abhängig
1743 19002 130 146 zn
1928 19002 490 146 machen.

1280 19185 803 147 Geschmeichelt
2118 19185 327 147 durch
2482 19185 365 147 diesen
2882 19185 458 147 Beweis
3380 19185 205 147 un-

1123 19368 800 147 gewöhnlichen
1960 19368 753 147 Vertrauens,
2753 19368 310 147 hätte
3082 19368 518 147 Eugenio

1125 19568 173 147 die
1440 19568 1018 147 extravagantesten
2590 19568 542 147 Wünsche
3262 19568 331 147 seiner

1125 19752 613 146 Gemahlin
1810 19752 573 146 bewilligt
2510 19752 197 146 als
2750 19752 112 146 er
2930 19752 263 146 aber
3230 19752 353 146 hörte,

1113 19952 210 146 um
1367 19952 243 146 was
1672 19952 121 146 es
1852 19952 196 146 s'ch
2080 19952 562 146 handelte,
2707 19952 221 146 gab
2967 19952 111 146 er
3145 19952 230 146 sein
3412 19952 165 146 Ja

1117 20152 218 146 mit
1382 20152 550 146 wahrhaft
1990 20152 907 146 enthusiastisch:r
2933 20152 507 146 Freude.

1278 20335 245 147 Die
1570 20335 295 147 Idee
1908 20335 167 147 na
2093 20335 325 147 nlich,
2457 20335 318 147 einen
2812 20335 458 147 wahren
3310 20335 260 147 Ba-

1102 20518 361 147 tfonet
1503 20518 184 147 als
1727 20518 641 147 Schübling
2428 20518 140 147 zu
2642 20518 416 147 haben,
3157 20518 416 147 schmei-

1120 20718 320 147 (Helte
1542 20718 181 147 der
1827 20718 796 147 romantischen
2707 20718 483 147 Mistreß
3250 20718 335 147 Weeb

1108 20902 169 146 im
1322 20902 481 146 höchsten
1868 20902 425 146 Grade.
2425 20902 240 146 Sie
2713 20902 650 146 betrachtete
3400 20902 192 146 sich

1117 21085 195 147 als
1355 21085 887 147 Adoptivmutter
2332 21085 433 147 Dick's,
2850 21085 675 147 gewisserma

1108 21285 222 147 ßen
1382 21285 190 147 als
1613 21285 240 147 eine
1908 21285 324 147 Lady
2328 21285 464 147 Herbert
2830 21285 257 147 und
3130 21285 273 147 hielt
3470 21285 107 147 es

1117 21468 188 147 für
1350 21468 855 147 unabweisbare
2245 21468 455 147 Pflicht,
2792 21468 220 147 alle
3100 21468 247 147 ihre
3387 21468 190 147 um

1120 21668 217 147 den
1373 21668 349 147 Preis
1787 21668 120 147 so
1998 21668 395 147 großer
2432 21668 923 147 Mühseligkeiten
3415 21668 158 147 er-

1120 21852 590 146 worbenen
1812 21852 701 146 Ersparnisse
2615 21852 177 146 für
2895 21852 275 146 Dick
3275 21852 302 146 auf-'*

1117 22052 370 146 Spiel
1533 22052 135 146 zu
1723 22052 360 146 setzen.

1270 22235 322 147 Dick,
1695 22235 303 147 sagte
2087 22235 341 147 daher
2540 22235 183 147 der
2758 22235 529 147 Director
3400 22235 180 147 an-,

1115 22435 490 147 anderen
1660 22435 323 147 Tage
2023 22435 140 147 zu
2200 22435 507 147 unserem
2743 22435 472 147 Helden,
3327 22435 250 147 oder

1087 22618 550 147 -vielmehr
1795 22618 237 147 Sir
2187 22618 491 147 Richard
2798 22618 519 147 Herbert,
3435 22618 153 147 ich

1097 22802 263 146 aoill
1402 22802 280 146 ...

1795 22952 708 146 „ß-artfcteig
2545 22952 328 146 folgt.)

3658 1352 749 421 Vom
4543 1352 1625 421 Auslande.

3802 2468 291 147 Eine
4133 2468 850 147 Flugmaschine
5078 2468 375 147 wurde
5550 2468 135 147 in
5783 2468 360 147 diesen

3650 2652 410 146 Tagen
4102 2652 386 146 wieder
4592 2652 420 146 einmal
5113 2652 247 146 dem
5458 2652 680 146 preußischen

3643 2852 1130 146 Kriegsministerium
4813 2852 977 146 angeboten/doch
5907 2852 230 146 war

3647 3035 220 147 das
3987 3035 660 147 Verlangen
4775 3035 198 147 des
5100 3035 668 147 Offerenten
5897 3035 241 147 dies

3638 3218 295 147 Mal
3985 3218 473 147 weniger
4497 3218 203 147 auf
4773 3218 430 147 „Geld"
5247 3218 193 147 als
5527 3218 201 147 auf
5770 3218 360 147 Rang

3642 3418 241 147 und
3925 3418 508 147 Würden
4498 3418 542 147 gerichtet.
5185 3418 258 147 Der
5488 3418 647 147 „Erfinder"

3648 3618 567 147 verlangte
4255 3618 188 147 als
4518 3618 870 147 Gegenleistung
5493 3618 214 147 den
5813 3618 310 147 Cha-

3643 3802 342 146 rakter
4047 3802 186 146 als
4275 3802 417 146 Oberst
4757 3802 246 146 und
5103 3802 219 146 das
5448 3802 387 146 Recht,
5873 3802 189 146 fci:

3632 4002 1126 146 Husaren-Uniform
4802 4002 131 146 zu
4997 4002 440 146 tragen.

3997 4235 250 147 Die
4293 4235 725 147 Verhaftung
5082 4235 195 147 des
5343 4235 779 147 Schwindlers

3632 4435 608 147 Lugowski
4282 4435 133 147 in
4462 4435 466 147 Berlin,
4973 4435 427 147 welcher
5483 4435 197 147 sich
5810 4435 325 147 durch

3647 4635 556 147 anonyme
4242 4635 385 147 Briefe
4693 4635 157 147 an
4890 4635 173 147 die
5125 4635 448 147 Polizei
5617 4635 306 147 selbst
5955 4635 187 147 als

3647 4818 313 147 einen
4017 4818 635 147 Attentäter
4693 4818 570 147 angezeigt
5382 4818 348 147 hatte,
5830 4818 303 147 hatte

3640 5018 320 147 einen
4068 5018 887 147 tragikomischen
5083 5018 770 147 Zwischenfall
5977 5018 153 147 im

3647 5202 520 146 Gefolge.
4325 5202 313 146 Nach
4735 5202 825 146 Andeutungen
5658 5202 135 146 in
5922 5202 208 146 den

3635 5402 468 146 Briefen
4145 5402 200 146 des
4448 5402 834 146 Schwindlers,
5357 5402 515 146 fahndete
5960 5402 157 146 dir

3637 5602 441 146 Polizei
4122 5602 265 146 auch
4447 5602 196 146 auf
4702 5602 233 146 drei
5032 5602 541 146 polnische
5682 5602 440 146 Juden-

3640 5785 277 147 resp.
3973 5785 197 147 auf
4210 5785 240 147 drei
4513 5785 185 147 als
4740 5785 333 147 solche
5127 5785 621 147 verkleidete
5805 5785 290 147 Ver-

3640 5968 553 147 schwörer.
4333 5968 242 147 Im
4610 5968 238 147 Hof
4967 5968 231 147 von
5317 5968 563 147 Holland,
5998 5968 132 147 in

3642 6152 480 146 welchem
4307 6152 1125 146 Criminalpolizisten
5605 6152 198 146 auf
5938 6152 187 146 der

3627 6352 365 146 Lauer
4032 6352 388 146 lagen,
4460 6352 420 146 tauchte
4917 6352 191 146 am
5148 6352 580 146 Sonntag
5750 6352 365 146 Nach-

3638 6552 404 146 mittag
4085 6552 265 146 auch
4415 6552 460 146 wirklich
4915 6552 183 146 ein
5213 6552 405 146 jüdisch
5727 6552 381 146 ausse-

3630 6735 450 147 hender,
4180 6735 475 147 altlicher
4733 6735 415 147 Mann
5223 6735 260 147 auf,
5605 6735 188 147 der
5933 6735 192 147 sich

3637 6935 250 147 dort
3927 6935 231 147 sehr
4232 6935 848 147 angelegentlich
5188 6935 275 147 nach
5567 6935 253 147 dem
5913 6935 195 147 be-

3643 7118 382 147 sagten
4060 7118 557 147 Fremden
4700 7118 685 147 erkundigte.
5532 7118 170 147 Er
5748 7118 365 147 wurde

3645 7318 340 147 sofort
4083 7318 705 147 festgehalten
4893 7318 267 147 und
5268 7318 167 147 im
5565 7318 540 147 Triumpl

3643 7502 222 146 von
3905 7502 262 146 zwei
4203 7502 562 146 Beamten
4852 7502 310 146 sicher
5273 7502 484 146 geleitet,
5858 7502 270 146 nach

3640 7685 245 147 dem
3922 7685 820 147 Molfenmarft
4805 7685 462 147 spedirt,
5307 7685 176 147 wo
5550 7685 110 147 er
5917 7685 200 147 tni:

3645 7885 692 147 schallendem
4390 7885 575 147 Gelächter
5045 7885 680 147 empfangen
5827 7885 296 147 wur-

3643 8068 127 147 de
3927 8068 295 147 denn
4275 8068 125 147 es
4457 8068 235 147 war
4733 8068 184 147 ein
4973 8068 140 147 in
5165 8068 315 147 jenen
5592 8068 530 147 Räumen

3647 8268 873 147 wohlbekannter
4558 8268 605 147 Reporter,
5203 8268 187 147 der
5502 8268 133 147 in
5737 8268 396 147 seinem

3638 8468 362 147 Eifer,
4043 8468 160 147 an
4243 8468 254 147 Ort
4603 8468 250 147 und
4957 8468 381 147 Stelle
5430 8468 633 147 Nachrichte

3657 8652 111 146 jit
3828 8652 585 146 sammeln,
4452 8652 133 146 in
4632 8652 180 146 die
4850 8652 335 146 Falle
5268 8652 532 146 gcrathen
5838 8652 282 146 war.

3993 8918 65 147 E
5517 8918 60 147 S
5903 8918 54 147 a
6010 8918 113 147 f-

3652 9118 396 147 stätte.
4298 9118 800 147 Nordhausen,
5172 9118 230 147 18.
5450 9118 323 147 Nov.
5883 9118 245 147 Der

3645 9302 525 146 Geheime
4355 9302 1028 146 Commerzienrath
5542 9302 591 146 Schreiber

3647 9485 228 147 hier
3913 9485 344 147 besitzt
4317 9485 136 147 in
4503 9485 184 147 der
4722 9485 333 147 Nähe
5160 9485 203 147 des
5458 9485 674 147 benachbar-

3657 9685 178 147 ten
3967 9685 703 147 Städtchens
4780 9685 595 147 Heringen
5527 9685 236 147 eine
5893 9685 250 147 zum

3658 9868 545 147 Trocknen
4260 9868 233 147 von
4533 9868 745 147 Zuckerrüben
5388 9868 247 147 und
5743 9868 372 147 Cicho-

3652 10068 730 147 rienblättern
4422 10068 526 147 dienende
5042 10068 448 147 Darre.
5683 10068 459 147 Gester!.

3658 10252 390 146 Abend
4087 10252 206 146 um
4335 10252 167 146 12
4543 10252 252 146 Uhr
4892 10252 376 146 wurde
5308 10252 250 146 nun
5617 10252 173 146 die
5827 10252 290 146 dies-

3670 10452 422 146 jährige
4132 10452 668 146 Eampagne
4857 10452 498 146 beendet.
5500 10452 345 146 Etwa
5888 10452 244 146 eine

3658 10635 329 147 halbe
4025 10635 477 147 Stunde
4563 10635 414 147 darauf
5052 10635 328 147 stand
5482 10635 176 147 die
5757 10635 378 147 Darr«

3653 10835 130 147 in
3830 10835 650 147 Flammen.
4610 10835 218 147 In
4903 10835 367 147 Folge
5392 10835 193 147 bc,r
5712 10835 435 147 raschen

3647 11035 360 147 Hülfe
4050 11035 482 147 brannte
4572 11035 281 147 zwar
4932 11035 226 147 nur
5202 11035 186 147 der
5457 11035 316 147 obere
5808 11035 295 147 Thei

3657 11218 548 147 derselben
4260 11218 197 147 ab.
4600 11218 258 147 Der
4903 11218 540 147 Schaden
5557 11218 285 147 incl.
5943 11218 185 147 der

3663 11402 497 146 wenigen
4293 11402 577 146 Vorräthe
4993 11402 279 146 mag
5403 11402 284 146 etwa
5777 11402 80 146 3
5957 11402 191 146 bis

3660 11602 320 146 4000
4083 11602 427 146 Thaler
4633 11602 587 146 betragen.
5368 11602 382 146 Leider
5888 11602 250 146 abei

3663 11785 282 147 fand
3985 11785 278 147 man
4305 11785 247 147 fünf
4620 11785 585 147 Personen
5262 11785 380 147 (einen
5747 11785 400 147 Manu

3655 11985 207 147 mit
3905 11985 342 147 Frau
4293 11985 244 147 und
4578 11985 262 147 zwei
4877 11985 553 147 Kindern,
5472 11985 330 147 sowie
5917 11985 233 147 eine

3657 12168 418 147 einzeln
4112 12168 483 147 stehende
4677 12168 445 147 Frau),
5168 12168 369 147 welche
5642 12168 136 147 in
5907 12168 245 147 dem

3663 12368 399 147 oberen
4168 12368 399 147 Theile
4668 12368 185 147 der
4978 12368 405 147 Darre
5515 12368 642 147 geschlafen,

3665 12568 662 147 vollständig
4365 12568 485 147 verkohlt
4917 12568 256 147 vor.

4048 12818 74 147 E
4575 12818 62 147 a

3663 13002 349 146 stahl.
4263 13002 259 146 Aus
4565 13002 697 146 Wiesbaden
5318 13002 282 146 wird
5645 13002 502 146 geschrie-

3663 13202 207 146 ben
4043 13202 292 146 Eine
4377 13202 436 146 Dame,
4908 13202 369 146 welche
5383 13202 334 146 dieser
5828 13202 322 146 Tage

3667 13402 231 146 von
3938 13402 240 146 hier
4218 13402 277 146 nach
4587 13402 618 146 Frankfurt
5313 13402 79 146 a
5532 13402 218 146 M.
5855 13402 303 146 fuhr,

3675 13585 210 147 rtof
3927 13585 140 147 in
4117 13585 250 147 dem
4427 13585 393 147 Coupe
4858 13585 130 147 2.
5090 13585 367 147 Clasfe
5560 13585 207 147 mit
5898 13585 245 147 zwe-

3672 13768 36 147 a
4308 13768 44 147 a
4958 13768 37 147 a
5600 13768 52 147 N
5702 13768 41 147 a

3668 13952 182 146 ein
3888 13952 547 146 Gespräch
4505 13952 673 146 angeknüpft
5242 13952 291 146 war,
5578 13952 374 146 wurde
6007 13952 138 146 sie

3672 14152 233 146 von
3990 14152 297 146 einer
4390 14152 188 146 der
4677 14152 525 146 Damen,
5327 14152 373 146 welche
5830 14152 317 146 einen

3673 14335 479 147 Strauß
4197 14335 135 147 in
4382 14335 183 147 der
4602 14335 356 147 Hand
5002 14335 318 147 trug,
5363 14335 497 147 gebeten,
5897 14335 176 147 ein

3673 14535 247 147 mal
3963 14535 377 147 daran
4382 14535 136 147 zu
4553 14535 460 147 riechen,
5070 14535 250 147 was
5360 14535 147 147 sie
5540 14535 272 147 auch
5865 14535 288 147 that.

3662 14718 248 147 Die
4030 14718 393 147 Dame
4550 14718 375 147 wurde
5047 14718 138 147 in
5302 14718 370 147 Folge
5798 14718 350 147 dessen

3673 14918 509 147 schläfrig
4220 14918 250 147 und
4513 14918 379 147 verfiel
4932 14918 410 147 endlich
5400 14918 135 147 in
5585 14918 317 147 einen
5938 14918 187 147 tie-

3677 15118 181 147 fen
3915 15118 462 147 Schlaf,
4420 15118 118 147 fo
4578 15118 227 147 daß
4868 15118 140 147 sie
5077 15118 186 147 bei
5360 15118 188 147 der
5655 15118 490 147 Ankunft

3677 15302 416 146 geweckt
4152 15302 430 146 werden
4657 15302 416 146 mußte.
5283 15302 224 146 Als
5610 15302 147 146 sie
5882 15302 271 146 nach

3665 15485 380 147 Hanse
4082 15485 295 147 kam,
4438 15485 550 147 gewahrte
5027 15485 190 147 sie,
5273 15485 232 147 daß
5543 15485 245 147 ihre
5893 15485 252 147 gol-

3668 15685 270 147 dene
3973 15685 239 147 Uhr
4282 15685 300 147 nebst
4617 15685 313 147 Kette
4987 15685 825 147 verschwunden
5868 15685 287 147 war.

3818 15968 282 147 Ein
4193 15968 889 147 höllisches
5198 15968 870 147 Mordcom

3750 16152 118 146 I
3975 16152 188 146 11.
4405 16152 218 146 In
4647 16152 610 146 Hamburg
5300 16152 203 146 hat
5545 16152 387 146 wieder
5970 16152 180 146 ein

3678 16352 545 146 würdiger
4263 16352 484 146 Schüler
4787 16352 196 146 des
5067 16352 588 146 Dynamit
5812 16352 311 146 Tho-

3675 16552 258 146 mas
4012 16552 320 146 eilten
4458 16552 579 146 höllischen
5148 16552 449 146 Streich
5727 16552 405 146 ausge-

3682 16735 353 147 führt,
4078 16735 184 147 der
4322 16735 258 147 aber
4640 16735 290 147 keine
4992 16735 286 147 ganz
5333 16735 119 147 so
5543 16735 609 147 schreckliche

3682 16918 553 147 Wirkung
4277 16918 531 147 ausübte,
4848 16918 192 147 als
5118 16918 697 147 beabsichtigt
5870 16918 287 147 war.

3675 17118 238 147 Ein
3960 17118 705 147 Steinhauer
4730 17118 432 147 ärgerte
5200 17118 293 147 sich,
5758 17118 142 147 ob
5937 17118 208 147 mit

3688 17302 252 146 oder
4075 17302 287 146 ohne
4485 17302 717 146 berechtigten
5317 17302 471 146 Grund,
5913 17302 245 146 thut

3675 17502 353 146 nichts
4067 17502 191 146 zur
4383 17502 385 146 Sache
5017 17502 266 146 über
5395 17502 178 146 die
5690 17502 472 146 besseren

3678 17685 462 147 Erfolge
4182 17685 351 147 seines
4593 17685 802 147 benachbarten
5432 17685 695 147 Concurrcn-

3685 17885 225 147 ten,
3925 17885 137 147 u.
4108 17885 529 147 beschloß,
4652 17885 360 147 diesen
5047 17885 196 147 auf
5283 17885 864 147 summarischem

3702 18068 321 147 Scge
4063 18068 670 147 unschädlich
4792 18068 138 147 zu
4993 18068 489 147 machen.
5685 18068 197 147 Zu
5930 18068 227 147 die-

3693 18268 200 147 jem
3948 18268 410 147 Zwecke
4412 18268 643 147 eonstruirte
5095 18268 108 147 er
5273 18268 194 147 sich
5522 18268 241 147 eine
5855 18268 293 147 Höl-

3682 18452 751 146 lenmaschine,
4470 18452 180 146 die
4708 18452 109 146 er
4870 18452 132 146 in
5048 18452 290 146 einer
5375 18452 345 146 Kiste,
5758 18452 390 146 sammt

3717 18652 310 146 tnem
4065 18652 520 146 fingirten
4690 18652 740 146 freundlichen
5538 18652 610 146 Schreiben

3683 18835 230 147 em
3973 18835 640 147 „Freunde"
4653 18835 204 147 auf
4927 18835 320 147 einen
5283 18835 324 147 Tisch
5718 18835 139 147 in
5945 18835 198 147 sei-

3705 19035 162 147 ler
3925 19035 633 147 Wohnung
4623 19035 670 147 praktizirte.
5437 19035 256 147 Der
5738 19035 120 147 so
5925 19035 213 147 un-

3685 19218 457 147 verhofft
4215 19218 638 147 Beschenkte
5013 19218 654 147 argwöhnte
5800 19218 357 147 nichts

3665 19418 418 147 Böses,
4122 19418 253 147 und
4418 19418 417 147 machte
4872 19418 201 147 sich
5130 19418 163 147 an
5335 19418 177 147 die
5548 19418 604 147 Oeffnnng

3668 19602 189 146 der
3895 19602 343 146 Kiste,
4318 19602 175 146 die
4605 19602 360 146 jedoch
5065 19602 210 146 mit
5380 19602 355 146 einem
5863 19602 284 146 don-

3670 19785 488 147 nernden
4197 19785 363 147 Knall
4653 19785 597 147 explodirte
5367 19785 248 147 und
5743 19785 404 147 großes

3670 19985 418 147 Unheil
4130 19985 627 147 anrichtete.
4943 19985 294 147 Das
5347 19985 511 147 Attentat
5967 19985 178 147 ge-

3662 20168 290 147 lang
3997 20168 355 147 jedoch
4417 20168 280 147 nicht
4735 20168 187 147 der
4958 20168 244 147 dem
5238 20168 325 147 Tode
5605 20168 565 147 Geweihte

3675 20368 370 147 wurde
4083 20368 229 147 nur
4357 20368 370 147 schwer
4802 20368 451 147 verletzt,
5290 20368 280 147 ohne
5638 20368 229 147 daß
5975 20368 177 147 für

3677 20552 220 146 sein
3980 20552 367 146 Leben
4447 20552 603 146 irgendwie
5143 20552 585 146 gefürchtet
5835 20552 320 146 wird.

3688 20752 225 146 Der
3953 20752 427 146 Thäter
4450 20752 127 146 ist
4613 20752 417 146 bereits
5102 20752 491 146 entdeckt.

4488 21018 59 147 S

3817 21235 253 147 Der
4115 21235 537 147 bekannte
4712 21235 1138 147 „staatsfrennbliche"
5908 21235 242 147 Ca-

3697 21418 740 147 ionicnsDr.
4520 21418 435 147 Künzer
5047 21418 131 147 in
5298 21418 527 147 Breslau
5952 21418 196 147 hat

3675 21618 432 147 kürzlich
4165 21618 228 147 van
4433 21618 250 147 dem
4762 21618 660 147 päpstlichen
5528 21618 615 147 Staatsse-

3678 21802 329 146 tretär
4067 21802 563 146 Simeon!
4673 21802 185 146 ein
4897 21802 613 146 Schreiben
5613 21802 549 146 erhalten,

3668 22002 120 146 in
3832 22002 486 146 welchem
4403 22002 239 146 ihm
4748 22002 370 146 wegen
5218 22002 672 146 Befolgung
5967 22002 183 146 der

3663 22202 642 146 Maigesetze
4340 22202 177 146 die
4640 22202 418 146 fernere
5095 22202 653 146 Ausübung
5822 22202 330 146 feiner

3660 22385 773 147 priesterlichen
4470 22385 720 147 Funktionen
5230 22385 577 147 untersagt
5845 22385 322 147 wird.

3660 22585 617 147 „Li'icraY'
4323 22585 457 147 Blätter
4910 22585 400 147 wollen
5423 22585 414 147 wissen,
5935 22585 228 147 daß

3675 22768 192 147 sich
3917 22768 183 147 der
4135 22768 297 147 Herr
4532 22768 670 147 Canonicus
5293 22768 607 147 dieserhalb
6003 22768 157 147 an

3670 22968 175 147 die
3883 22968 204 147 kö.i
4273 22968 215 147 iche
4520 22968 662 147 Regierung
5270 22968 513 147 gewcn)t
5825 22968 337 147 habe.

6223 1418 175 147 die
6437 1418 211 147 ihn
6692 1418 188 147 bei
6920 1418 342 147 seiner
7362 1418 705 147 Opposition
8168 1418 290 147 nicht
8563 1418 165 147 im

6225 1602 397 146 Stiche
6742 1602 351 146 lassen
7248 1602 399 146 wette.
7807 1602 263 146 Uns
8200 1602 510 146 erscheint

6218 1785 282 147 diese
6533 1785 772 147 Mittheilung
7350 1785 362 147 wenig
7840 1785 603 147 glaublich,
8563 1785 149 147 da

6210 1985 297 147 Herr
6548 1985 265 147 Dr.
6848 1985 442 147 Kunzer
7390 1985 275 147 nach
7792 1985 581 147 Empfanz
8510 1985 202 147 des

6222 2168 681 147 Schreibens
6942 2168 226 147 aus
7282 2168 310 147 Rom
7687 2168 396 147 erklärt
8210 2168 268 147 hat,
8597 2168 108 147 er

6225 2368 338 147 werde
6600 2368 197 147 sich
6895 2368 277 147 aller
7280 2368 1428 147 geistlichen-Funktionen

6217 2552 611 146 enthalten,
6868 2552 250 146 und
7160 2552 383 146 bisher
7643 2552 272 146 auch
8023 2552 684 146 thatsächlich

6218 2752 169 146 die
6423 2752 995 146 Domkirche.nicht
7457 2752 483 146 betreten
8000 2752 258 146 hat.
8325 2752 375 146 Dem-

6212 2935 266 147 nach
6512 2935 128 147 ist
6710 2935 155 147 int
6927 2935 661 147 Gegentheil
7628 2935 670 147 gegründete
8355 2935 343 147 Hoff-

6207 3118 326 147 nung
6575 3118 705 147 vorhanden,
7320 3118 110 147 er
7463 3118 350 147 werde
7850 3118 195 147 sich
8075 3118 252 147 dem
8392 3118 303 147 Aus-

6212 3318 426 147 spruche
6692 3318 183 147 der
6930 3318 605 147 kirchlichen
7572 3318 418 147 Obern
8093 3318 600 147 unterwer-

6215 3518 223 147 fen.

7253 3768 64 147 a

6367 3952 223 146 Am
6632 3952 225 146 12.
6902 3952 325 146 Nov.
7270 3952 283 146 fand
7633 3952 132 146 in
7892 3952 578 146 München
8568 3952 135 146 in

6217 4135 563 147 feierlicher
6865 4135 493 147 Audienz
7437 4135 173 147 die
7743 4135 642 147 Uebergabe
8512 4135 188 147 der

6210 4335 567 147 Creditive
6818 4335 235 147 von
7095 4335 505 147 ^Seiten
7713 4335 204 147 des
8043 4335 650 147 päpstlichen

6205 4518 518 147 Nuntius
6768 4518 132 147 in
6947 4518 180 147 die
7165 4518 412 147 Hände
7640 4518 202 147 des
7877 4518 456 147 Königs
8375 4518 317 147 statt.

6217 4718 231 147 Die
6532 4718 730 147 Feierlichkeit
7360 4718 172 147 im
7655 4718 715 147 Thronsaale
8495 4718 202 147 des

6203 4918 812 147 Königsbaues
7055 4918 453 147 begann
7568 4918 452 147 Schlag
8063 4918 84 147 7
8170 4918 245 147 Uhr
8458 4918 247 147 und

6218 5102 222 146 war
6478 5102 412 146 bereits
6958 5102 202 146 vor
7202 5102 168 146 -|8
7453 5102 239 146 Uhr
7733 5102 500 146 beendet.
8387 5102 306 146 Noch

6205 5302 192 146 am
6435 5302 467 146 gleichen
6957 5302 396 146 Abend
7393 5302 225 146 trat
7685 5302 188 146 der
7967 5302 391 146 König
8440 5302 258 146 10£

6208 5485 235 147 Uhr
6485 5485 202 147 mit
6752 5485 253 147 dem
7042 5485 783 147 Kronprinzen
7867 5485 551 147 Rudolph
8460 5485 228 147 von

6203 5685 657 147 Oesterreich
6897 5685 140 147 in
7128 5685 554 147 Simbach
7787 5685 183 147 ein
8067 5685 245 147 und
8443 5685 245 147 ver-

6210 5868 343 147 weilte
6590 5868 173 147 im
6892 5868 455 147 Königs
7577 5868 415 147 Salon
8113 5868 214 147 mit
8447 5868 243 147 dem

6197 6052 786 146 Kronprinzen
7023 6052 202 146 bis
7268 6052 189 146 zur
7525 6052 488 146 Abfahrt
8055 6052 203 146 des
8375 6052 298 146 Wie-

6205 6252 187 146 ner
6452 6252 871 146 Courierzuges,
7363 6252 357 146 wobei
7758 6252 112 146 er
7907 6252 196 146 sich
8167 6252 231 146 von
8438 6252 245 146 dem

6200 6435 780 147 Kronprinzen
7115 6435 880 147 verabschiedete.
8167 6435 216 147 In
8507 6435 183 147 der

6215 6635 330 147 Höcht
6602 6635 258 147 fuhr
6902 6635 190 147 der
7153 6635 389 147 König
7583 6635 412 147 zurück,
8032 6635 246 147 und
8320 6635 363 147 begab

6210 6818 185 147 «ich
6448 6818 324 147 heute
6870 6818 520 147 Morgen
7518 6818 132 147 in
7760 6818 185 147 die
8075 6818 622 147 Vorderriß

6198 7018 694 147 (Jsarthal).

8048 7285 102 147 z.

6353 7468 245 147 Die
6645 7468 420 147 „Köln,
7110 7468 347 147 Ztg."
7560 7468 430 147 enthält
8102 7468 590 147 folgenden

6212 7668 658 147 „Steckbrief

6367 7852 310 146 „Der
6722 7852 326 146 durch
7085 7852 692 146 Erkenntniß
7818 7852 190 146 der
8110 7852 572 146 correctio-

6210 8035 358 147 ncllcn
6608 8035 525 147 Kammer
7197 8035 198 147 des
7430 8035 487 147 hiesigen
8032 8035 670 147 königlichen

6210 8235 833 147 Landgerichtes
7102 8235 260 147 vom
7420 8235 213 147 28.
7677 8235 290 147 Juli
8043 8235 127 147 d.
8190 8235 202 147 I.
8492 8235 211 147 we-

6233 8435 199 147 jtn
6543 8435 667 147 unbefugter
7325 8435 670 147 Vornahme
8128 8435 564 147 geistlicher

6237 8618 1045 147 Amtshandlungen
7377 8618 138 147 zu
7615 8618 298 147 einer
8023 8618 677 147 subsidiären

6235 8818 968 147 Aefängnißstrafe
7262 8818 228 147 von
7530 8818 175 147 30
7800 8818 417 147 Tagen
8315 8818 387 147 verur-

6225 9002 358 146 teilte
6632 9002 486 146 Doctor
7165 9002 733 146 theologiae
7943 9002 250 146 und
8235 9002 447 146 vorma-

6220 9202 210 146 lige
6468 9202 610 146 Erzbischof
7150 9202 232 146 von
7453 9202 355 146 Köln,
7853 9202 482 146 Paulus
8380 9202 320 146 Mel-

6227 9402 330 146 pers,
6598 9402 472 146 geboren
7132 9402 135 146 zu
7303 9402 572 146 Münster,
7917 9402 351 146 zuletzt
8303 9402 385 146 wohn-

6217 9585 245 147 .last
6498 9585 137 147 zu
6697 9585 355 147 Köln,
7097 9585 163 147 64
7393 9585 374 147 Jahre
7897 9585 221 147 alt,
8232 9585 478 147 l,70ste!

6233 9785 350 147 •Dieter
6647 9785 280 147 groß
6965 9785 205 147 mit
7272 9785 496 147 blonden
7863 9785 482 147 Haaren
8467 9785 241 147 und

6237 9968 861 147 Augenbrauen,
7198 9968 319 147 freier
7652 9968 421 147 Stirn,
8190 9968 513 147 braunen

6250 10152 420 146 Augen,
6708 10152 350 146 etwas
7123 10152 604 146 gebogener
7762 10152 353 146 Nase,
8180 10152 512 146 gewöhn-

6260 10352 327 146 ichem
6622 10352 451 146 Mund,
7118 10352 409 146 spitzem
7608 10352 369 146 Kinn,
8050 10352 657 146 länglichem

6228 10552 420 146 Gesicht
6703 10552 229 146 von
6993 10552 400 146 blasser
7528 10552 815 146 Gesichtsfarbe
8472 10552 238 146 und

6240 10735 503 147 schlanker
6805 10735 443 147 Statur
7297 10735 126 147 ist
7533 10735 287 147 nicht
7927 10735 138 147 zu
8163 10735 550 147 ermitteln

6230 10935 525 147 gewesen.
6897 10935 233 147 Ich
7178 10935 417 147 ersuche
7627 10935 173 147 die
7862 10935 841 147 Polizeibehör-

6238 11118 237 147 den,
6510 11118 203 147 auf
6788 11118 209 147 den
7032 11118 160 147 :c.
7332 11118 553 147 Melchers
8017 11118 138 147 zu
8250 11118 468 147 wachen,

6270 11318 150 147 Hit
6518 11318 165 147 im
6773 11318 965 147 Betretungssalle
7870 11318 135 147 zu
8137 11318 575 147 verhaften

6225 11502 238 146 und
6505 11502 213 146 mir
6787 11502 613 146 vorführen
7440 11502 140 146 zu
7617 11502 395 146 lassen.
8098 11502 362 146 Köln,
8505 11502 210 146 den

6222 11685 210 147 14.
6475 11685 623 147 November
7137 11685 385 147 1877.
7668 11685 254 147 Der
7967 11685 735 147 Oberprocu-

6280 11885 310 147 a:o^,
6630 11885 517 147 Crome."

6372 12068 248 147 Die
6667 12068 1125 147 Soeialdemokraten
7870 12068 408 147 dürfen
8318 12068 385 147 wieder

6225 12268 333 147 große
6593 12268 439 147 Freude
7093 12268 479 147 darüber
7630 12268 417 147 haben.

6613 12535 295 147 Eine
7013 12535 650 147 gefährliche
7795 12535 870 147 Scheerenschlei

6230 12718 203 147 ferl
6455 12718 335 147 ande,
6928 12718 214 147 In
7183 12718 247 147 dem
7497 12718 385 147 Dorfe
7927 12718 306 147 Lind
8280 12718 437 147 (Ober-

6227 12952 351 110 Pfalz)

6615 12918 508 147 entstand
7227 12918 420 147 neulich
7757 12918 498 147 zwischen
8363 12918 350 147 einem

6227 13102 511 146 aortigen
6918 13102 389 146 WirtH
7428 13102 250 146 und
7805 13102 297 146 einer
8235 13102 478 146 siebzehn

6242 13302 333 146 .löpfc
6632 13302 601 146 zählenden
7292 13302 1015 146 Scheerenschlcifer
8468 13302 237 146 Ge-

6228 13485 515 147 ,'ellschaft
6798 13485 469 147 deshalb
7303 13485 240 147 eine
7598 13485 594 147 Rauferei,
8233 13485 252 147 weil
8527 13485 190 147 bzv

6238 13668 379 147 WirtH
6733 13668 187 147 der
7050 13668 792 147 unheimlichen
7973 13668 745 147 Gesellschaft,

6225 13868 368 147 welche
6627 13868 136 147 in
6812 13868 400 147 seinem
7288 13868 392 147 Hause
7785 13868 205 147 wie
8097 13868 141 147 in
8362 13868 351 147 ihrem

6230 14052 677 146 (Stgenthum
6943 14052 539 146 schaltete,
7585 14052 240 146 kein
7920 14052 283 146 Bier
8312 14052 388 146 verab-

6218 14252 409 146 reichen
6733 14252 417 146 wollte.
7293 14252 260 146 Der
7663 14252 430 146 WirtH,
8180 14252 540 146 unfähig,

6233 14435 174 147 oer
6462 14435 336 147 Leute
6893 14435 297 147 Herr
7327 14435 138 147 zu
7548 14435 480 147 werden,
8145 14435 207 147 rief
8490 14435 218 147 das

6222 14635 341 147 ganze
6598 14635 325 147 Dorf
6972 14635 666 147 zusammen,
7693 14635 250 147 und
7987 14635 123 147 es
8143 14635 557 147 entspann

6223 14835 194 147 sich
6470 14835 182 147 ein
6690 14835 472 147 Kampf,
7205 14835 138 147 in
7395 14835 488 147 welchem
7968 14835 190 147 der
8268 14835 439 147 frühere

6217 15018 865 147 Bürgermeister
7207 15018 430 147 Behrer
7808 15018 532 147 erstochen
8462 15018 246 147 und

6227 15202 468 146 mehrere
6732 15202 590 146 Personen
7430 15202 635 146 verwundet
8200 15202 510 146 wurden.

6230 15402 237 146 Der
6508 15402 422 146 Kampf
6997 15402 368 146 endete
7417 15402 568 146 schließlich
8020 15402 413 146 damit,
8475 15402 230 146 daß

6225 15585 170 147 die
6432 15585 478 147 Bauern
6975 15585 225 147 aus
7307 15585 360 147 ihrem
7763 15585 457 147 eigenen
8318 15585 385 147 Dorse

6222 15785 238 147 in's
6505 15785 325 147 Freie
6870 15785 510 147 flüchten
7420 15785 503 147 mußten.
8108 15785 269 147 Des
8480 15785 215 147 an-

6228 15968 324 147 deren
6588 15968 392 147 Tages
7052 15968 380 147 wurde
7533 15968 174 147 die
7827 15968 426 147 Bande
8377 15968 325 147 durch

6222 16152 870 146 Gensdarmerie
7132 16152 723 146 eingeliefert.

6675 16452 58 146 S
8543 16452 152 146 1-

6220 16635 462 147 mord.
6837 16635 711 147 Euskirchen,
7643 16635 219 147 23.
7952 16635 325 147 Nov.
8483 16635 222 147 Am

6225 16835 927 147 letztverflossenen
7362 16835 590 147 Sonntag
8157 16835 550 147 geriethen

6223 17018 479 147 mehrere
6795 17018 638 147 Bewohner
7473 17018 205 147 des
7715 17018 457 147 Dorfes
8215 17018 440 147 Reiffer

6232 17218 325 147 scheid
6588 17218 137 147 in
6773 17218 187 147 der
7033 17218 352 147 Eifel,
7430 17218 525 147 während
8058 17218 145 147 sie
8332 17218 198 147 sich
8562 17218 136 147 in

6228 17402 357 146 einem
6623 17402 755 146 Wirthshaus
7392 17402 136 146 in
7578 17402 247 146 dem
7862 17402 858 146 naheliegenden

6232 17585 301 147 Orte
6577 17585 758 147 Blumenthal
7377 17585 610 147 befanden.,
8040 17585 133 147 in
8277 17585 438 147 Streit.

6233 17785 172 147 Es
6447 17785 516 147 standen
7005 17785 293 147 ihrer
7407 17785 288 147 Bier
7830 17785 345 147 gegen
8300 17785 368 147 Einen

6230 17968 318 147 einen
6603 17968 664 147 Schneider,
7305 17968 187 147 der
7528 17968 260 147 aber
7853 17968 185 147 bei
8125 17968 213 147 den
8373 17968 307 147 Gar-

6233 18168 944 147 de-Cuirassieren
7213 18168 437 147 gedient
7717 18168 315 147 hatte
8070 18168 247 147 und
8422 18168 286 147 sonst

6230 18368 178 147 ein
6445 18368 517 147 kräftiger
7022 18368 413 147 Mann
7515 18368 477 147 gewesen
8095 18368 233 147 sein
8460 18368 253 147 soll.

6235 18552 545 146 Zwischen
6817 18552 186 146 10
7050 18552 243 146 und
7317 18552 201 146 11
7550 18552 247 146 Uhr
7840 18552 138 146 in
8065 18552 193 146 b«»r
8355 18552 343 146 Nacht

6228 18752 280 146 ging
6552 18752 461 146 derselbe
7075 18752 400 146 seinem
7512 18752 920 146 Heimathsdorse
8530 18752 182 146 zu,

6235 18935 362 147 wurde
6653 18935 310 147 aber,
7037 18935 256 147 weil
7385 18935 117 147 er
7610 18935 752 147 angetrunken
8467 18935 235 147 war

6227 19135 238 147 und
6505 19135 135 147 zu
6677 19135 621 147 befürchten
7337 19135 371 147 stand,
7747 19135 226 147 daß
8010 19135 243 147 ihm
8297 19135 373 147 aufge-

6227 19335 356 147 lauert
6643 19318 392 147 werde,
7072 19318 230 147 von
7365 19318 245 147 dem
7665 19318 423 147 Sohne
8130 19318 198 147 des
8385 19318 308 147 Wir-

6227 19518 246 147 thes
6527 19518 225 147 ans
6792 19518 241 147 dem
7085 19518 433 147 Hause,
7592 19518 366 147 worin
8002 19518 186 147 sie
8308 19518 390 147 gezecht

6230 19702 428 146 hatten,
6737 19702 246 146 und
7027 19702 271 146 noch
7353 19702 357 146 einem
7782 19702 493 146 anderen
8313 19702 377 146 Man-

6233 19885 129 147 ne
6413 19885 237 147 eine
6718 19885 434 147 Strecke
7257 19885 416 147 Weges
7780 19885 247 147 weit
8150 19885 550 147 begleitet.

6235 20085 222 147 Am
6498 20085 525 147 Montag
7048 20085 140 147 in
7240 20085 187 147 der
7463 20085 389 147 Frühe
7893 20085 420 147 fanden
8315 20085 333 147 Berg

6227 20268 283 147 leute
6547 20268 353 147 dessen
7005 20268 517 147 entstellte
7618 20268 417 147 Leiche,
8143 20268 140 147 in
8412 20268 283 147 einei

6222 20468 585 147 Blutlache
6847 20468 491 147 liegend,
7407 20468 140 147 in
7647 20468 356 147 einem
8108 20468 592 147 Wäldchen

6227 20668 195 147 auf
6480 20668 248 147 dem
6860 20668 342 147 Wege
7333 20668 502 147 zwischen
7957 20668 703 147 Blnmentha

6230 20852 238 146 und
6508 20852 804 146 Reifferscheid.
7453 20852 299 146 Das
7798 20852 240 146 eine
8073 20852 277 146 Ohr
8470 20852 228 146 wai

6227 21035 233 147 ihm
6502 21035 791 147 abgeschnitten
7352 21035 250 147 und
7645 21035 272 147 auch
8018 21035 185 147 ein
8362 21035 341 147 Stück

6230 21235 227 147 von
6497 21235 186 147 der
6720 21235 350 147 Nase,
7127 21235 250 147 und
7477 21235 176 147 die
7748 21235 675 147 Pulsadern
8553 21235 152 147 an

6225 21418 353 147 einem
6615 21418 338 147 Arme
7018 21418 379 147 waren
7482 21418 895 147 durchschnitten
8492 21418 206 147 diu

6228 21618 417 147 Gesicht
6722 21618 238 147 war
7062 21618 326 147 durch
7490 21618 600 147 unzählige
8192 21618 510 147 Schnitte

6227 21802 240 146 und
6508 21802 395 146 Stiche
6943 21802 447 146 zerfetzt.
7548 21802 312 146 Noch
7898 21802 392 146 lebend
8327 21802 351 146 Haber

6225 22002 210 146 ihn
6478 22002 317 146 dann
6835 22002 173 146 die
7043 22002 729 146 Kannibalen
7812 22002 215 146 mit
8115 22002 248 146 dem
8467 22002 183 146 Ge

6235 22202 248 146 ficht
6522 22202 276 146 nach
6833 22202 402 146 unten,
7323 22202 240 146 eine
7695 22202 450 146 größere
8282 22202 415 146 Streck,

6232 22385 243 147 weit
6513 22385 270 147 über
6855 22385 583 147 Wurzeln,
7480 22385 457 147 Gerölle
7977 22385 250 147 und
8268 22385 365 147 Stein

6227 22585 446 147 hinweg
6713 22585 870 147 fortgeschleppt.
7683 22585 254 147 Die
7985 22585 428 147 Thäter
8473 22585 174 147 wa

6227 22768 200 147 ren
6533 22768 199 147 auf
6825 22768 245 147 beut
7233 22768 349 147 Wege
7743 22768 354 147 einem
8228 22768 450 147 andere.

6223 22968 464 147 Mmne
6733 22968 585 147 b.zegnet,
7358 22968 215 147 den
7610 22968 187 147 sie
7868 22968 185 147 für
8157 22968 223 147 den
8493 22968 197 147 vo:

8790 1418 340 147 ihnen
9170 1418 187 147 Be
9433 1418 425 147 folgten
9898 1418 457 147 hivlten,
10467 1418 245 147 und
10818 1418 470 147 tu*tnnxh

8797 1602 240 146 sind
9075 1602 280 146 diese
9413 1602 212 146 vii,
9673 1602 310 146 .••tot
10260 1602 553 146 cvnii:teln
10927 1602 335 146 gewe-

8788 1802 229 146 sen.
9177 1802 203 146 Zw
9535 1802 232 146 von
9867 1802 335 146 wm-n
10347 1802 290 146 sind,
10767 1802 205 146 wie
11112 1802 171 146 die

8778 1985 420 147 „Ensk.
9323 1985 345 147 Ztg."
9795 1985 438 147 meldet,
10367 1985 191 147 am
10705 1985 577 147 Dienstag

8780 2185 312 147 schon
9145 2185 268 147 nach
9483 2185 435 147 Aachen
10020 2185 135 147 in
10285 2185 968 147 Untersuchungs-

8778 2368 245 147 haft
9065 2368 502 147 gebracht
9632 2368 506 147 Görden.

9003 2652 767 183 Nachrichten
9808 2652 242 183 aus
10127 2652 208 183 der
10400 2652 590 183 Schweiz.

8913 3052 217 146 In
9167 3052 391 146 Olton
9605 3052 352 146 starb,
9995 3052 168 146 57
10247 3052 376 146 Jahre
10725 3052 232 146 alt,
11082 3052 183 146 der

8783 3235 654 147 Cornpouist
9567 3235 248 147 und
9985 3235 847 147 Musikdirektor
10958 3235 315 147 Emil

8782 3418 753 147 Munzinger.

8913 3652 217 146 In
9172 3652 631 146 Zeiningen
9843 3652 310 146 denkt
10188 3652 317 146 Alles
10547 3652 266 146 an's
10855 3652 417 146 Stein-

8780 3835 803 147 kohlenbohren
9747 3835 215 147 mit
10068 3835 465 147 anderer
10570 3835 390 147 Arbeit
11028 3835 230 147 gibt

8777 4035 270 147 man
9103 4035 195 147 sich
9353 4035 209 147 gar
9603 4035 287 147 nicht
9955 4035 307 147 mehr
10320 4035 200 147 ab.

8918 4252 249 146 Die
9213 4252 669 146 industrielle
9972 4252 736 146 Halbkanton
10812 4252 435 146 Ausser-

8772 4452 416 146 rhoden
9227 4452 336 146 besitzt
9617 4452 170 146 79
9832 4452 633 146 Millionen
10493 4452 484 146 Privat-
11025 4452 242 146 und

8763 4635 79 147 7
8880 4635 628 147 Millionen
9573 4635 1245 147 Gemeindevermögen.

8915 4868 293 147 Das
9255 4868 590 147 Begehren
9883 4868 190 147 der
10112 4868 638 147 Israeliten
10845 4868 208 147 um
11097 4868 160 147 ei»

8767 5052 208 146 nett
9043 5052 894 146 Staatsbeitraz
9978 5052 159 146 an
10197 5052 245 146 ihre
10538 5052 719 146 Kultusaus-

8772 5252 355 146 gaben
9185 5252 375 146 wurde
9600 5252 140 146 in
9822 5252 403 146 Zürich
10327 5252 613 146 unbedingt
11050 5252 203 146 ab-

8768 5435 567 147 gewiesen.

8910 5668 260 147 Der
9363 5668 864 147 Getreidepreise
10373 5668 194 147 am
10687 5668 578 147 Bcdensee

8767 5852 240 146 sind
9045 5852 135 146 in
9280 5852 378 146 Folge
9757 5852 190 146 der
10080 5852 420 146 großen
10625 5852 638 146 Einfuhren

8765 6052 225 146 aus
9030 6052 563 146 Rußland
9637 6052 250 146 und
9958 6052 515 146 Amerika
10513 6052 275 146 stark
10857 6052 396 146 gefun-

8765 6218 237 147 ken.

8913 6452 257 146 Der
9215 6452 200 146 des
9472 6452 518 146 Betrugs
10032 6452 246 146 und
10322 6452 190 146 der
10548 6452 695 146 Unterfchla-

8770 6652 315 146 gung
9125 6652 643 146 angeklagte
9837 6652 620 146 Verwalter
10517 6652 186 146 der
10795 6652 455 146 Gewer-

8767 6852 416 146 behalle
9220 6852 135 146 in
9405 6852 563 146 Herisau,
9992 6852 156 146 L.
10202 6852 500 146 Sigrist,
10748 6852 389 146 erhielt
11177 6852 83 146 2

8772 7035 368 147 Jahre
9182 7035 703 147 Zuchthaus.

9202 7268 393 147 Weber
9683 7268 165 147 im
9948 7268 657 147 Zuchthaus
10708 7268 135 147 in
10938 7268 322 147 Bern

8772 7452 443 146 wollten
9255 7452 440 146 mittelst
9800 7452 393 146 Strikc
10323 7452 484 146 höheren
10930 7452 330 146 Lohn

8767 7635 656 147 erzwingen,
9462 7635 430 147 kehrten
9950 7635 265 147 aber
10272 7635 386 147 wieder
10725 7635 190 147 zur
11032 7635 223 147 Ar-

8773 7835 215 147 beit
9025 7835 405 147 zurück,
9495 7835 188 147 als
9725 7835 282 147 man
10048 7835 342 147 ihnen
10455 7835 440 147 magere
10998 7835 260 147 Kost

8777 8018 525 147 vorsetzte.

8922 8252 245 146 Die
9320 8252 802 146 schweizerische
10290 8252 972 146 Jndustriegesell-

8777 8435 323 147 schuft
9133 8435 134 147 in
9313 8435 682 147 Neuhausen
10060 8435 490 147 gewinnt
10645 8435 325 147 durch
11060 8435 208 147 den

8783 8635 484 147 Verkauf
9328 8635 192 147 des
9555 8635 568 147 Patentes
10198 8635 177 147 für
10490 8635 217 147 das
10817 8635 441 147 Vetter-

8775 8818 508 147 ligewehr
9347 8818 156 147 an
9543 8818 474 147 Italien
10085 8818 525 147 200,000
10705 8818 570 147 Franken,

8782 9018 546 147 gleichviel
9365 9018 508 147 prositirt
9917 9018 188 147 der
10163 9018 577 147 Erfinder.

8925 9252 257 146 Der
9227 9252 398 146 Bauer
9667 9252 466 146 Hilsiker
10202 9252 201 146 auf
10483 9252 184 146 der
10777 9252 493 146 „Gultn"

8777 9435 175 147 bei
8988 9435 439 147 Schloß
9510 9435 485 147 Liebegg
10110 9435 375 147 wurde
10608 9435 139 147 in
10872 9435 401 147 seinem

8787 9618 391 147 Stalle
9223 9618 239 147 tobt
9503 9618 602 147 gefunden.
10265 9618 322 147 Sein
10633 9618 374 147 Sohn
11033 9618 239 147 und

8787 9818 220 147 sein
9067 9818 811 147 Tochtermann
9917 9818 250 147 sind
10248 9818 329 147 unter
10618 9818 247 147 dem
10973 9818 284 147 Ver-

8783 10002 355 146 dachte
9193 10002 535 146 verhaftet
9822 10002 496 146 worden,
10400 10002 205 146 ihn
10735 10002 495 146 ermorte

8800 10185 110 147 ju
8970 10185 413 147 habeu.

8928 10418 290 147 Das
9263 10418 437 147 Spital
9748 10418 137 147 in
9933 10418 379 147 Vevey
10352 10418 380 147 erhielt
10802 10418 228 147 von
11110 10418 145 147 ei-

8785 10618 252 147 nem
9073 10618 520 147 Ehepaar
9653 10618 452 147 50,000
10147 10618 521 147 Frauken
10725 10618 187 147 zur
10950 10618 292 147 Ein-

8782 10802 498 146 richtung
9490 10802 307 146 eines
9953 10802 1085 146 Kiuderhospitales.

8778 11002 394 146 Durch
9213 11002 322 146 einen
9593 11002 442 146 Sturm
10082 11002 453 146 wurden
10600 11002 175 146 die
10862 11002 398 146 Quai-

8787 11185 466 147 mauern
9292 11185 465 147 daselbst
9815 11185 128 147 so
9998 11185 272 147 stark
10305 11185 667 147 beschädigt,
11050 11185 225 147 daß

8790 11385 150 147 sie
8972 11385 711 147 unbetretbar
9743 11385 587 147 geworden
10368 11385 290 147 sind.

8933 11602 245 146 Die
9225 11602 502 146 Kantine
9768 11602 135 146 in
9992 11602 186 146 der
10287 11602 486 146 Kaserne
10872 11602 403 146 Zürich

8788 11802 375 146 wurde
9202 11802 245 146 dem
9547 11802 643 146 bisherigen
10297 11802 473 146 Pächter
10902 11802 371 146 Meier

8788 11985 250 147 zum
9077 11985 336 147 Zinse
9477 11985 230 147 von
9747 11985 333 147 9000
10122 11985 231 147 Fr.
10407 11985 195 147 per
10638 11985 314 147 Jahr
11072 11985 198 147 auf

8788 12185 74 147 5
8918 12185 374 147 Jahre
9335 12185 665 147 überlassen.
10152 12185 225 147 Da
10425 12185 273 147 muß
10755 12185 225 147 viel
11080 12185 188 147 ge-

8793 12368 450 147 trunken
9282 12368 243 147 und
9588 12368 484 147 gegessen
10188 12368 479 147 werden,
10755 12368 193 147 bis
11052 12368 221 147 nur

8788 12568 184 147 Der
9022 12568 305 147 Zins
9373 12568 1045 147 herausgeschlagen
10472 12568 181 147 ist.

8950 12752 438 146 Wieder
9428 12752 124 146 ist
9623 12752 232 146 eine
9890 12752 395 146 Dame
10355 12752 228 146 von
10623 12752 187 146 der
10920 12752 295 146 medi

8790 12952 508 146 zinischen
9333 12952 552 146 Fakultär
9980 12952 187 146 der
10265 12952 655 146 Hochschule
11018 12952 239 146 Zü-

8790 13135 210 147 rich
9037 13135 248 147 zum
9345 13135 448 147 Doktor
9837 13135 325 147 eveirt
10198 13135 499 147 worden,
10735 13135 173 147 die
10945 13135 323 147 Eng-

8830 13335 472 147 äaderin
9342 13335 351 147 .Eliz«
9733 13335 740 147 McDonogh
10492 13335 223 147 aus
10755 13335 525 147 London.

8767 13518 210 147 In
9018 13518 294 147 ihrer
9353 13518 760 147 Dissertation
10232 13518 483 147 verwirft
10830 13518 140 147 sie
11102 13518 171 147 die

8788 13702 550 146 künstliche
9393 13702 812 146 Auffütterung
10292 13702 186 146 der
10598 13702 677 146 Säuglinge

8783 13902 202 146 mit
9027 13902 241 146 sog.
9340 13902 1020 146 „Kindermehlen."

8930 14118 248 147 Die
9225 14118 137 147 in
9410 14118 618 147 Frankfurt
10127 14118 718 147 abgehaltene
10938 14118 327 147 Kon-

8788 14318 344 147 ferenz
9188 14318 199 147 des
9438 14318 1335 147 Gotthardkonsortiums
10877 14318 390 147 erklärt

8785 14502 210 146 sich
9028 14502 324 146 unter
9438 14502 592 146 folgenden
10132 14502 838 146 Bedingungen
11075 14502 187 146 zur

8778 14685 759 147 Uebernahme
9575 14685 187 147 der
9815 14685 587 147 streitigen
10443 14685 427 147 vierten
10910 14685 343 147 Serie

8775 14885 197 147 des
9070 14885 1338 147 Obligationenkapitals
10515 14885 440 147 bereit:
11020 14885 250 147 Die

8778 15068 227 147 von
9132 15068 188 147 der
9545 15068 887 147 Gotthardbahn
10662 15068 600 147 berechnete

8770 15268 920 147 Bedarsssumme
9728 15268 232 147 von
10020 15268 170 147 40
10318 15268 637 147 Millionen
11055 15268 208 147 soll

8777 15452 266 146 nach
9097 15452 976 146 sachverständiger
10110 15452 562 146 Prüfung
10717 15452 231 146 von
11040 15452 217 146 den

8773 15635 729 147 interessirten
9557 15635 1185 147 Staatsregierungen
10783 15635 190 147 als
11015 15635 232 147 eine

8773 15835 189 147 zur
9000 15835 700 147 Herstellung
9762 15835 200 147 des
10068 15835 1182 147 Gesammtunterneh-

8768 16018 329 147 mens
9135 16018 132 147 in
9315 16018 282 147 seine
9745 16018 730 147 wesentlichen
10532 16018 478 147 Theilen
11050 16018 192 147 ge-

8772 16218 505 147 nügende
9313 16218 589 147 festgestellt
10002 16218 471 147 werden
10593 16218 355 147 ferner
11052 16218 218 147 soll

8777 16418 168 147 die
8982 16418 883 147 Gotthardbahn
9963 16418 654 147 zuverlässig
10720 16418 527 147 nachwei-

8777 16602 228 146 sen,
9038 16602 227 146 daß
9302 16602 345 146 dieses
9760 16602 488 146 Kapital
10293 16602 232 146 von
10567 16602 173 146 40
10783 16602 469 146 Millio-

8772 16802 221 146 nen
9032 16802 356 146 sicher
9425 16802 512 146 beschafft
10047 16802 315 146 wird
10483 16802 519 146 üoerdies
11128 16802 130 146 ist

8783 16985 177 147 für
9003 16985 177 147 die
9242 16985 598 147 fraglichen
9880 16985 168 147 20
10092 16985 630 147 Millionen
10767 16985 190 147 (4.
11003 16985 249 147 Se-

8778 17168 214 147 rie)
9063 17168 245 147 und
9407 17168 175 147 die
9688 17168 372 147 früher
10170 17168 937 147 übernommenen
11182 17168 78 147 3

8787 17368 428 147 Serien
9257 17368 205 147 mit
9507 17368 166 147 68
9715 17368 637 147 Millionen
10417 17368 238 147 eine
10708 17368 252 147 erste
10993 17368 255 147 Hy-

8775 17552 382 146 pothek
9210 17552 135 146 in
9395 17552 190 146 der
9640 17552 210 146 Art
9895 17552 137 146 zu
10087 17552 545 146 bestellen,
10705 17552 225 146 daß
11027 17552 233 146 die-

8783 17735 274 147 selbe
9108 17735 297 147 allen
9445 17735 487 147 übrigen
10002 17735 1261 147 Gesellschaftsschulden

8780 17935 670 147 vorangeht.
9638 17935 249 147 Die
9985 17935 733 147 Einzahlung
10813 17935 189 147 der
11105 17935 168 147 20

8777 18118 635 147 Millionen
9457 18118 410 147 endlich
9927 18118 211 147 soll
10215 18118 273 147 nach
10593 18118 685 147 Verhältnis

8782 18318 196 147 des
9037 18318 936 147 fortschreitenden
10010 18318 413 147 Baues
10483 18318 244 147 und
10768 18318 200 147 des
11028 18318 237 147 fak-

8787 18502 381 146 tischen
9202 18502 583 146 Eintreten
9852 18502 226 146 von
10118 18502 659 146 Realitäten
10852 18502 135 146 in
11085 18502 187 146 die

8778 18702 575 146 Hypothek
9392 18702 546 146 erfolgen.
10050 18702 348 146 Diese
10437 18702 828 146 Bedingungen

8788 18885 334 147 sollen
9177 18885 190 147 als
9408 18885 679 147 Grundlage
10147 18885 188 147 der
10432 18885 450 147 weitern
10968 18885 292 147 Ver-

8780 19085 737 147 Handlungen
9593 19085 397 147 dienen
10090 19085 250 147 und
10467 19085 485 147 zunächst
11082 19085 185 147 der

8790 19268 582 147 Direktion
9413 19268 662 147 mitgeteilt
10122 19268 471 147 werden.
10690 19268 253 147 Die
10992 19268 281 147 etwa

8782 19452 131 146 ,u
8957 19452 578 146 erzielende
9642 19452 636 146 vorläufige
10410 19452 865 146 Vereinbarung

8788 19652 267 146 wirb
9097 19652 318 146 dann
9475 19652 365 146 später
9910 19652 217 146 den
10230 19652 723 146 Gegenstand
11080 19652 188 146 der

8775 19835 677 147 Berathuug
9603 19835 247 147 und
9947 19835 1001 147 Beschlußfassung
11073 19835 194 147 des

8785 20018 792 147 Tonsortiums
9617 20018 428 147 bilben.

8932 20252 250 146 Der
9245 20252 1073 146 Venvaltnngsrath
10360 20252 187 146 der
10617 20252 630 146 schweizeri-

8785 20468 280 110 ichett

9118 20435 805 147 Kreditanstalt
9963 20435 202 147 hat
10205 20435 182 147 für
10460 20435 227 147 vier
10727 20435 520 147 erledigte

8787 20635 1435 147 Letwaltungsrathstellen
10410 20635 578 147 gewählt:
11102 20635 175 147 die

8793 20818 404 147 öetren
9237 20818 481 147 Steffan
9805 20818 462 147 Raschle
10355 20818 137 147 in
10590 20818 370 147 Enge,
11000 20818 252 147 Alt-

8787 21018 811 147 •Jlationalrath
9700 21018 328 147 Jsler
10130 21018 137 147 in
10398 21018 575 147 Wildegg,
11015 21018 247 147 Alt-

8793 21202 682 146 Oberlichter
9535 21202 568 146 Gemalter
10228 21202 137 146 in
10490 21202 415 146 Zürich
11023 21202 250 146 und

8797 21402 393 146 Oberst
9227 21402 443 146 Saudis
9728 21402 134 146 in
9908 21402 805 146 Richtersweil,
10753 21402 250 146 und
11093 21402 172 146 er-

8827 21585 386 147 tonnte
9253 21585 249 147 zum
9560 21585 795 147 Präsidenten,
10395 21585 147 147 da
10638 21585 630 147 Vicepräsi-

8802 21785 238 147 )cnt
9080 21785 540 147 Treichler
9692 21785 175 147 die
9905 21785 365 147 Wahl
10315 21785 590 147 abgelehnt
10943 21785 357 147 Hatte,

8790 21985 373 147 Herrn
9207 21985 996 147 Fiertz-Etzweiler.

8952 22202 193 146 Zu
9192 22202 405 146 Zwecke
9630 22202 193 146 der
9897 22202 736 146 Vollendung
10675 22202 200 146 des
10970 22202 288 146 See-

8805 22402 432 146 )amms
9277 22402 1445 146 Rapperswcil-Psäsfikon
10795 22402 487 146 heschloß

8808 22585 155 147 ite
9110 22585 1022 147 Bürgergemeinde
10278 22585 589 147 Rappers,
11033 22585 249 147 weil

8803 22785 407 147 fernere
9368 22785 847 147 Obligationen
10340 22785 188 147 der
10660 22785 615 147 Zürichsee-

8812 22985 891 147 Gotthardbahn
9745 22985 310 147 erster
10108 22985 579 147 Hypothek
10778 22985 162 147 im
11043 22985 239 147 53t»

11368 1452 170 146 tro
11563 1452 110 146 "je
11730 1452 227 146 von
11997 1452 525 146 2jO,UOO
12577 1452 223 146 Fr.
12852 1452 136 146 zu
13077 1452 791 146 Übernehmen,

11355 1652 328 146 s'wie
11725 1652 315 146 einen
12163 1652 435 146 weitern
12690 1652 492 146 Beitrag
13315 1652 187 146 bi*
13633 1652 205 146 nur

11353 1835 522 147 120,000
11917 1835 225 147 Fr.
12193 1835 129 147 in
12368 1835 340 147 Baar
12755 1835 132 147 zu
12923 1835 417 147 leisten.
13475 1835 373 147 Wenn

11387 2018 198 147 ruft
11655 2018 122 147 in
11820 2018 132 147 ch
11987 2018 176 147 Die
12253 2018 884 147 ört^emeittbe
13250 2018 247 147 eine
13620 2018 223 147 nur

11377 2218 240 147 uilb
11660 2218 117 147 so
11835 2218 342 147 grifee
12235 2218 752 147 Subvention
13065 2218 610 147 beschließt,
13710 2218 117 147 so

11345 2402 128 146 ist
11510 2402 217 146 das
11793 2402 827 146 Unternehmen
12658 2402 569 146 finanziell
13352 2402 486 146 gerettet.

11358 2602 285 146 Auch
11678 2602 180 146 die
11955 2602 722 146 züricherische
12767 2602 613 146 Gemeinde
13483 2602 360 146 Wald

11343 2785 589 147 bewilligte
11973 2785 180 147 für
12197 2785 185 147 bie
12450 2785 960 147 Seebarnrnbaute
13513 2785 320 147 einen

11325 2968 497 147 Beitrag
11865 2968 227 147 von
12132 2968 461 147 10,000
12637 2968 225 147 Fr.

11728 3285 295 147 Eine
12065 3285 572 147 Maschine
12715 3285 252 147 zum
13070 3285 448 147 Tobten
13625 3285 205 147 des

11343 3468 942 147 Schlachtviehes.
12463 3468 250 147 Die
12807 3468 625 147 Boutcrole
13567 3468 256 147 ober

11353 3668 925 147 Schlachtmaske,
12317 3668 368 147 welche
12753 3668 200 147 vor
12993 3668 442 147 einigen
13475 3668 325 147 Iah-

11335 3852 197 146 ren
11570 3852 250 146 zum
11882 3852 450 146 Tödten
12405 3852 197 146 des
12698 3852 700 146 Rindviehes
13535 3852 273 146 viel-

11343 4035 227 147 fach
11752 4035 633 147 empfohlen
12567 4035 425 147 wurde,
13163 4035 204 147 hat
13528 4035 292 147 einer

11348 4235 820 147 Schußmaske"
12207 4235 320 147 Platz
12590 4235 522 147 gemacht,
13187 4235 331 147 deren
13555 4235 255 147 Lei-

11345 4418 453 147 stungen
11835 4418 383 147 bisher
12258 4418 165 147 im
12487 4418 485 147 höchsten
13005 4418 368 147 Maße
13415 4418 392 147 befrie-

11338 4602 422 146 digten.
11905 4602 247 146 Die
12198 4602 945 146 Feldschlächterei
13180 4602 190 146 der
13423 4602 134 146 5.
13602 4602 158 146 Ar

11335 4802 828 146 mee-Division
12203 4802 189 146 der
12457 4802 615 146 Schweizer
13168 4802 392 146 Armee
13597 4802 201 146 hat

11337 4985 175 147 bei
11548 4985 322 147 ihren
11930 4985 360 147 letzten
12360 4985 675 147 Manövern
13132 4985 226 147 nur
13465 4985 353 147 diesen

11338 5168 520 147 Apparat
11900 5168 727 147 angewandt,
12755 5168 75 147 a
12935 5168 192 147 bei
13218 5168 604 147 bemselben

11337 5368 215 147 das
11590 5368 348 147 Thier
12008 5368 289 147 nicht
12335 5368 738 147 angebnnbcn
13138 5368 137 147 zu
13382 5368 435 147 werben

11333 5568 494 147 braucht,
11867 5568 186 147 bie
12093 5568 554 147 Tödtung
12710 5568 240 147 also
13007 5568 165 147 an
13213 5568 349 147 jebem
13620 5568 183 147 be-

11323 5752 482 146 liebigen
11887 5752 378 146 Platze
12395 5752 862 146 vorgenommen
13295 5752 445 146 roeib:n

11335 5952 338 146 kann.
11815 5952 250 146 Die
12170 5952 770 146 Schußmaske
13058 5952 402 146 besteht
13595 5952 225 146 aus

11337 6135 286 147 einer
11713 6135 725 147 Leberkappe,
12543 6135 370 147 welche
13040 6135 252 147 bem
13420 6135 405 147 Thiere

11330 6318 267 147 über
11635 6318 220 147 ben
11913 6318 309 147 Kopf
12263 6318 580 147 geschnallt
12928 6318 335 147 wirb,
13308 6318 244 147 unb
13593 6318 232 147 aus

11333 6518 349 147 einem
11787 6518 391 147 kurzen
12310 6518 612 147 gezogenen
13053 6518 779 147 Gewehrlauf,

11337 6702 175 146 der
11547 6702 236 146 sich
11822 6702 226 146 auf
12095 6702 238 146 eine
12370 6702 477 146 einfache
12882 6702 245 146 unb
13187 6702 630 146 ungefähr-

11333 6902 252 146 liche
11637 6902 360 146 Weise
12033 6902 164 146 an
12238 6902 192 146 ber
12498 6902 424 146 Maske
13005 6902 123 146 so
13235 6902 587 146 befestigen

11332 7085 285 147 läßt,
11658 7085 230 147 baß
11927 7085 108 147 er
12095 7085 198 147 auf
12333 7085 177 147 bie
12570 7085 470 147 Gegenb
13078 7085 204 147 bes
13405 7085 417 147 großen

11337 7285 506 147 Gehirns
11975 7285 137 147 zu
12245 7285 362 147 liegen
12760 7285 462 147 kommt.
13378 7285 439 147 Vorher

11342 7468 273 147 wirb
11657 7468 281 147 eine,
11990 7468 240 147 eine
12287 7468 645 147 Spitzkngel
12972 7468 826 147 einschließende

11340 7668 892 147 Metallpatrone
12273 7668 230 147 von
12558 7668 397 147 hinten
12997 7668 138 147 in
13243 7668 585 147 betreiben

11340 7852 798 146 eingeschoben,
12172 7852 120 146 so
12363 7852 227 146 daß
12627 7852 455 146 bieselbe
13117 7852 331 146 butch
13505 7852 318 146 einen

11340 8052 438 146 leichten
11833 8052 445 146 Schlag
12353 8052 200 146 auf
12687 8052 220 146 ben
13025 8052 793 146 Percuffions-

11345 8235 228 147 stift
11613 8235 537 147 explobirt
12190 8235 238 147 ltnb
12470 8235 177 147 bic
12708 8235 380 147 Kugel
13130 8235 137 147 in
13315 8235 227 147 bas
13582 8235 230 147 Ge-

11337 8435 263 147 Hirn
11640 8435 375 147 treibt.
12133 8435 259 147 Der
12437 8435 266 147 Tob
12770 8435 242 147 tritt
13058 8435 475 147 plötzlich
13570 8435 242 147 unb

11337 8618 730 147 vollkommen
12143 8618 234 147 ein,
12470 8618 155 147 ba
12742 8618 188 147 bie
13053 8618 455 147 Gewalt
13632 8618 188 147 ber

11348 8818 667 147 Zündmasse
12052 8818 175 147 die
12288 8818 380 147 Kugel
12710 8818 195 147 bis
12947 8818 140 147 in
13137 8818 173 147 die
13347 8818 466 147 Gegenb

11343 9018 194 147 des
11590 9018 435 147 sechsten
12073 9018 242 147 unb
12433 9018 540 147 siebenten
13063 9018 764 147 Halswirbels

11345 9202 367 146 treibt
11878 9202 189 146 ber
12103 9202 444 146 stärkste
12583 9202 337 146 Stier
12967 9202 251 146 sollt
13293 9202 347 146 sofort
13680 9202 128 146 zu

11333 9385 460 147 Boden,
11835 9385 242 147 uttb
12117 9385 291 147 zwar
12498 9385 209 147 mit
12807 9385 256 147 bem
13150 9385 685 147 Hintertheil

11338 9585 382 147 zuerst,
11757 9585 131 147 in
11935 9585 372 147 Folge
12348 9585 187 147 der
12588 9585 585 147 Berletzun
13300 9585 193 147 des
13552 9585 258 147 Rü-

11347 9768 783 147 ckenmarles.
12170 9768 258 147 Der
12493 9768 522 147 Apparat
13058 9768 130 147 ist
13245 9768 133 147 in
13425 9768 398 147 Ac-rau

11332 9968 410 147 b.'teits
11798 9968 772 147 obligatorisch
12627 9968 188 147 für
12860 9968 285 147 alles
13253 9968 580 147 Großvieh

11428 10152 579 146 ngeführt,
12048 10152 135 146 in
12233 10152 410 146 Zürich
12685 10152 235 146 unb
12960 10152 363 146 Bafel
13368 10152 454 146 vielfach

11337 10352 226 146 von
11603 10352 217 146 ben
11880 10352 570 146 Metzgern
12490 10352 138 146 in
12680 10352 582 146 Gebrauch
13368 10352 459 146 genom-

11342 10518 295 147 men.

12130 10835 148 147 W
12405 10835 102 147 st
12647 10835 73 147 a
12758 10835 79 147 1
12928 10835 137 147 n.

11505 11052 217 146 Am
11763 11052 229 146 16.
12037 11052 631 146 November
12767 11052 370 146 feierte
13260 11052 187 146 ber
13533 11052 290 146 Herr

11355 11252 755 146 Abgeorbnete
12148 11252 280 146 Frei
12475 11252 122 146 v.
12713 11252 707 146 Schorlemer
13600 11252 230 146 Alst

11343 11435 197 147 auf
11580 11435 252 147 bem
11905 11435 510 147 Schlosse
12472 11435 235 147 Alst
12747 11435 188 147 bei
12975 11435 855 147 Burgsteiusur!

11350 11635 212 147 aas
11598 11635 250 147 Fest
11908 11635 187 147 ber
12132 11635 555 147 silbernen
12905 11635 422 147 chzeit.
13450 11635 372 147 Wenn

11348 11818 217 147 das
11603 11818 247 147 Fest
11915 11818 317 147 auch,
12268 11818 442 147 schreibt
12768 11818 285 147 man
13095 11818 247 147 dem
13378 11818 455 147 „Wests.

11340 12002 590 146 Merkur",
11975 12002 340 146 seiner
12350 12002 388 146 Natur
12842 12002 268 146 nach
13215 12002 305 146 mehr
13655 12002 177 146 ein

11340 12202 755 146 Familienfest
12153 12202 234 146 war
12428 12202 247 146 und
12735 12202 138 146 zu
12912 12202 601 146 demselben
13607 12202 221 146 nur

11345 12385 172 147 die
11553 12385 662 147 zahlreichen
12273 12385 659 147 Mitglieder
13058 12385 187 147 der
13282 12385 543 147 Familie,

11350 12585 167 147 Die
11578 12585 115 147 ja
11735 12585 675 147 bekanntlich
12472 12585 135 147 zn
12643 12585 247 147 dem
13005 12585 443 147 ältesten
13510 12585 325 147 Asel,

11352 12785 188 147 des
11613 12785 930 147 Münsterlandes
12677 12785 436 147 gehört,
13238 12785 585 147 erschienen

11352 12968 415 147 waren,
11807 12968 113 147 so
11985 12968 225 147 gab
12265 12968 122 147 es
12465 12968 263 147 doch
12858 12968 270 147 auch
13233 12968 585 147 wiederum

11343 13152 319 146 einen
11698 13152 594 146 deutlichen
12393 13152 452 146 Beweis
12953 13152 185 146 für
13242 13152 176 146 die
13540 13152 267 146 höht

11350 13352 705 146 Verehrung,
12095 13352 370 146 welche
12498 13352 360 146 Frhr.
12923 13352 124 146 v.
13090 13352 693 146 Schorlernet

11343 13535 130 147 in
11520 13535 212 147 den
11788 13535 527 147 weitesten
12350 13535 453 147 Kreisen
12870 13535 477 147 genießt.
13493 13535 324 147 Nicht

11343 13718 262 147 blos
11645 13718 180 147 bie
11863 13718 605 147 Gemeinbe
12527 13718 316 147 Leer,
12968 13718 140 147 zu
13147 13718 298 147 fccin
13605 13718 215 147 das

11343 13918 437 147 Schloß
11818 13918 240 147 Alst
12123 13918 434 147 gehört,
12595 13918 435 147 brachte
13137 13918 326 147 durch
13562 13918 255 147 De-

11332 14102 681 146 pntationen
12055 14102 240 146 dem
12360 14102 712 146 Jubelpaare
13172 14102 246 146 ihre
13513 14102 297 146 herz-

11338 14302 419 146 lichsten
11892 14302 825 146 Glückwünsche
12842 14302 266 146 bar,
13238 14302 265 146 auch
13630 14302 187 146 ber

11332 14485 1198 147 landwirlhschaftliche
12568 14485 690 147 Provincial
13423 14485 407 147 Verein

11332 14685 238 147 und
11612 14685 183 147 der
11855 14668 710 147 Kreisverein
12607 14668 380 147 waren
13045 14668 138 147 in
13275 14668 537 147 Deputa-

11338 14868 379 147 tionen
11757 14868 188 147 zur
12003 14868 325 147 Feier
12368 14868 639 147 erschienen.
13138 14868 672 147 Insbeson-

11333 15068 237 147 dere
11627 15068 261 147 aber
11943 15068 455 147 zeugten
12435 15068 177 147 die
12705 15068 458 147 wirklich
13267 15068 543 147 zahllo'en

11337 15252 765 146 Telegramme
12182 15252 231 146 von
12533 15252 215 146 den
12875 15252 932 146 hochgestelltesten

11328 15435 595 147 Männern
11967 15435 250 147 und
12258 15435 355 147 vielen
12650 15435 715 147 katholischen
13402 15435 376 147 Verei-

11328 15618 219 147 nen
11585 15618 227 147 ans
11885 15635 287 147 ganz
12210 15635 775 147 Deutschland
13042 15635 231 147 von
13598 15635 195 147 lie-

11325 15818 508 147 bevollen
11890 15818 813 147 Anerkennung
12742 15818 200 147 des
13010 15818 792 147 segensreichen

11332 16002 515 146 Wirkens
11887 16002 201 146 des
12173 16002 387 146 Herrn
12658 16002 604 146 Jubilars.
13403 16002 405 146 Dafür

11330 16202 380 146 waren
11748 16202 270 146 auch
12078 16202 522 146 Zeugniß
12640 16202 175 146 die
12907 16202 353 146 vielen
13387 16202 418 146 kostba-

11328 16385 195 147 ren
11562 16385 630 147 Geschenke,
12255 16385 372 147 welche
12660 16385 192 147 zur
12915 16385 325 147 Feier
13280 16385 200 147 des
13553 16385 245 147 Ta-

11330 16585 198 147 ges
11582 16585 435 147 sowohl
12088 16585 232 147 von
12407 16585 215 147 den
12745 16585 752 147 Mitgliedern
13625 16585 177 147 der

11322 16768 490 147 Familie
11938 16768 192 147 als
12263 16768 265 147 auch
12667 16768 228 147 von
13028 16768 775 147 verschiedenen

11333 16968 549 147 Vereinen
11920 16968 250 147 dem
12278 16968 712 147 Jubelpaare
13088 16968 699 147 dargebracht

11333 17152 499 146 wurden.
11988 17152 257 146 Wir
12293 17152 452 146 rechnen
12820 17152 355 146 dahin
13215 17152 322 146 einen
13573 17152 209 146 an-

11335 17352 275 146 tiken
11647 17352 555 146 silbernen
12240 17352 385 146 Pokal
12668 17352 232 146 von
12977 17352 191 146 der
13267 17352 541 146 Fraktion

11337 17535 180 147 der
11573 17535 660 147 Centrums,
12307 17535 316 147 einen
12755 17535 552 147 goldenen
13423 17535 377 147 Pokal

11338 17718 225 147 von
11603 17718 247 147 dem
11922 17718 413 147 Verein
12375 17718 187 147 der
12643 17718 717 147 katholischen
13462 17718 335 147 Edel-

11328 17918 294 147 leute
11660 17918 880 147 Deutschlands,
12645 17918 428 147 welcher
13213 17918 229 147 von
13573 17918 234 147 dem

11328 18102 380 146 Herrn
11833 18102 449 146 Grasen
12375 18102 175 146 F.
12605 18102 123 146 v.
12797 18102 386 146 Galen
13225 18102 582 146 überreich!

11345 18302 422 146 wurde,
11807 18302 235 146 eine
12097 18302 481 146 kostbare
12613 18302 562 146 Bronze-
13230 18302 248 146 Uhr
13610 18302 208 146 mii

11343 18485 965 147 Wappenhaltern
12348 18485 264 147 vom
12718 18485 1037 147 landwirthschastli

11338 18685 529 147 Vereine,
11907 18685 268 147 zwei
12257 18685 480 147 kostbare
12820 18685 382 147 Kelche
13335 18685 182 147 für
13652 18685 153 147 du

11343 18868 889 147 Schloßkapclle,
12347 18868 180 147 ein
12662 18868 528 147 goldenes
13323 18868 484 147 Erucifu

11337 19052 241 146 und
11680 19052 278 146 viele
12035 19052 400 146 andere
12555 19052 587 146 Geschenke
13277 19052 231 146 von
13610 19052 202 146 den

11338 19235 802 147 Verwandten.

11728 19535 292 147 Eine
12060 19535 573 147 originelle
12738 19535 265 147 Art,
13093 19535 324 147 einen
13505 19535 320 147 Dieb

11343 19735 130 147 }u
11513 19735 792 147 kennzeichnen.
12477 19735 226 147 Auf
12747 19735 186 147 der
13043 19735 449 147 Straße
13593 19735 212 147 vor

11330 19918 492 147 Hersotd
11963 19918 274 147 nach
12343 19918 382 147 Enger
12885 19918 135 147 in
13150 19918 635 147 Westpfaiei

11342 20118 553 147 begegnen
11932 20118 228 147 vier
12240 20118 530 147 Strolche
12810 20118 357 147 einem
13278 20118 480 147 Schläch

11343 20302 205 146 ter,
11587 20302 213 146 den
11835 20302 215 146 sie,
12088 20302 497 146 ersuchen
12843 20302 552 146 natürlich
13503 20302 307 146 unte.

11350 20502 888 146 Ztihülfeuahme
12427 20502 288 146 einer
12885 20502 863 146 wirkungsvolle

11342 20685 925 147 Gcberdcfprache
12533 20685 229 147 fein
12802 20685 303 147 Geld
13147 20685 616 147 abzugeben

11327 20902 210 146 In
11575 20902 187 146 ber
11798 20902 705 146 Bestürzung
12567 20902 275 146 zieht
12878 20902 194 146 ber
13192 20902 580 146 Schlächie

11348 21085 279 147 seine
11660 21085 368 147 Börse
12088 21085 207 147 mit
12340 21085 353 147 einem
12782 21085 445 147 Inhalt
13333 21085 232 147 von
13665 21085 108 147 8t

11343 21268 344 147 Mark
11730 21268 245 147 unb
12017 21268 590 147 überreicht
12663 21268 140 147 sie
12907 21268 215 147 ben
13158 21268 360 147 „Unw
13562 21268 181 147 bei

11345 21452 668 146 schlichen",
12053 21452 202 146 um
12297 21452 323 146 bann
12720 21452 348 146 seines
13180 21452 410 146 Weges
13693 21452 102 146 *i

11338 21652 80 146 9
11460 21652 272 146 hen.
11877 21652 313 146 Nach
12228 21652 445 146 einigen
12713 21652 557 146 Minuten
13315 21652 262 146 aber
13615 21652 183 146 är-

11343 21852 239 146 gert
11622 21852 250 146 und
11913 21852 397 146 schämt
12345 21852 233 146 sich
12615 21852 190 146 der
12872 21852 683 146 Schlächter,
13593 21852 184 146 seit

11340 22035 300 147 Gelb
11680 22035 130 147 io
11908 22035 309 147 leicht
12343 22035 677 147 herzegeben
13153 22035 140 147 zu
13415 22035 353 147 habev

11337 22235 325 147 Plötz
11703 22235 165 147 ich
11905 22235 592 147 durchzuckt
12552 22235 211 147 ihn
12808 22235 189 147 ein
13035 22235 575 147 Gedanke

11342 22435 348 147 macyt
11727 22435 403 147 Kehrt,
12173 22435 402 147 nähert
12615 22435 253 147 sich
12908 22435 589 147 behutsam
13587 22435 228 147 den

11350 22635 497 147 Kassirer
11885 22635 190 147 der
12148 22635 529 147 Strolche
12717 22635 246 147 und
13042 22635 516 147 schneidet
13593 22635 202 147 ihn

11340 22818 173 147 im
11535 22818 220 147 Nu
11803 22818 225 147 das
12067 22818 275 147 Ohr
12388 22818 202 147 ab.
12652 22818 263 147 Mit
12972 22818 405 147 diesen
13415 22818 283 147 sucht
13732 22818 116 147 r.

11352 23018 220 147 den
11608 23018 499 147 nächsten
12172 23018 841 147 Gensd'armen
13052 23018 258 147 auf,
13353 23018 187 147 der
13647 23018 188 147 f..:,

11715 23268 155 165 e\

13885 1485 253 147 'mit
14185 1485 243 147 dem
14498 1485 1150 147 Erkennungszeicheu
15745 1485 352 147 sofort
16198 1485 209 147 auf

13890 1685 210 147 jdie
14160 1685 372 147 Suche
14568 1685 419 147 begibt.
15110 1685 355 147 'Nach
15562 1685 361 147 kurzer
16025 1685 378 147 Müht

13922 1868 276 147 triffi
14247 1868 115 147 er
14418 1868 197 147 auf
14680 1868 172 147 die
14888 1868 749 147 Gesellschaft.
15783 1868 399 147 Einer,
16225 1868 195 147 der

13917 2052 213 146 b:n
14173 2052 304 146 Kopf
14520 2052 342 146 oerbu
14900 2052 313 146 tben,
15253 2052 305 146 klagt
15622 2052 201 146 auf
15865 2052 173 146 die
16127 2052 271 146 mit«-

13912 2235 576 147 leidsvolle
14527 2235 390 147 Frage
14978 2235 250 147 was
15328 2235 249 147 ihm
15683 2235 322 147 fehle,
16122 2235 275 147 über

13912 2435 466 147 heftiges
14437 2435 618 147 Zahnweb,
15095 2435 253 147 was
15462 2435 288 147 seine
15867 2435 523 147 jänfner«

13900 2635 260 147 liche
14195 2635 400 147 Miene
14708 2635 269 147 auch
15030 2635 135 147 zu
15255 2635 602 147 bestätigen
15962 2635 438 147 scheint.

13897 2818 253 147 Der
14195 2818 1150 147 Sicherheitswächter
15422 2818 265 147 aber
15723 2818 662 147 nimmt'das

13902 3002 306 146 Tuch
14267 3002 225 146 fort
14537 3002 250 146 und
14858 3002 250 146 halt
15212 3002 226 146 das
15538 3002 860 146 abgeschnittene

13888 3202 280 146 Ohr
14215 3202 165 146 an
14422 3202 175 146 die
14635 3202 433 146 blutige
15140 3202 420 146 Stelle,
15603 3202 224 146 d.is
15843 3202 552 146 natürlich

13890 3385 318 147 paßt.
14370 3385 247 147 Alle
14658 3385 265 147 Vier
15005 3385 460 147 wurden
15505 3385 128 147 in
15680 3385 402 147 sichere
16117 3385 273 147 Ob-

13888 3585 207 147 Hut
14133 3585 705 147 genommen.
14948 3585 695 147 Inzwischen
15683 3585 370 147 bürste
16112 3585 278 147 diese

13895 3768 575 147 originelle
14510 3768 220 147 Art
14832 3768 191 147 ber
15062 3768 325 147 Dieb
15432 3768 930 147 skennzeich^unz

13907 3968 246 147 dem
14212 3968 635 147 Schlächter
14885 3968 270 147 boch
15215 3968 510 147 vielleicht
15787 3968 421 147 theitrer
16247 3968 141 147 zu

13902 4152 361 146 stehen
14297 4152 546 146 kommen,
14882 4152 191 146 als
15117 4152 191 146 ber
15377 4152 450 146 Verlust
15887 4152 228 146 von
16220 4152 175 146 8l)

13893 4335 399 147 Mark.

14637 4602 65 146 O

14047 4802 261 146 Aus
14387 4802 648 146 Innsbruck
15165 4802 435 146 schreibt
15703 4802 372 146 matt:
16142 4802 241 146 Ein

13888 5002 950 146 eigentümliches
14878 5002 989 146 Naturschauspiel
15938 5002 204 146 bot
16183 5002 259 146 sich

13892 5185 326 147 dus.'r
14257 5185 330 147 Tage
14650 5185 138 147 in
14822 5185 846 147 Unmittelbarer
15758 5185 335 147 Nähe
16185 5185 197 147 ber

13880 5368 1148 147 Landeshauptstadt.
15208 5368 230 147 Da
15572 5368 456 147 erschien
16155 5368 228 147 bas

13892 5568 343 147 ganze
14270 5568 538 147 Innthal
14858 5568 194 147 als
15093 5568 194 147 ein
15328 5568 394 147 großer
15828 5568 564 147 Nebelsee,

13885 5752 237 146 ber,
14162 5752 231 146 von
14452 5752 521 146 erhöhten
15010 5752 537 146 Punkten
15587 5752 231 146 aus
15882 5752 498 146 betrach-

13893 5935 192 147 tet,
14123 5935 322 147 einen
14503 5935 720 147 großartigen
15263 5935 439 147 Anblick
15770 5935 615 147 gewährte,

13895 6135 520 147 währenb
14518 6135 219 147 alle
14857 6135 183 147 bie
15162 6135 231 147 bas
15520 6135 858 147 Mittelgebirge

13890 6318 830 147 überragenben
14818 6318 600 147 Regionen
15518 6318 169 147 im
15783 6318 600 147 herrlichen

13892 6518 433 147 Glänze
14365 6518 190 147 ber
14625 6518 428 147 Sonne
15095 6518 265 147 ober
15457 6518 255 147 bem
15748 6518 590 147 silbernen

13905 6702 620 146 Schimmer
14565 6702 200 146 bes
14828 6702 764 146 Bollmonbes
15663 6702 187 146 bei
15957 6702 430 146 reinem

13882 6902 496 146 Himmel
14420 6902 467 146 verklärt
14948 6902 525 146 schienen.
15683 6902 275 146 Jetzt
16017 6902 371 146 haben

13898 7102 202 146 sich
14132 7102 276 146 nach
14445 7102 713 146 tagelangcm
15235 7102 470 146 Ringen
15747 7102 176 146 die
16025 7102 372 146 Nebel

13895 7285 377 147 gelöst,
14307 7285 245 147 unb
14593 7285 342 147 basiir
14993 7285 210 147 hat
15300 7285 190 147 ber
15598 7285 442 147 Winter
16168 7285 217 147 mit

13893 7485 457 147 starkem
14387 7485 391 147 Regen
14877 7485 251 147 und
15230 7485 658 147 Schneefall
16017 7485 153 147 sei
16203 7485 195 147 len

14015 7668 93 147 fi
14143 7668 334 147 i-llen
14522 7668 455 147 Einzug
15047 7668 560 147 gehalten.
15752 7668 241 147 Ein
16040 7668 345 147 Phä-

13890 7868 402 147 nomen
14330 7868 433 147 andern
14828 7868 452 147 Genres
15340 7868 133 147 ist
15512 7868 220 147 das
15805 7868 180 147 ftir
16030 7868 358 147 Tirol

13892 8052 341 146 höchst
14288 8052 390 146 seltene
14713 8052 592 146 Ereignis},
15388 8052 229 146 daß
15725 8052 392 146 wieder
16222 8052 170 146 in»

13888 8235 644 147 Etschlande
14568 8235 480 147 mehrere
15103 8235 407 147 Bären
15587 8235 446 147 gesehen
16140 8235 247 147 unb

13897 8435 240 147 zum
14198 8435 382 147 Theile
14642 8435 260 147 auch
14987 8435 308 147 schon
15408 8435 330 147 erlegt
15882 8435 500 147 wurd.'N.

13888 8635 605 147 Dieselben
14532 8635 366 147 haben
14937 8635 195 147 sich
15195 8635 857 147 wahrscheinlich
16153 8635 245 147 an',

13902 8818 205 147 den
14142 8818 476 147 benachb
14653 8818 314 147 irteif
15012 8818 508 147 Tchälern
15575 8818 183 147 der
15875 8818 520 147 Schweiz

13902 9018 120 147 in
14065 9018 387 147 unsere
14488 9018 377 147 Berge
14930 9018 442 147 verirrt,
15395 9018 205 147 um
15643 9018 237 147 hier
15920 9018 212 147 den
16168 9018 205 147 auf

13902 9202 136 146 sie
14252 9202 848 146 veranstalteten
15240 9202 770 146 Treibjagden
16135 9202 262 146 zum

13903 9385 369 147 Opfer
14313 9385 140 147 zu
14543 9385 395 147 fallen.

14247 9652 56 146 I
15820 9652 57 146 a

14085 9835 83 147 st
14302 9835 85 147 ck
14412 9835 90 147 t.
14688 9835 260 147 Der
15080 9835 713 147 Tagelöhner
15890 9835 517 147 Johann

13890 10018 442 147 P.'llack
14372 10018 136 147 in
14557 10018 338 147 Wien
15003 10018 379 147 wurde
15422 10018 705 147 beauftragt,
16215 10018 180 147 die

13913 10218 714 147 Ausheizung
14665 10218 183 147 der
14930 10218 930 147 Todtenkammer
15962 10218 140 147 in
16200 10218 193 147 der

13905 10418 975 147 Gerhardnsgasse
14960 10418 253 147 No.
15307 10418 133 147 5.
15543 10418 857 147 vorzunehmen,

13907 10602 130 146 zu
14072 10602 483 146 welchem
14613 10602 447 146 BeHufe
15098 10602 115 146 er
15275 10602 230 146 vier
15562 10602 638 146 Coaksöfeu
16238 10602 174 146 im

13907 10802 396 146 lokale
14345 10802 533 146 aufstellte
14948 10802 249 146 und
15277 10802 128 146 in
15497 10802 575 146 denselben
16175 10802 222 146 daS

13903 10985 802 147 Heizmaterial
14747 10985 653 147 anzündete.
15562 10985 590 147 Entgegen
16192 10985 193 147 der

13910 11185 630 147 erhaltenen
14600 11185 545 147 Weisung
15185 11185 355 147 schloß
15573 11185 109 147 er
15740 11185 658 147 sämmtliche

13910 11368 467 147 Thüren
14418 11368 240 147 und
14700 11368 457 147 Fenster
15195 11368 197 147 des
15493 11368 610 147 Gebäudes
16140 11368 245 147 unb

13910 11568 367 147 wurde
14315 11568 195 147 am
14550 11568 492 147 nächsten
15107 11568 508 147 Morgen
15657 11568 203 147 um
15965 11568 85 147 5
16138 11568 255 147 il'jt

13910 11752 240 146 von
14193 11752 399 146 feinem
14628 11752 754 146 Kameraden,
15452 11752 243 146 dem
15748 11752 644 146 Bauwäch-

13905 11952 155 146 ler
14098 11952 522 146 Heinrich
14660 11952 600 146 Lechnizek,
15327 11952 368 146 hinter
15800 11952 187 146 der
16088 11952 302 146 Ein-

13907 12135 693 147 gitngsthiirc
14642 12135 138 147 in
14832 12135 588 147 sitzender
15488 12135 567 147 Stellung
16150 12135 250 147 todt

13908 12335 797 147 aufgefunucn:
14853 12335 257 147 Der
15155 12335 825 147 Unvorsichtige
16080 12335 315 147 hatte

13907 12518 315 147 :«urch
14303 12518 220 147 das
14562 12518 683 147 Einathmen
15308 12518 184 147 der
15552 12518 351 147 Gase,
15942 12518 180 147 die
16178 12518 215 147 den

13908 12718 632 147 Coaksöfen
14577 12718 166 147 im
14787 12718 370 147 Laufe
15198 12718 187 147 der
15422 12718 355 147 Nacht
15815 12718 572 147 entströmt

13908 12918 272 147 finb,
14222 12918 213 147 ben
14495 12902 887 146 Erstickungstob
15470 12902 602 146 gefuttben.
16140 12902 252 146 Die

13903 13085 959 147 herbeigerufenen
15018 13085 379 147 Acrzte
15433 13085 464 147 stellten
16093 13085 295 147 keine

13923 13285 1524 147 jSieberbe.ebunciäticrfuche
15595 13285 215 147 an,
15922 13285 153 147 ba
16208 13285 179 147 die

13905 13485 343 147 Reiche
14280 13485 200 147 bes
14597 13485 835 147 Unglücklichen
15558 13485 407 147 bereits
16003 13485 277 147 statt

13905 13652 278 146 war.

14277 13918 240 147 Bei
14563 13918 679 147 San-Zeno
15285 13918 170 147 im
15527 13918 670 147 Nonsberge

13898 14102 374 146 Tyrol
14320 14102 425 146 würbe,
14785 14102 208 146 wie
15063 14102 194 146 ber
15348 14102 554 146 „Tyroler
16002 14102 375 146 Bote*'

13895 14285 567 147 inittheilt,
14552 14285 161 147 int
14842 14285 541 147 heurigen
15500 14285 455 147 Herbste
16058 14285 329 147 tei«

13905 14485 488 147 pflügen
14435 14485 308 147 eines
14780 14485 382 147 Ackers
15223 14485 184 147 ein
15445 14485 918 147 hochinteressan-

13897 14668 163 147 ies
14097 14668 795 147 altchrijtiiches
15010 14668 345 147 Grab
15488 14668 485 147 entbeckt.
16122 14668 308 147 Die-

13893 14868 1059 147 katakombenartig:
15073 14868 647 147 Grabstätte
15863 14868 197 147 hat
16187 14868 200 147 bie

13892 15068 420 147 Gestalt
14348 15068 305 147 eines
14760 15068 695 147 lateinischen
15582 15068 528 147 Kreuzes,
16230 15068 138 147 ijt

13877 15252 205 146 mit
14125 15252 688 146 Tuffsteinen
14875 15252 798 146 ausgemauert
15712 15252 245 146 unb
16070 15252 307 146 voll»

13908 15435 415 147 jtändig
14363 15435 525 147 gewölbt.
15030 15435 222 147 In
15363 15435 609 147 bcntjelbcn
16010 15435 317 147 steht

13895 15635 172 147 -in
14110 15635 398 147 großer
14570 15635 1032 147 Steinsarkophag,
15697 15635 271 147 noch
16075 15635 298 147 ganz

13892 15818 126 147 .11
14045 15818 675 147 heibnischen
14812 15818 628 147 römischem
15572 15818 406 147 Style,
16095 15818 278 147 boch

13893 15968 282 147 iihne
14277 15968 508 147 jeglichen
14887 15968 806 147 künstlerischen
15800 15968 570 147 Schmus,

13892 16135 258 147 auch
14207 16135 286 147 ohne
14530 16135 640 147 chrisMches
15207 16135 510 147 Zeichen.
15755 16135 218 147 In
16047 16135 311 147 bem«

13933 16285 307 147 etben
14275 16285 520 147 befinden
14858 16285 197 147 sich
15087 16285 188 147 bie
15357 16285 613 147 Ueberreste
16063 16285 317 147 tind

13900 16452 575 146 Priesters,
14513 16452 299 146 benn
14850 16452 278 146 man
15250 16452 278 146 fanb
15568 16452 404 146 Stücke
16035 16452 338 146 kirch»

13930 16602 258 146 icher
14245 16602 807 146 Gewanbung.
15193 16602 319 146 Dem
15555 16602 457 146 Tobten
16122 16602 250 146 wn«

13888 16768 185 147 ccn
14107 16768 131 147 in
14270 16768 288 147 einer
14595 16768 415 147 kleinen
15047 16768 590 147 Schachtel
15675 16768 225 147 von
15940 16768 425 147 gelbem

13957 16918 446 147 stalle,
14452 16918 173 147 die
14662 16918 273 147 noch
14970 16918 203 147 gut
15213 16918 500 147 erhalten
15752 16918 181 147 ist,
16037 16918 330 147 Rai*

13873 17035 339 183 quten
14248 17035 697 183 beigegeben.

14030 17535 750 147 Luxemburg.
14935 17535 230 147 Am
15208 17535 135 147 6.
15390 17535 320 147 Nov.
15788 17535 367 147 wurde
16193 17535 179 147 die

13913 17685 912 147 Ständekammer
14863 17685 337 147 bnrch
15288 17685 222 147 ben
15617 17685 755 147 Statthalter»

13923 17852 310 146 tfritiz
14275 17852 523 146 Heinrich
14838 17852 189 146 Der
15083 17852 789 146 Niederlande,
15912 17852 201 146 mit
16155 17852 225 146 bc»

13928 18002 764 146 gewöhnlichen
14872 18002 836 146 Formalitäten
15862 18002 506 146 eröffnet.

13908 18168 525 147 Nachdem
14468 18168 187 147 ber
14712 18168 373 147 Prinz
15132 18168 225 147 das
15438 18168 345 147 Htuis
15827 18168 530 147 verlasse»

13932 18318 303 147 satte,
14270 18318 678 147 constituirte
14988 18318 242 147 sich
15268 18318 172 147 die
15497 18318 525 147 Kammer
16127 18318 238 147 iiit1

13898 18485 345 147 ichritt
14283 18485 189 147 zur
14552 18485 361 147 Wahl
14958 18485 314 147 ihres
15313 18485 737 147 Vorstandes.
16115 18485 255 147 Die

14098 18635 719 147 Mitglieder,
14860 18635 170 147 die
15065 18635 475 147 zugegen
15603 18635 419 147 waren,
16062 18635 298 147 ttaf*

13898 18802 230 146 ittctt
14183 18802 380 146 daran
14605 18802 385 146 Theil.
15097 18802 295 146 Herr
15433 18802 335 146 Lessei
15802 18802 308 146 warb
16150 18802 215 146 mit

13965 18968 87 147 4
14095 18968 592 147 Stimmen
14750 18968 247 147 zum
15033 18968 740 147 Präsidenten
15857 18968 515 147 erwählt.

13903 19118 180 147 3«
14128 19118 677 147 Sekretären
14845 19118 458 147 wurden
15367 19118 170 147 die
15573 19118 434 147 Herren
16072 19118 288 147 Co!-

13890 19285 227 147 lart
14163 19285 254 147 und
14458 19285 487 147 Kirpach
14987 19285 250 147 und
15320 19285 140 147 zu
15547 19285 326 147 deren
15978 19285 399 147 Stell«

13897 19435 591 147 Vertretern
14525 19435 178 147 H.
14753 19435 517 147 Bouvi:r
15362 19435 241 147 unb
15678 19435 320 147 Leon
16080 19435 337 147 Metz,

13950 19585 458 147 iiuaylt.

14050 19852 500 146 Garnich
14592 19852 128 146 6.
14815 19852 317 146 Nov.
15200 19852 527 146 Mehrere
15835 19852 547 146 Arbeiten,

13933 20018 334 147 velche
14302 20018 341 147 bieser
14703 20018 327 147 Tage
15072 20018 205 147 auf
15320 20018 258 147 bem
15620 20018 508 147 Hofgute
16172 20002 198 165 bti

13915 20168 283 147 )rn.
14252 20168 288 147 Ant.
14670 20168 520 147 Kirschen
15292 20168 235 147 von
15602 20168 790 147 Großb'vwg.

13942 20335 455 147 Sektion
14475 20335 632 147 Hivingen,
15193 20335 635 147 beschäftigt
15965 20335 422 147 waren,

13960 20485 258 147 inen
14277 20485 686 147 Steinbruch
15003 20485 134 147 zu
15220 20485 545 147 eröffnen,
15805 20485 405 147 stießen
16245 20485 147 147 t»

13960 20652 230 146 :ner
14250 20652 313 146 Tiefe
14627 20652 231 146 von
14898 20652 174 146 40
15115 20652 665 146 Eentitnetcr
15818 20652 322 146 unter
16180 20652 187 146 der

13995 20818 855 147 rd-Oberfläche
14890 20818 207 147 auf
15157 20818 243 147 brei
15442 20818 491 147 Gräber,
15948 20818 177 147 bie
16162 20818 260 147 sich

13940 20968 222 147 iber
14200 20968 190 147 ber
14457 20968 346 147 obern
14875 20968 788 147 Steinfchichte
15788 20968 592 147 befände».

13948 21118 189 147 Die
14188 21118 427 147 Seiten
14658 21118 190 147 der
14910 21118 458 147 Gräber
15465 21118 585 147 bestanden
16155 21118 232 147 ans

13932 21285 811 147 lusgcrichteten
14860 21285 557 147 Steinen,
15502 21285 246 147 und
15855 21285 268 147 diese
16315 21285 78 147 a

13945 21435 330 147 •uiren
14310 21435 212 147 mit
14587 21435 796 147 unbehauenen
15422 21435 700 147 Deckplatten
16182 21435 195 147 ju«

13977 21602 361 146 edcckt.
14468 21602 222 146 In
14728 21568 352 184 einem
15115 21602 193 146 ber
15420 21602 447 146 Gräber
15965 21602 427 146 befand

13945 21752 158 146 ich
14138 21752 245 146 eine
14437 21752 430 146 Lanze,
14907 21718 120 184 in
15153 21752 245 146 bem
15532 21752 478 146 anderen
16143 21752 237 146 war

13965 21918 173 147 ine
14175 21918 340 147 kleine
14573 21918 364 147 Urne.
15083 21885 240 183 Die
15392 21918 495 147 Schädel
15925 21918 240 147 und
16207 21918 183 147 bie

13942 22068 431 147 ihrigen
14415 22068 515 147 Knochen
15048 22068 375 147 waren
15553 22068 824 147 ungewöhnlich

13980 22202 652 183 roß.—Die
14712 22235 358 147 vielen
15182 22235 455 147 Funde,
15757 22235 370 147 welche
16248 22202 134 183 i»

14045 22402 308 146 uerer
14392 22402 255 146 Zeit
14713 22402 207 146 auf
14962 22402 251 146 bem
15250 22402 503 146 Plateau
15813 22402 234 146 Von
16138 22402 234 146 H't-

13913 22518 405 184 oingen
14370 22518 238 184 und
14700 22518 500 184 Dahlem
15323 22552 479 146 gnnacht
15932 22552 456 146 worde»

13925 22685 275 183 iinj,
14240 22718 350 147 lassen
14642 22718 306 147 mehr
14987 22685 190 183 als
15243 22718 852 147 wahrscheinlich
16172 22718 206 147 auf

13918 22868 237 147 eile
14197 22868 510 147 römische
14742 22868 855 147 Niederlassung
15633 22868 129 147 in
15872 22868 535 147 besagter

13917 23035 111 147 E
14057 23035 231 147 'ene
14340 23035 558 147 schließen.
