17193 24342
1163 925 167 239 4

965 1309 2535 476 Nordstern.

968 1909 875 183 Donnerstag,
1907 1909 245 183 den
2217 1909 161 183 3.
2432 1909 526 183 Januar
3038 1909 417 183 1878.

1485 2209 1452 421 18TS+

1147 2809 255 165 Wir
1450 2809 425 165 hoffen,
1952 2809 226 165 daß
2213 2809 179 165 die
2453 2809 342 165 guten
2875 2809 582 165 Wünsche,

982 2992 180 165 die
1198 2992 119 165 so
1387 2992 465 165 reichlich
1907 2992 228 165 von
2175 2992 773 165 Jedermanns
3007 2992 443 165 Mundc

980 3192 298 165 leim
1323 3192 527 165 Beginne
1957 3192 305 165 eines
2317 3192 361 165 neuen
2713 3192 439 165 Jahres
3192 3192 238 165 flie-

980 3375 270 165 ßen,
1352 3375 300 165 offen
1752 3375 246 165 und
2095 3375 392 165 redlich
2582 3375 471 165 gemeint
3133 3375 332 165 seien.

995 3575 472 165 Wenige
1505 3575 588 165 Personen
2132 3575 605 165 wünschen,
2772 3575 223 165 daß
3032 3575 421 165 Andere

995 3759 652 165 unglücklich
1683 3759 229 165 sein
1975 3759 393 165 sollen.
2525 3759 238 165 Sie
2808 3759 410 165 wissen,
3252 3759 218 165 daß

985 3959 302 165 leim
1332 3959 613 165 Schreiben
2063 3959 330 165 dieser
2452 3959 386 165 Zeilen
2915 3959 222 165 das
3173 3959 287 165 Herz

998 4142 204 165 des
1290 4142 1038 165 Zeitungsmannes
2415 4142 513 165 liebevoll
3012 4142 455 165 mitgehi

992 4325 215 165 mit
1252 4325 210 165 den
1565 4325 352 165 vielen
2010 4325 650 165 Freunden,
2763 4325 370 165 welche
3167 4325 216 165 bief

1015 4525 397 165 Worte
1453 4525 289 165 lesen
1800 4525 475 165 werden.
2432 4525 255 165 Wir
2775 4525 373 165 haben
3245 4525 217 165 un-

1000 4725 250 165 fein
1293 4725 565 165 Gefühlen
1897 4725 318 165 schon
2272 4725 136 165 in
2457 4725 185 165 der
2695 4725 360 165 letzten
3088 4725 377 165 Num-

998 4909 234 165 cier
1272 4909 196 165 des
1540 4909 733 165 „Nordstern"
2358 4909 557 165 Ausdruck
2952 4909 511 165 gegeben,

1002 5092 253 165 «nd
1297 5092 530 165 erlauben
1938 5092 235 165 uns
2277 5092 620 165 nochmals,
2993 5092 209 165 mit
3285 5092 185 165 bei

997 5292 351 165 ersten
1382 5292 545 165 Nummer
1993 5292 197 165 des
2242 5292 136 165 in
2427 5292 391 165 diesem
2853 5292 372 165 Jahre
3295 5292 177 165 er-

1005 5475 692 165 scheinenden
1803 5475 734 165 „Nordstern"
2645 5475 222 165 das
2903 5475 555 165 Nämlicht

1003 5675 134 165 W
1203 5675 329 165 thun.
1690 5675 292 165 „Ein
2027 5675 576 165 fröhliches
2640 5675 635 165 Neu-Jahr
3358 5675 124 165 zu

1003 5859 307 165 Euch
1368 5859 462 165 Allen!"
1990 5859 255 165 Wir
2352 5859 426 165 können
2885 5859 218 165 das
3193 5859 287 165 Echo

1005 6059 865 165 zurückkommen
1905 6059 355 165 hören
2337 6059 246 165 und
2625 6059 125 165 es
2812 6059 371 165 erfüllt
3245 6059 215 165 uni

997 6242 221 165 mit
1263 6242 482 165 Freude.
1903 6242 254 165 Wir
2203 6242 439 165 hatten,
2682 6242 476 165 einzelne
3193 6242 247 165 Sa-

1020 6442 290 165 chen
1347 6442 926 165 ausgenommen,
2372 6442 311 165 frohe
2787 6442 395 165 Zeiten
3292 6442 133 165 zu

1007 6625 505 165 fammen
1620 6625 525 165 während
2243 6625 187 165 der
2540 6625 900 165 Vergangenheit

998 6825 320 165 Hure
1358 6825 439 165 Briefe,
1878 6825 277 165 liebe
2192 6825 361 165 Leser,
2657 6825 236 165 voll
2987 6825 228 165 von
3310 6825 142 165 er-

988 7009 760 165 qnunternden
1805 7009 520 165 Worten,
2367 7009 381 165 haben
2785 7009 388 165 unsere
3238 7009 187 165 Be

1008 7209 664 165 mühungen
1710 7209 178 165 für
2003 7209 305 165 euere
2342 7209 848 165 Unterhaltung
3252 7209 236 165 und

997 7392 673 165 Belehrung
1710 7392 595 165 ermuntert
2390 7392 247 165 und
2678 7392 480 165 spornen
3245 7392 232 165 uns

1003 7592 224 165 *m,
1345 7592 167 165 im
1608 7592 709 165 kommenden
2420 7592 238 165 Jah
2698 7592 412 165 gange
3212 7592 271 165 noch

1012 7775 303 165 mehr
1352 7775 726 165 Freude-und
2140 7775 827 165 Zufriedenheit
3023 7775 135 165 zu
3237 7775 183 165 ver

1000 7975 573 165 Ursachen.
1727 7975 363 165 Wollt
2135 7975 247 165 Ihr
2440 7975 490 165 glücklich
2995 7975 245 165 und
3280 7975 200 165 zu-

1002 8175 431 165 frieden
1472 8175 166 165 im
1682 8175 493 165 nächsten
2232 8175 375 165 Jahre
2648 8175 319 165 sein?
3095 8175 347 165 Lerne

1005 8359 363 165 diesen
1478 8359 462 165 Spruch
2068 8359 212 165 mit
2370 8359 292 165 Herz
2765 8359 247 165 und
3090 8359 312 165 That

983 8559 284 165 Nur
1315 8559 255 165 Der
1615 8559 400 165 erfreut
2053 8559 232 165 sich
2320 8559 305 165 selbst
2742 8559 193 165 am
3012 8559 436 165 meisten

1005 8742 195 165 der
1258 8742 454 165 Andern
1767 8742 171 165 die
2010 8742 385 165 größte
2432 8742 440 165 Freude
2910 8742 497 165 bereitet.

1160 8925 1143 165 Neujahrsgedanken
2417 8925 250 165 sind
2787 8925 691 165 hoffnungs-

1013 9125 282 165 reich
1330 9125 238 165 und
1633 9125 495 165 fröhlich,
2228 9125 329 165 sowie
2593 9125 257 165 wir,
2897 9125 586 165 beachtend

962 9309 220 165 .die
1218 9309 430 165 Lehren
1730 9309 183 165 der
2008 9309 955 165 Vergangenheit,
3058 9309 139 165 in
3295 9309 188 165 her

1003 9509 720 165 geschäftigen
1758 9509 687 165 H?genwart
2483 9509 565 165 vorwärts
3090 9509 310 165 schrei

982 9709 256 165 Ich,
1283 9709 452 165 bestrebt
1770 9709 803 165 auszufinden,
2670 9709 250 165 was
2998 9709 177 165 die
3212 9709 248 165 Zu-

998 9892 315 165 fünft
1358 9892 180 165 für
1603 9892 237 165 uns
1880 9892 138 165 in
2092 9892 358 165 ihrem
2528 9892 527 165 Schooße
3127 9892 353 165 birgt.

993 10092 374 165 Möge
1407 10092 185 165 sie,
1677 10092 276 165 diese
2007 10092 551 165 Zukunft,
2642 10092 243 165 eine
2920 10092 545 165 glücklich-

990 10292 240 165 Hirt
1295 10292 628 165 gedeihliche
1982 10292 180 165 für
2205 10292 295 165 Alle,
2582 10292 326 165 sowie
2962 10292 270 165 auch
3292 10292 180 165 für

983 10475 399 165 «nsere
1417 10475 360 165 lieben
1832 10475 310 165 Leser
2200 10475 280 165 sein,
2558 10475 227 165 von
2825 10475 348 165 denen
3282 10475 188 165 wir

995 10659 275 165 viele
1308 10659 247 165 zum
1620 10659 340 165 ersten
1993 10659 345 165 Male
2450 10659 612 165 begrüßen.
3217 10659 146 165 W

978 10859 492 165 Nnnten
1512 10859 185 165 der
1757 10859 611 165 Ereignisse
2405 10859 203 165 des
2733 10859 312 165 jetzt
3123 10859 334 165 abge-

970 11042 550 165 Laufenen
1600 11042 453 165 Jahres
2152 11042 210 165 mit
2470 11042 630 165 gemischten
3178 11042 275 165 Em-

970 11242 722 165 Ifindungen
1792 11242 201 165 dvS
2083 11242 754 165 Vergnügens
2925 11242 248 165 und
3265 11242 198 165 des

988 11442 654 165 Schmerzes
1698 11442 582 165 gedenken,
2315 11442 298 165 denn
2673 11442 127 165 es
2878 11442 235 165 war
3195 11442 268 165 reich

987 11642 168 165 an
1197 11642 733 165 Ereignissen,
1987 11642 251 165 und
2280 11642 430 165 Freude
2747 11642 245 165 und
3057 11642 413 165 Sorge

898 11825 690 165 .Wechselten
1622 11825 135 165 in
1803 11825 214 165 den
2117 11825 811 165 Erfahrungen
3017 11825 438 165 unserer

973 12025 317 165 Leser
1325 12025 243 165 und
1678 12025 274 165 un'e
2065 12025 350 165 selbst.
2568 12025 554 165 Gewinne
3217 12025 255 165 und

982 12209 505 165 Verluste
1542 12209 395 165 füllten
1978 12209 237 165 ihre
2255 12209 738 165 betreffenden
3060 12209 388 165 Spal-

980 12409 192 165 ten
1210 12409 163 165 im
1488 12409 1157 165 GrschAflstagebuch,
2743 12409 207 165 wie
3042 12409 353 165 Ueber

973 12592 939 165 ßchwemmungen
2012 12592 245 165 und
2335 12592 533 165 Trockniß
2968 12592 205 165 auf
3270 12592 185 165 der

982 12792 430 165 ganzen
1448 12792 832 165 Erdoberfläche
2317 12792 240 165 sich
2593 12792 220 165 das
2880 12792 517 165 Gleichge

977 12975 313 165 wicht
1328 12975 457 165 hielten.
1943 12975 327 165 Doch
2308 12975 205 165 wir
2612 12975 361 165 ziehen
3030 12975 123 165 es
3212 12975 255 165 vor,

970 13175 243 165 uns
1287 13175 215 165 den
1572 13175 606 165 Pflichten,
2265 13175 860 165 Gelegenheiten
3213 13175 249 165 und

973 13359 139 165 $
1153 13359 354 165 beiten
1612 13359 188 165 der
1905 13359 680 165 Gegenwart
2693 13359 767 165 zuzuwenden,

970 13559 255 165 «nd
1322 13559 378 165 hoffen
1795 13559 810 165 zuversichtlich,
2712 13559 221 165 daß
3035 13559 425 165 unsere,

967 13742 336 165 fowie
1367 13742 118 165 so
1545 13742 373 165 Vieler
2003 13742 577 165 Wünsche,
2662 13742 225 165 daß
2973 13742 482 165 nämlich

975 13942 675 165 Wohlstand
1690 13942 243 165 und
2020 13942 398 165 Friede
2518 13942 135 165 in
2750 13942 307 165 eines
3147 13942 300 165 Jeg-

968 14125 355 165 lichen
1360 14125 347 165 Haus
1815 14125 567 165 einkehren
2433 14125 475 165 werden,
3007 14125 196 165 sich
3297 14125 160 165 im

933 14309 619 165 ..künftigen
1605 14309 370 165 Jahre
2082 14309 788 165 verwirklichen
2907 14309 543 165 möchten.

1333 14592 1824 220 Weiber-Stimmrecht.

1123 14942 250 165 Die
1418 14942 1747 165 Weiber-Stimmrechtlerinnen
3203 14942 239 165 sind

970 15142 397 147 Wieder
1425 15125 327 165 eifrig
1793 15125 159 165 an
2008 15125 184 165 der
2253 15125 377 165 Arbeit
2670 15125 182 165 für
2895 15125 178 165 ihr
3118 15125 322 165 sechs-

967 15325 446 165 zehntes
1525 15325 782 165 Amendement
2418 15325 192 165 zur
2720 15325 722 165 Bundesver-

980 15509 493 165 fassung.
1510 15509 218 165 das
1797 15509 335 165 ihnen
2170 15509 222 165 das
2458 15509 352 165 aktive
2847 15509 245 165 und
3188 15509 209 165 Pas

978 15709 214 165 jtoe
1252 15709 620 165 Wahlrecht
1908 15709 427 165 sichern
2372 15709 256 165 soll.
2828 15709 309 165 Nach
3248 15709 207 165 den

960 15892 420 165 Ferien
1513 15892 205 165 soll
1877 15892 181 165 ein
2267 15892 393 165 großer
2773 15892 679 165 Sturmlauf

982 16075 351 165 gegen
1387 16075 215 165 den
1653 16075 522 165 Congreß
2212 16075 668 165 ausgeführt
2992 16075 471 165 werden,

973 16275 252 165 und
1267 16275 168 165 sie
1472 16275 365 165 haben
1925 16275 135 165 zu
2162 16275 395 165 diesem
2683 16275 412 165 Zwecke
3227 16275 233 165 eine

985 16459 433 165 Weiber
1598 16459 712 165 Convention
2377 16459 270 165 nach
2705 16459 753 165 Washington

963 16659 699 165 «inberufen.
1917 16659 178 165 Es
2137 16659 133 165 ist
2327 16659 250 165 nun
2655 16659 293 165 zwar
2987 16659 291 165 nicht
3317 16659 126 165 zn

963 16842 550 165 .fürchten,
1607 16859 223 146 daß
1958 16842 174 165 die
2275 16842 855 165 Blaustrümpfe
3257 16842 206 165 mii

978 17025 355 165 ihrem
1372 17025 383 165 Plane
1797 17025 290 165 beim
2143 17025 527 165 Congreß
2737 17025 416 165 Erfolg
3240 17025 205 165 ha-

983 17225 215 165 ten
1240 17225 470 165 werden.
1882 17225 286 165 Aber
2225 17225 122 165 es
2437 17225 128 165 ist
2672 17225 235 165 sehr
3035 17225 390 165 richtig

963 17409 347 165 Nenn
1350 17409 173 165 die
1592 17409 445 165 „Westl.
2077 17409 356 165 Post"
2555 17409 177 165 die
2865 17409 600 165 Agitation

965 17609 198 165 der
1223 17609 1224 165 Stimmrechtlerinnen
2487 17609 196 165 auf
2723 17609 219 165 das
2980 17609 402 165 Nichts

968 17792 299 165 Hun
1312 17792 248 165 und
1602 17792 686 165 Langeweile
2415 17792 665 165 zurückführt
3215 17792 240 165 und

980 17992 297 165 jagt,
1320 17992 230 165 daß
1587 17992 451 165 dieselbe
2072 17992 275 165 bloß
2405 17992 225 165 von
2670 17992 472 165 Frauen
3262 17992 198 165 be-

970 18175 430 165 trieben
1440 18175 328 165 wird,
1828 18175 174 165 die
2038 18175 367 165 keinen
2490 18175 597 165 Haushalt
3193 18175 245 165 füh-

975 18359 252 165 ren,
1268 18359 474 165 sondern
1808 18359 515 165 gewohnt
2450 18359 292 165 sind,
2873 18359 214 165 den
3195 18359 267 165 Tag

972 18559 213 165 mit
1228 18559 697 165 Schaukeln,
2012 18559 181 165 ein
2275 18559 442 165 bischen
2798 18559 384 165 Lesen,
3283 18559 175 165 ein

975 18742 442 165 tischen
1477 18742 930 165 Ausgehcn^und
2510 18742 220 165 viel
2832 18742 621 165 Schwatzen

1000 18909 793 165 zuzubringen.

1150 19092 482 165 Sollten
1737 19092 276 165 diese
2088 19092 474 165 Frauen
2720 19092 455 165 wirklich
3278 19092 172 165 ihr

975 19275 268 165 Zicl
1292 19275 565 165 erreichen,
1892 19275 118 165 so
2078 19275 452 165 würden
2568 19275 230 165 sie,
2865 19275 338 165 meint
3262 19275 176 165 ge-

978 19475 505 165 nannte»
1567 19475 400 165 Blatt,
2017 19475 341 165 grade
2450 19475 467 165 deßhalb
2972 19475 188 165 am
3267 19475 181 165 ge-

987 19675 683 165 jährlichsten
1803 19675 474 165 werden,
2358 19675 252 165 weil
2652 19675 188 165 sie
2882 19675 266 165 über
3290 19675 163 165 die

980 19859 520 165 Männer
1608 19859 212 165 den
1912 19859 528 165 Vortheil
2523 19859 434 165 voraus
3052 19859 408 165 haben,

968 20042 240 165 daß
1247 20042 146 165 sie
1453 20042 287 165 nicht
1777 20042 200 165 wie
2040 20042 275 165 diese
2363 20042 207 165 mit
2643 20042 789 165 Berufsarbeit

980 20225 187 165 teil
1297 20225 245 165 und
1582 20225 816 165 Lebenssorgen
2485 20225 598 165 überhäuft
3122 20225 271 165 sind

977 20425 240 165 unb
1273 20425 194 165 sich
1528 20425 115 165 so
1695 20425 185 165 der
1968 20425 427 165 Politik
2482 20425 660 165 vollständig
3182 20425 266 165 hin-

982 20609 346 165 geben
1382 20609 241 165 und
1663 20609 185 165 der
1917 20609 425 165 ganzen
2377 20609 573 165 Maschine
3020 20642 188 128 sich
3260 20609 182 165 be-

962 20809 630 165 «tüchtigen
1630 20809 522 165 könnten.
2240 20809 322 165 „Wir
2610 20809 500 165 genössen
3142 20809 303 165 dann

968 20992 317 165 eines
1343 20992 1092 165 Amazonenreiches.
2578 20992 249 165 Die
2945 20992 505 165 Männer

970 21175 395 165 lhäten
1405 21175 177 165 die
1648 21175 385 165 Arbeit
2073 21175 245 165 und
2358 21175 175 165 die
2568 21175 432 165 Weiber
3037 21175 401 165 regier-

973 21375 300 165 ten."
1433 21375 359 165 „Daß
1920 21375 123 165 es
2102 21375 426 165 einmal
2620 21375 242 165 und
2902 21375 285 165 zwar
3327 21375 126 165 in

967 21559 290 165 nicht
1370 21559 135 165 zu
1560 21559 357 165 ferner
2027 21559 500 165 Zukunft
2567 21559 286 165 dazu
2972 21559 485 165 kommen

973 21759 454 165 werde,"
1535 21759 220 165 das
1842 21759 410 165 möchte
2337 21759 175 165 die
2615 21759 458 165 „Westl.
3115 21759 340 165 Post"

968 21975 289 129 nicht
1388 21975 429 129 einmal
1892 21942 196 165 als
2173 21942 634 165 undenkbar
2942 21942 521 165 erklären.

973 22125 240 165 „Es
1273 22125 410 165 wäre",
1782 22125 440 165 schreibt
2257 22125 230 165 sie,
2567 22125 263 165 „am
2873 22125 325 165 Ende
3237 22125 205 165 nur

965 22325 182 165 die
1277 22325 460 165 logische
1832 22325 373 165 Folge
2345 22325 453 165 unseres
2935 22325 533 165 Systems

978 22509 660 165 öffentlicher
1692 22509 688 165 Erziehung,
2482 22509 205 165 wie
2723 22509 122 165 es
2912 22509 271 165 nach
3235 22509 238 165 und

963 22692 285 165 n.ch
1307 22692 328 165 wir).
1790 22692 375 165 Wenn
2203 22692 277 165 man
2583 22692 179 165 die
2853 22692 344 165 ganze
3230 22692 220 165 Er-

1333 22975 109 92 !ß

1503 22892 185 165 dcr
1725 22892 492 165 I:ig:nd
2267 22892 185 165 bis
2492 22892 248 165 zum
2775 22892 685 165 achtzehnten

3530 559 812 165 ZNKMM

3522 1325 236 165 und
3798 1325 715 165 zwanzigsten
4572 1325 371 165 Jahre
4985 1325 137 165 in
5142 1325 181 165 die
5360 1325 413 165 Hände
5812 1325 188 165 der

3540 1509 425 165 Weiber
4087 1509 281 165 legt,
4458 1509 252 165 und
4752 1509 220 165 daS
5072 1509 136 165 ist
5245 1509 178 165 die
5557 1509 440 165 heutige

3545 1709 543 165 Tendenz,
4123 1709 317 165 dann
4498 1709 289 165 wird
4860 1709 280 165 man
5180 1709 128 165 eS
5385 1709 285 165 bald
5712 1709 281 165 nicht

3533 1892 292 165 mehr
3882 1892 191 165 als
4113 1892 204 165 ciit
4362 1892 651 165 besonderes
5048 1892 657 165 Verlangen
5798 1892 194 165 be-

3537 2092 515 165 trachten,
4173 2092 325 165 wenn
4602 2092 175 165 die
4813 2092 442 165 Weiber
5373 2092 282 165 auch
5775 2092 215 165 den

3548 2275 429 165 Mann,
3993 2275 212 165 den
4238 2275 150 165 sie
4420 2275 880 165 herangebildet,
5318 2275 687 165 beherrschen

3567 2459 365 165 vollen
3970 2459 252 165 und
4263 2459 134 165 in
4443 2459 189 165 der
4683 2459 320 165 That
5048 2459 797 165 beherrschen."

3897 2725 956 220 Temperenz
4998 2725 664 220 Wesen.

3697 3059 255 165 Wie
3993 3059 204 165 wir
4307 3059 225 165 aus
4640 3059 932 165 glaubwürdigen
5610 3059 382 165 Quel-

3540 3259 178 165 len
3815 3259 697 165 vernehmen,
4605 3259 132 165 ist
4840 3259 273 165 auch
5208 3259 140 165 in
5398 3259 600 165 Brooklyn

3548 3459 164 165 )ie
3753 3459 709 165 Wirthshetze
4522 3459 863 165 ausgebrochen.

3687 3642 250 165 Die
3982 3642 765 165 sogenannten
4805 3642 1210 165 Temperenz-Spione

3557 3842 398 165 zeigten
3988 3842 200 165 sich
4248 3842 134 165 in
4428 3842 189 165 der
4652 3842 365 165 letzten
5077 3842 315 165 Zeit,
5485 3842 527 165 nament-

3548 4025 195 165 lich
3877 4025 158 165 an
4168 4025 757 165 Sonntagen,
5075 4025 938 165 außerordentlich

3552 4209 401 165 ihdtig,
3995 4209 248 165 nnd
4283 4209 359 165 setzten
4697 4209 328 165 somit
5085 4209 327 165 ihren
5452 4209 500 165 Oberau

3555 4409 365 165 führer
3958 4409 404 165 Sotter
4450 4409 138 165 in
4668 4409 215 165 den
4940 4409 462 165 Stand,
5485 4409 213 165 den
5797 4409 216 165 Ac-

3550 4592 1073 165 cise-Commiffären
4727 4592 236 165 eine
5045 4592 347 165 lange
5430 4592 283 165 Liste
5797 4592 223 165 von

3565 4792 508 165 Wirthen
4205 4792 712 165 vorzulegen,
5043 4792 370 165 welche
5447 4792 263 165 sich
5833 4792 184 165 der

3562 4975 795 165 Übertretung
4398 4975 197 165 des
4650 4975 918 165 Aeeise-Gesetzes
5675 4975 337 165 fchul-

3562 5175 186 165 dig
3852 5175 476 165 gemacht
4430 5175 440 165 hatten.
5055 5175 410 165 Botter
5580 5175 443 165 prahlte

3565 5375 532 165 öffentlich
4133 5375 407 165 damit,
4582 5375 226 165 daß
4867 5375 110 165 er
5028 5375 134 165 in
5208 5375 495 165 kürzester
5737 5375 288 165 Frist

3565 5559 253 165 zwei
3853 5559 454 165 Drittel
4315 5559 187 165 der
4538 5559 137 165 in
4693 5559 600 165 Brooklyn
5335 5559 693 165 bestehenden

3568 5759 845 165 Wirtschaften
4455 5759 633 165 geschloffen
5180 5759 250 165 und
5472 5759 173 165 die
5703 5759 319 165 Wir-

3572 5942 165 165 the
3790 5942 530 165 verhaftet
4357 5942 371 165 haben
4800 5942 413 165 wollte.
5338 5942 395 165 Gegen
5770 5942 252 165 153

3572 6142 433 165 Wirthe
4045 6142 283 165 habe
4363 6142 109 165 er
4527 6142 408 165 bereits
4973 6142 174 165 die
5183 6142 827 165 erforderlichen

3552 6342 490 165 Beweise
4078 6342 137 165 in
4263 6342 217 165 den
4517 6342 538 165 Händen.

3715 6525 342 165 Ganz
4155 6525 390 165 richtig
4643 6525 272 165 über
5032 6525 348 165 dieses
5482 6525 545 165 Unwesen

3558 6725 342 165 drückt
3935 6725 263 165 sich
4238 6725 307 165 eines
4663 6725 440 165 unserer
5160 6725 863 165 Wechselblätter

3563 6909 965 165 folgendermaßen
4565 6909 310 165 aus:

3718 7092 310 165 „Der
4073 7092 572 165 miserable
4682 7092 588 165 nationale
5273 7092 552 165 Humbug
5843 7092 182 165 der

3567 7292 1335 165 Temperenz-Agitation
4940 7292 352 165 macht
5327 7292 228 165 sich
5590 7292 195 165 bis
5827 7292 186 165 zur

3567 7492 481 165 obersten
4175 7492 675 165 nationalen
4973 7492 522 165 Behörde
5618 7492 402 165 hinauf

3552 7675 340 165 breit,
3935 7675 250 165 und
4227 7675 223 165 nur
4493 7675 524 165 deshalb,
5055 7675 252 165 weil
5348 7675 185 165 ein
5648 7675 389 165 großer

3572 7875 330 165 2Heil
3942 7875 188 165 der
4167 7875 825 165 Landesväter,
5055 7875 203 165 wie
5347 7875 701 165 Holzhacker,

3567 8075 195 165 sich
3793 8075 167 165 im
4022 8075 488 165 Genuffe
4548 8075 230 165 von
4883 8075 525 165 geistigen
5533 8075 445 165 Geträn

3570 8259 187 165 ten
3795 8259 285 165 nicht
4147 8259 133 165 zu
4315 8259 685 165 beherrschen
5083 8259 590 165 verstehen.
5805 8259 238 165 Im

3565 8442 473 165 Capitol
4113 8442 137 165 in
4352 8442 763 165 Washington
5233 8442 492 165 bestehen
5850 8442 190 165 seit

3562 8642 278 165 alter
3878 8642 257 165 Zeit
4153 8642 985 165 Restaurationen,
5177 8642 370 165 welche
5580 8642 227 165 von
5828 8642 210 165 den

3570 8825 637 165 Vertretern
4245 8825 242 165 und
4527 8825 516 165 anderem
5112 8825 350 165 Volke
5500 8825 525 165 während

3560 9025 210 165 den
3825 9025 630 165 Sitzungen
4573 9025 422 165 besucht
5102 9025 476 165 werden.
5782 9025 233 165 Be-

3558 9209 537 165 kanntlich
4152 9209 230 165 war
4422 9209 141 165 in
4643 9209 517 165 früheren
5263 9209 454 165 Jahren
5815 9209 215 165 das

3562 9409 881 165 entwürdigende
4500 9409 678 165 Schattspiel
5278 9409 354 165 öfters
5763 9409 269 165 auf-

3560 9592 487 165 geführt,
4087 9592 223 165 daß
4347 9592 648 165 betrunkene
5050 9592 960 165 Repräsentanten

3555 9792 237 165 und
3832 9792 666 165 Senatoren
4557 9792 136 165 in
4742 9792 403 165 offener
5225 9792 492 165 Sitzung
5778 9792 237 165 An-

3560 9975 225 165 stoß
3835 9975 537 165 erregten.
4527 9975 443 165 Anstatt
5010 9975 263 165 aber
5338 9975 177 165 die
5622 9975 388 165 Trun-

3555 10175 507 165 kenbolde
4187 10175 186 165 der
4508 10175 679 165 öffentlichen
5315 10175 707 165 Verachtung

3547 10375 831 165 preiszugeben,
4415 10375 375 165 wurde
4847 10375 346 165 gegen
5297 10375 173 165 die
5582 10375 428 165 Wirth-

3555 10559 462 165 schaften
4050 10559 667 165 losgezogen
4778 10559 247 165 und
5128 10559 447 165 voriges
5705 10559 310 165 Jahr

3550 10742 237 165 kam
3822 10742 181 165 ein
4073 10742 537 165 Beschluß
4647 10742 133 165 in
4827 10742 386 165 beiden
5248 10742 527 165 Häusern
5813 10742 194 165 zur

3552 10942 631 165 Annahme,
4222 10942 226 165 daß
4485 10942 137 165 in
4670 10942 220 165 den
4985 10942 525 165 Congreß
5737 10942 273 165 Sa-

3543 11125 340 165 loons
3923 11125 285 165 keine
4277 11125 513 165 geistigen
4880 11125 597 165 Getränke,
5515 11125 487 165 verkauft

3552 11325 413 165 werden
3998 11325 497 165 dürften.
4643 11325 214 165 In
4898 11325 184 165 der
5143 11325 567 165 Senats-
5760 11325 242 165 Re-

3545 11525 618 165 stauration
4220 11525 280 165 wird
4542 11525 390 165 diesem
4965 11525 547 165 Beschluß
5618 11525 394 165 gemäß

3542 11725 263 165 auch
3933 11725 242 165 kein
4303 11725 502 165 geistiges
4897 11725 498 165 Getränk
5480 11725 532 165 verkauft,

3545 11909 515 165 verlangt
4130 11909 273 165 affer
4493 11909 525 165 Jemand
5100 11909 365 165 eine
5530 11909 520 165 Tasse

3530 12092 548 165 kalten
4202 12092 450 165 Thee,
4775 12092 120 165 so
5028 12092 357 165 erhält
5518 12092 112 165 er
5767 12092 240 165 eine

3533 12292 585 165 Obertasse
4252 12292 236 165 voll
4618 12292 547 165 Whisky!
5327 12292 363 165 Wclch
5822 12292 181 165 ein

3542 12475 363 165 Volk!
3987 12475 200 165 wie
4223 12475 294 165 kann
4575 12475 282 165 man
4897 12475 203 165 auf
5165 12475 240 165 eine
5500 12475 503 165 Regene-

3592 12675 323 165 ation
3957 12675 428 165 hoffen,
4423 12675 329 165 wenn
4808 12675 174 165 die
5037 12675 398 165 oberste
5467 12675 523 165 Landes-

3538 12859 455 165 deHörde
4055 12859 350 165 einem
4442 12859 418 165 solchen
4917 12859 655 165 miserablen
5608 12859 384 165 Hum-

3538 13075 222 165 öug
3797 13075 221 165 sich
4053 13075 557 165 hingibt."

3925 13392 447 220 Was
4432 13392 590 220 kommt
5113 13392 514 220 noch?

3690 13742 273 165 Jetzt
4018 13742 125 165 ist
4205 13742 263 165 auch
4525 13742 193 165 auf
4780 13742 552 165 Anstiften
5370 13742 200 165 des
5605 13742 382 165 Herrn

3527 13925 500 165 Layard,
4048 13925 620 165 britischen
4708 13925 767 165 Botschafters
5513 13925 130 165 in
5673 13925 325 165 Eon»

3538 14125 705 165 stantinopel,
4282 14125 230 165 von
4552 14125 185 165 der
4800 14125 410 165 Pforte
5252 14125 180 165 ein
5527 14125 451 165 offiziel-

3538 14309 159 165 les
3732 14309 418 165 Gesuch
4213 14309 155 165 an
4407 14309 221 165 das
4667 14309 515 165 englische
5215 14309 768 165 Ministerium

3538 14492 600 165 ergangen,
4285 14492 240 165 eine
4672 14492 1330 165 Friedensvermittelnng

3547 14692 480 165 zwischen
4232 14692 181 165 ihr
4647 14692 246 165 und
5085 14692 555 165 Rußland
5848 14692 130 165 zu

3538 14875 774 165 übernehmen.
4467 14875 256 165 Wie
4810 14875 278 165 diese
5140 14875 843 165 Aufforderung

3533 15075 855 165 aufgenommen
4443 15075 422 165 wurde,
4930 15075 443 165 bezeugt
5460 15075 185 165 der
5702 15075 286 165 Um-

3540 15259 355 165 stand,
3930 15259 227 165 daß
4215 15259 313 165 schon
4582 15259 188 165 am
4808 15259 220 165 18.
5052 15259 605 165 Dezember
5693 15259 307 165 Lord

3542 15442 385 165 Derby
3983 15442 235 165 eine
4288 15442 300 165 Note
4692 15442 268 165 nach
5017 15442 235 165 St.
5305 15442 708 165 Petersburg

3537 15642 603 165 abgesandt
4175 15642 253 165 hat.
4472 15642 133 165 in
4652 15642 421 165 welcher
5123 15642 172 165 die
5330 15642 653 165 Regierung

3535 15825 192 165 des
3783 15825 430 165 Czaren
4250 15825 750 165 aufgefordert
5073 15825 324 165 wird,
5497 15825 175 165 die
5750 15825 242 165 Be-

3533 16025 647 165 dingungen
4235 16025 135 165 zu
4467 16025 411 165 stellen,
4972 16025 325 165 unter
5388 16025 352 165 denen
5830 16025 168 165 sie

3530 16225 472 165 Frieden
4040 16225 500 165 schließen
4618 16225 364 165 wolle.

3683 16392 309 165 Nach
4028 16392 585 165 Empfang
4708 16392 329 165 dieser
5140 16392 303 165 Note
5548 16392 444 165 äußerte

3558 16592 172 165 'ich
3857 16592 388 165 Kaiser
4347 16592 600 165 Alexander
5057 16592 300 165 selbst
5443 16592 139 165 zu
5682 16592 295 165 einer

3525 16775 810 165 Petersburger
4480 16775 732 165 Deputation
5367 16775 625 165 folgender-

3532 16992 485 165 maßen:

3693 17175 609 165 „Enzland
4430 17175 468 165 wünscht
5057 17175 498 165 offenbar
5688 17175 315 165 einen

3535 17359 358 165 Druck
3948 17359 197 165 auf
4203 17359 382 165 unsere
4618 17359 900 165 Aktionsfreihcit
5582 17359 413 165 auszu-

3535 17542 337 165 üben.
4027 17542 375 165 Allein
4443 17542 199 165 auf
4702 17542 970 165 Bermittelungen
5712 17542 275 165 wer-

3542 17742 196 165 den
3798 17742 200 165 wir
4077 17742 238 165 uns
4357 17742 288 165 nicht
4758 17742 527 165 einlaffen
5323 17742 245 165 und
5663 17742 342 165 gegen

3538 17942 942 165 Interventionen
4520 17942 265 165 sind
4825 17942 198 165 wir
5065 17942 688 165 gewaffnet."

3683 18125 244 165 Die
3972 18125 476 165 offiziöse
4567 18125 236 165 St.
4840 18125 812 165 Petersburger
5735 18125 260 165 Zei-

3532 18309 293 165 iung
3868 18309 260 165 aber
4165 18309 382 165 spricht
4583 18309 265 165 noch
4882 18309 618 165 deutlicher:
5563 18309 440 165 „Wenn

3532 18509 536 165 England
4335 18509 117 165 so
4562 18509 246 165 sagt
4845 18509 188 165 sie
5283 18509 384 165 unsere
5770 18509 222 165 Er-

3535 18692 293 165 folge
3932 18692 330 165 durch
4298 18692 787 165 Einmischung
5145 18692 477 165 hindern
5730 18692 280 165 will,

3537 18875 108 165 so
3708 18875 277 165 wird
4027 18875 556 165 Rußland
4623 18875 187 165 als
4872 18875 578 165 Züchtiger
5507 18875 190 165 der
5752 18875 241 165 ver-

3527 19075 750 165 brecherischen
4360 19075 600 165 englischen
5037 19075 450 165 Nation
5575 19075 422 165 auftre'

3532 19259 225 165 ten.
4022 19259 596 165 Dieselben
4782 19259 1225 165 Kosackenregimenter,

3533 19459 364 165 welche
3928 19459 264 165 sich
4347 19459 326 165 unter
4713 19459 249 165 dem
5097 19459 480 165 Einfluß
5703 19459 295 165 einer

3537 19659 495 165 strengen
4067 19659 596 165 regulären
4782 19659 601 165 Disciplin
5428 19659 569 165 gleichsam

3600 19842 520 165 pathisch,
4222 19842 331 165 kaum
4637 19842 326 165 durch
5000 19842 652 165 Bulgarien
5762 19842 250 165 und

3522 20025 633 165 Kleinasien
4285 20025 562 165 vorwärts
4935 20025 520 165 schieben,
5577 20025 428 165 werden

3530 20225 190 165 sich
3772 20225 133 165 in
3952 20225 175 165 die
4228 20225 229 165 von
4497 20225 803 165 aufgehäuften
5393 20225 597 165 Reichtü-

3532 20409 305 165 mern
3873 20409 699 165 strotzenden
4608 20409 437 165 Länder
5130 20409 523 165 Indiens
5698 20409 297 165 stür-

3678 20592 85 165 i.
3920 20592 270 165 Jetzt
4247 20592 198 165 hat
4485 20592 218 165 das
4760 20592 488 165 russische
5280 20592 718 165 Kriegsgesetz

3533 20792 212 165 das
3782 20792 1058 165 Privateigenthum
4918 20792 430 165 sowohl
5387 20792 183 165 der
5607 20792 403 165 christ-

3528 20975 385 165 lichen,
4035 20975 187 165 als
4262 20975 188 165 der
4552 20975 1078 165 mohamedanischen
5748 20975 247 165 Be-

3532 21175 595 165 völkerung
4163 21175 389 165 streng
4590 21175 535 165 geschützt,
5158 21175 252 165 weil
5452 21175 173 165 die
5662 21175 348 165 rufst1

3532 21359 288 165 schen
3930 21359 543 165 Truppen
4513 21359 222 165 das
4828 21359 335 165 Land
5205 21359 198 165 des
5512 21359 486 165 Feindes

3523 21559 202 165 mit
3767 21559 438 165 idealen
4213 21559 830 165 Bestrebungen
5080 21559 473 165 betreten
5590 21559 375 165 haben

3535 21742 307 165 dann
3880 21742 260 165 aber
4215 21742 432 165 werden
4748 21742 430 165 sowohl
5217 21742 176 165 die
5448 21742 310 165 Ziele
5798 21742 190 165 als

3535 21925 167 165 die
3757 21925 210 165 Art
4012 21925 185 165 der
4292 21925 920 165 Kriegsführung
5252 21925 415 165 anders
5732 21925 271 165 sein.

3543 22125 267 165 Jetzt
3845 22125 355 165 hören
4260 22125 200 165 wir
4503 22125 357 165 nichts
4975 22125 228 165 von
5243 22125 752 165 Partisanen-

3537 22292 395 165 ziigen,
3968 22292 317 165 dann
4390 22292 260 165 aber
4743 22292 425 165 werden
5203 22292 179 165 die
5487 22292 526 165 Platow,

3547 22492 870 165 Tschernischew,
4620 22492 708 165 Dawydow,
5538 22492 477 165 Orlow,

3548 22675 630 165 Sseslawin
4235 22675 228 165 von
4503 22675 432 165 Neuem
5038 22675 675 165 auferstehen
5768 22675 247 165 und

3543 22875 182 165 ein
3762 22875 325 165 neuer
4160 22875 513 165 Jermart
4740 22875 280 165 wird
5108 22875 452 165 Indien
5605 22875 138 165 zu
5798 22875 214 165 den

6242 3009 303 165 Was
6587 3009 263 165 sich
6947 3009 438 165 daraus
7478 3009 357 165 weiter
7948 3009 614 165 entwickeln

6092 3242 371 165 wird?

6078 3625 609 165 Hoffnung
6728 3625 597 165 hingeben,
7408 3625 187 165 der
7632 3625 485 165 Frieden
8213 3625 352 165 werde

6092 3809 431 165 daraus
6603 3809 574 165 erblühen.
7340 3809 268 165 Wer
7712 3809 180 165 die
8000 3809 568 165 Stellung

6087 4009 243 165 und
6452 4009 216 165 den
6797 4009 608 165 Charakter
7540 4009 183 165 der
7860 4009 707 165 handelnden

6085 4192 930 165 Hauptpersonen
7118 4192 369 165 kennt,
7585 4192 372 165 durfte
8038 4192 219 165 das
8315 4192 242 165 Ge-

6098 4392 480 165 gentheil
6617 4392 178 165 für
6897 4392 246 165 weit
7235 4392 975 165 wahrscheinlicher
8302 4392 211 165 hal

6093 4592 232 165 ten.

6240 4759 367 165 Denn
6648 4759 185 165 der
6890 4759 343 165 Russe
7287 4759 286 165 will,
7652 4759 226 165 daß
7960 4759 190 165 der
8213 4759 362 165 Türke

6093 4959 204 165 vor
6337 4959 241 165 ihm
6618 4959 135 165 zu
6815 4959 412 165 Kreuze
7263 4959 419 165 kriecht.
7852 4959 276 165 Und
8170 4959 233 165 daß
8462 4959 106 165 er

6088 5142 240 165 ihm
6370 5142 337 165 dabei
6745 5142 213 165 den
7018 5142 414 165 dritten
7508 5142 347 165 Theil
7898 5142 350 165 seines
8282 5142 275 165 Rei-

6102 5342 246 165 ches
6380 5342 202 165 auf
6643 5342 245 165 dem
6923 5342 902 165 Präsentirteller
7942 5342 638 165 darbringt.

6243 5525 309 165 Lord
6595 5525 737 165 Beaconfield
7372 5525 501 165 dagegen
7983 5525 290 165 will,
8360 5525 223 165 daß

6092 5725 180 165 die
6308 5725 824 165 moskowitische
7167 5725 1001 165 Unverschämtheit
8243 5725 337 165 jedem

6090 5925 653 165 Engländer
6802 5925 196 165 auf
7093 5925 289 165 ganz
7473 5925 1107 165 unwidersprechliche

6102 6109 206 165 Art
6370 6109 498 165 offenbar
6927 6109 323 165 wird.
7462 6109 210 165 So
7720 6109 565 165 gründlich
8345 6109 237 165 und

6105 6309 113 165 so
6280 6309 667 165 vollständig
6985 6309 500 165 offenbar
7580 6309 328 165 wird,
7950 6309 230 165 daß
8280 6309 295 165 selbst

6093 6492 600 165 Fanatiker
6755 6492 263 165 vom
7058 6492 500 165 Schlage
7625 6492 685 165 Gladstones
8395 6492 182 165 ihr

6095 6692 372 165 Maul
6513 6692 137 165 in
6700 6692 213 165 den
6948 6692 369 165 Sand
7380 6692 137 165 zu
7552 6692 423 165 stecken
8010 6692 562 165 genöthigt

6098 6892 475 165 werden.

6252 7075 178 165 Es
6472 7075 245 165 sind
6753 7075 239 165 hier
7063 7075 129 165 in
7238 7075 185 165 der
7512 7075 315 165 That
7933 7075 650 165 sämmtliche

6100 7259 562 165 Elemente
6698 7259 700 165 vorhanden,
7495 7259 180 165 die
7780 7259 325 165 einen
8230 7259 355 165 neuen

6105 7459 237 165 und
6400 7459 690 165 furchtbaren
7128 7459 492 165 Konflikt
7683 7459 902 165 herbeizuführen

6112 7642 670 165 vermögen:
6850 7642 238 165 Ein
7218 7642 557 165 absoluter
7912 7642 665 165 Widerstreit

6110 7842 183 165 der
6350 7842 672 165 Jntereffen.
7170 7842 247 165 Die
7462 7842 876 165 Ueberzeugung
8375 7842 198 165 auf

6117 8025 411 165 Seiten
6568 8025 189 165 der
6818 8025 470 165 Russen,
7323 8025 230 165 daß
7657 8025 180 165 die
7933 8025 650 165 Engländer

6115 8225 423 165 sowohl
6575 8225 138 165 zu
6773 8225 279 165 feige
7087 8225 186 165 als
7372 8225 133 165 zu
7540 8225 448 165 schwach
8060 8225 288 165 sind,
8385 8225 202 165 um

6107 8409 340 165 ihnen
6485 8409 205 165 mit
6755 8409 855 165 Waffengewalt
7713 8409 219 165 den
8030 8409 290 165 Weg
8447 8409 135 165 zn

6110 8609 550 165 verlegen.
6808 8609 275 165 Und
7125 8609 173 165 die
7407 8609 868 165 Ueberzeugung
8372 8609 198 165 auf

6112 8792 416 165 Seiten
6568 8792 187 165 der
6792 8792 511 165 Britten,
7377 8792 228 165 daß
7640 8792 190 165 sie
7943 8792 210 165 mit
8278 8792 294 165 ihrer

6100 8975 705 165 ungeheuren
6858 8975 649 165 Geldmacht
7543 8975 244 165 und
7890 8975 213 165 mit
8147 8975 213 165 den
8395 8975 172 165 40

6100 9175 627 165 Millionen
6770 9175 292 165 ihrer
7102 9175 1095 165 mohamedanischen
8308 9175 252 165 Un-

6103 9375 575 165 terthanen
6717 9375 611 165 Alexander
7405 9392 170 147 II.
7675 9375 245 165 und
8027 9375 546 165 Totleben

6097 9575 121 165 so
6270 9575 207 165 gut
6518 9575 249 165 und
6807 9575 271 165 noch
7132 9575 330 165 besser
7518 9575 137 165 zu
7727 9575 415 165 Boden
8228 9575 337 165 schla»

6097 9759 213 165 gen
6347 9759 475 165 können,
6882 9759 191 165 als
7165 9759 143 165 sie
7413 9759 264 165 einst
7812 9759 215 165 den
8153 9759 415 165 großen

6083 9959 609 165 Napoleon
6732 9959 996 165 niedergeschlagen
7785 9959 418 165 haben.

6243 10159 360 165 Dazu
6647 10159 281 165 steht
6963 10159 159 165 an
7162 10159 181 165 der
7415 10159 373 165 Spitze
7880 10159 200 165 des
8160 10159 395 165 Insel-

6085 10342 347 165 rech]
6473 10342 230 165 fein
6773 10342 610 165 geringerer
7443 10342 190 165 als
7703 10342 299 165 beim
8092 10342 473 165 Beginn

6092 10542 340 165 dieses
6488 10542 907 165 Jahrhunderts.
7545 10542 342 165 Zwar
7928 10542 284 165 nicht
8248 10542 320 165 Piet,

6083 10725 264 165 aber
6405 10725 185 165 der
6648 10725 410 165 einzige
7093 10725 455 165 Mann,
7572 10725 185 165 der
7810 10725 327 165 durch
8173 10725 315 165 Klug

6077 10925 223 165 heit
6338 10925 242 165 und
6640 10925 480 165 Energie
7158 10925 244 165 dem
7468 10925 690 165 furchtbaren
8237 10925 308 165 Bis-

6085 11125 328 165 marck
6467 11125 605 165 gewachsen
7125 11125 177 165 ist.

6953 11375 734 220 Beecher.

6327 11725 255 165 Der
6715 11725 658 165 berüchtigte
7572 11725 386 165 Henry
8185 11725 368 165 Ward

6073 11925 457 165 Beecher
6588 11925 324 165 fängt
6952 11925 248 165 nun
7240 11925 265 165 auch
7538 11925 207 165 an,
7787 11925 266 165 über
8090 11925 473 165 schlechte

6073 12109 397 165 Zeiten
6583 12109 135 165 zu
6800 12109 438 165 klagen.
7385 12109 435 165 Früher
7923 12109 227 165 gab
8278 12109 275 165 man

6070 12309 238 165 ihm
6348 12309 774 165 bereitwilligst
7185 12309 180 165 für
7425 12309 278 165 seine
7762 12309 778 165 Vorlesungen

6073 12492 322 165 $500
6487 12492 196 165 per
6740 12492 397 165 Abend
7255 12492 248 165 und
7545 12492 110 165 er
7712 12492 395 165 konnte
8210 12492 335 165 dabei

6067 12675 341 165 lange
6447 12675 283 165 nicht
6797 12675 296 165 allen
7132 12675 790 165 Bestellungen
7960 12675 585 165 nachkom-

6070 12875 297 165 meit.
6508 12875 259 165 Für
6850 12875 358 165 diesen
7265 12875 438 165 Winter
7803 12875 510 165 verlangt
8353 12875 182 165 der

6062 13059 546 165 Prediger
6648 13059 182 165 der
6865 13059 1075 165 Plymouth-Kirche
7962 13059 221 165 nur
8225 13059 327 165 $200

6062 13259 196 165 per
6317 13259 390 165 Abend
6745 13259 242 165 und
7047 13259 108 165 er
7253 13259 570 165 verspricht
7860 13259 265 165 noch
8202 13259 330 165 oben-

6072 13459 356 165 drein,
6467 13459 370 165 seinen
6872 13459 540 165 sündigen
7448 13459 589 165 Zuhörern
8058 13459 484 165 sonnen-

6073 13642 224 165 klar
6408 13642 212 165 den
6675 13642 600 165 tröstlichen
7372 13642 456 165 Beweis
7887 13642 131 165 zu
8117 13642 440 165 liefern,

6068 13842 220 165 das
6325 13842 123 165 es
6515 13842 292 165 keine
6842 13842 338 165 Hölle
7287 13842 288 165 gibt.
7733 13842 292 165 Aber
8063 13842 177 165 die
8297 13842 255 165 Bc-

6077 14025 600 165 stellungen
6713 14025 429 165 bleiben
7197 14025 276 165 aus.

6227 14325 448 184 Verbot
6733 14325 209 184 der
7017 14325 880 184 Kinderarbeit
7940 14325 158 184 in
8128 14325 260 184 ben

6973 14509 664 183 Fabriken.

6203 14859 210 165 In
6512 14859 440 165 einigen
6988 14859 600 165 Fabriken,
7628 14859 660 165 namentlich
8392 14859 136 165 in

7722 942 565 165 Dee
8295 942 1463 165 Nvrhster«.

6057 1309 406 165 Füßen
6590 1309 203 165 des
6918 1309 579 165 russischen
7628 1309 439 165 Czaren
8187 1309 373 165 legen.

6057 1492 558 165 Rußland
6655 1492 208 165 hat
6905 1492 382 165 bisher
7350 1492 203 165 auf
7593 1492 687 165 europäische
8343 1492 212 165 Art

6070 1692 633 165 gehandelt,
6827 1692 261 165 aber
7125 1692 137 165 in
7312 1692 646 165 Hindostan
8100 1692 287 165 wird
8430 1692 125 165 es

6072 1875 368 165 seinen
6542 1875 455 165 Einfall
7043 1875 204 165 auf
7340 1875 682 165 Kosakenart
8077 1875 435 165 machen

6065 2059 257 165 Der
6367 2059 595 165 grandiose
7027 2059 448 165 Sturm
7522 2059 200 165 auf
7795 2059 315 165 Kars
8153 2059 122 165 ist
8342 2059 220 165 nur
8625 2059 312 165 Kind
8980 2059 133 165 in
9162 2059 173 165 die
9372 2059 420 165 Fabrik
9853 2059 307 165 geht.
10292 2059 493 165 Welches
10822 2059 291 165 Bild

6075 2242 187 165 ein
6302 2242 458 165 Zeichen
6817 2242 395 165 dafür,
7255 2242 252 165 was
7545 2242 230 165 von
7813 2242 557 165 Rußland
8410 2242 163 165 im
8635 2242 443 165 entrollt
9138 2242 195 165 sich
9383 2242 412 165 *a*tior
9853 2242 465 165 unseren
10375 2242 478 165 Angen!

6072 2442 333 165 Falle
6447 2442 200 165 des
6747 2442 726 165 Entschlusses
7508 2442 325 165 einen
7953 2442 539 165 Angriffs

6080 2642 292 165 krieg
6408 2642 130 165 zu
6607 2642 451 165 führen,
7098 2642 142 165 zu
7368 2642 545 165 erwarten
7952 2642 176 165 ist.

6083 2825 412 165 Ohren
6537 2825 205 165 hat
6805 2825 137 165 zu
6977 2825 406 165 hören,
7445 2825 183 165 der
7663 2825 417 165 höre!"

8628 1292 302 165 Weil
8973 1292 125 165 es
9132 1292 183 165 für
9360 1292 418 165 gewisse
9810 1292 1293 165 Fabrikanten—selbst-

8630 1475 700 165 verständlich
9365 1475 130 165 ist
9558 1475 285 165 nicht
9907 1475 278 165 jeder
10220 1475 628 165 Fabrikant
10913 1475 194 165 ge-

8628 1675 1335 165 meint—vortheilhaster
10002 1675 181 165 ist,
10222 1675 343 165 bleibt
10605 1675 187 165 der
10850 1675 253 165 Va-

8635 1859 155 165 ter
8927 1859 286 165 ohne
9250 1859 922 165 Beschäftigung,
10210 1859 532 165 während
10883 1859 230 165 sein

8780 2475 253 165 Die
9078 2475 934 165 Arbeiterfamilie
10052 2475 501 165 sammelt
10590 2475 263 165 sich
10918 2475 189 165 am

8297 2642 268 165 Wer
8635 2642 555 165 Morgen,
9308 2642 200 165 um
9638 2642 214 165 den
9927 2642 466 165 kärglich
10568 2642 535 165 bedeckten

8638 2842 367 165 Tisch,
9043 2842 162 165 an
9245 2842 248 165 dem
9555 2842 188 165 der
9830 2842 412 165 Vater,
10313 2842 182 165 die
10623 2842 499 165 Summe

8640 3042 183 165 der
8875 3042 708 165 Bedürfnisse
9638 3042 180 165 für
9860 3042 180 165 die
10107 3042 510 165 Steinen
10692 3042 420 165 berech-

8638 3225 235 165 net.
9018 3225 167 165 Er
9232 3225 320 165 weiß,
9588 3225 234 165 daß
9883 3225 277 165 man
10218 3225 339 165 feiner
10643 3225 467 165 Dienste

6240 3425 623 165 Einfältige
6905 3425 583 165 Personen
7578 3425 414 165 mögen
8028 3425 264 165 sich
8378 3425 187 165 der
8638 3425 125 165 in
8858 3425 190 165 der
9147 3425 416 165 Fabrik
9668 3425 289 165 nicht
10077 3425 448 165 bedarf
10657 3425 470 165 fragend

8640 3609 360 165 richtet
9055 3609 110 165 er
9227 3609 210 165 den
9470 3609 298 165 Blick
9838 3609 204 165 auf
10100 3609 213 165 den
10402 3609 716 165 erwachsenen

8648 3792 369 165 Sohn
9060 3792 243 165 und
9343 3792 637 165 vernimmt,
10040 3792 223 165 daß
10335 3792 278 165 man
10718 3792 407 165 gestern

8645 3992 383 165 wieder
9088 3992 237 165 eine
9360 3992 280 165 neue
9703 3992 579 165 Maschine
10318 3992 139 165 in
10505 3992 173 165 die
10715 3992 413 165 Fabrik

8645 4175 497 165 gebracht
9177 4175 288 165 habe
9530 4175 247 165 und
9860 4175 213 165 de»
10180 4175 377 165 Sohn
10658 4175 470 165 deshalb

8633 4375 254 165 itin
8942 4375 541 165 ebenfalls
9520 4375 278 165 nicht
9865 4375 300 165 mehr
10218 4375 507 165 brauche.
10872 4375 251 165 Der

8638 4559 620 165 Bormann
9300 4559 293 165 habe
9705 4559 440 165 erklärt,
10283 4559 227 165 daß
10633 4559 114 165 *r
10887 4559 226 165 sein

8643 4759 79 165 a
8762 4759 626 165 htjähriges
9428 4759 857 165 Schwesterchen
10350 4759 423 165 schicken
10803 4759 304 165 solle,

8650 4942 178 165 für
8888 4942 170 165 die
9093 4942 154 165 sei
9348 4942 715 165 Arbeit-da.
10208 4942 559 165 Unwillig
10888 4942 232 165 ruft

8645 5142 307 165 wohl
9023 5142 187 165 der
9312 5142 448 165 Vater:
9877 5142 265 165 Bin
10237 5142 160 165 ich
10500 5142 285 165 nicht
10863 5142 267 165 noch

8653 5325 399 165 tlästig
9093 5325 374 165 genug
9528 5325 244 165 und
9812 5325 343 165 bereit
10270 5325 140 165 zu
10537 5325 493 165 arbeiten

8643 5525 250 165 Bist
8937 5525 233 165 Du
9220 5525 288 165 nicht
9605 5525 332 165 nicht,
10028 5525 300 165 mein
10438 5525 419 165 Sohn,
10970 5525 162 165 im

8657 5709 620 165 Vollbesitze
9312 5709 431 165 Deiner
9867 5709 853 165 Jugendkraft?
10802 5709 320 165 Darf

8652 5909 273 165 man
8963 5909 235 165 uns
9257 5909 525 165 hindern,
9870 5909 340 165 Brod
10255 5909 183 165 für
10483 5909 174 165 die
10775 5909 297 165 Unse

8648 6109 200 165 ren
8932 6109 136 165 zu
9145 6109 732 165 verschaffen?
10015 6109 430 165 Sollen
10578 6109 200 165 wir
10915 6109 147 165 da

8650 6275 783 165 unentwickelte
9468 6275 359 165 Kind,
9870 6275 467 165 unseren
10372 6275 566 165 Liebling,
10982 6275 136 165 in

8660 6475 167 165 die
8862 6475 535 165 dumpfen
9453 6475 804 165 Fabrikräume
10295 6475 467 165 schicken,
10823 6475 255 165 wäh

8655 6675 270 165 rend
8990 6675 408 165 Mann
9528 6675 244 165 und
9893 6675 522 165 kräftiger
10550 6675 592 165 Jüngling

8652 6875 390 165 müßig
9080 6875 353 165 sind?

8817 7059 418 165 Solche
9330 7059 875 165 Vorkommniffe
10243 7059 274 165 sind
10645 7059 137 165 in
10918 7059 207 165 den

8652 7242 955 165 Fabrikdistrikten
9702 7242 615 165 Amerika's
10430 7242 210 165 jetzt
10750 7242 385 165 ebenso

8655 7425 158 165 an
8852 7425 185 165 der
9105 7425 968 165 Tagesordnung,
10158 7425 205 165 wie
10493 7425 192 165 seit
10720 7425 397 165 langer

8658 7625 252 165 Zeit
8952 7625 133 165 in
9157 7625 526 165 Europa.

8815 7809 295 165 Weg
9148 7809 207 165 mit
9415 7809 187 165 der
9678 7809 850 165 Kinderarbeit!
10598 7809 277 165 muß
10953 7809 179 165 bei

8660 8009 182 165 der
8893 8009 1110 165 Arbeiterbewegung
10103 8009 189 165 der
10402 8009 716 165 Schlachtruf

8655 8209 273 165 sein.
9072 8209 295 165 Das
9412 8209 310 165 Kind
9765 8209 383 165 gehört
10213 8209 125 165 in
10383 8209 175 165 die
10658 8209 425 165 Schule

8645 8392 247 165 Die
9010 8392 835 165 heuchlerischen
9957 8392 851 165 Philantropen
10927 8392 191 165 be-

8653 8592 585 165 schäftigen
9273 8592 235 165 sich
9545 8592 267 165 auch
9870 8592 517 165 zuweilen
10478 8592 205 165 mit
10793 8592 319 165 dieser

8640 8775 423 165 Frage,
9103 8775 550 165 natürlich
9743 8775 285 165 nicht
10138 8775 225 165 aus
10460 8775 330 165 Liebe
10878 8775 244 165 zum

8650 8959 913 165 Ärbeiters'ande.
9630 8959 252 165 Der
9925 8959 417 165 Verein
10432 8959 188 165 zur
10657 8959 450 165 Verhü-

8650 9159 283 165 tung
8973 9159 234 165 von
9268 9159 919 165 Grausamkeiten
10223 9159 349 165 gegen
10655 9159 465 165 Kinder,

8643 9342 425 165 welcher
9118 9342 135 165 in
9300 9342 282 165 New
9620 9342 307 165 $ort
9977 9342 233 165 sein
10298 9342 400 165 Wesen
10752 9342 370 165 treibt,

8640 9542 200 165 hat
8880 9542 618 165 allerdings
9567 9542 366 165 seinen
10067 9542 510 165 Agenten
10698 9542 402 165 beauf-

8645 9725 347 165 tragt,
9033 9725 180 165 die
9252 9725 483 165 Theater
9803 9725 139 165 zu
10033 9725 624 165 bewachen,
10752 9725 351 165 damit

8640 9925 287 165 keine
8958 9925 417 165 Kinder
9445 9925 135 165 zu
9683 9925 797 165 akrobatischen
10537 9925 251 165 oder
10842 9925 261 165 son-

8640 10125 335 165 fügen
9032 10125 996 165 Schaustellungen
10122 10125 603 165 verwendet
10828 10125 275 165 wer-

8633 10325 257 165 den.
9033 10325 295 165 Das
9415 10325 273 165 mag
9785 10325 277 165 recht
10193 10325 275 165 sein.
10625 10325 473 165 WarUÄ

8625 10525 545 165 bünühen
9208 10525 264 165 sich
9590 10525 177 165 die
9858 10525 437 165 Herren
10368 10525 285 165 nicht
10727 10525 138 165 in
10938 10525 165 165 die

8620 10709 658 165 Fabriken?
9357 10709 495 165 Warum
9893 10709 530 165 verhüten
10460 10709 190 165 sie
10780 10709 333 165 nicht,

8627 10909 223 165 daß
8905 10909 395 165 täglich
9380 10909 1020 165 vielversprechende
10433 10909 654 165 Menschen-

8622 11092 476 165 knospen
9152 11092 198 165 vor
9458 11092 294 165 ihrer
9853 11092 632 165 Blüthezeit
10590 11092 518 165 zertreten

8628 11292 522 165 werden?

8768 11475 250 165 Die
9063 11475 685 165 Forderung
9788 11475 189 165 der
10075 11475 742 165 Beseitigung
10918 11475 184 165 der

8617 11675 771 165 Kinderarbeit
9428 11675 130 165 ist
9627 11709 288 128 einer
9948 11675 182 165 der
10165 11675 687 165 Prüfsteine,
10872 11675 225 165 wo-

8618 11859 225 165 ran
8887 11859 278 165 man
9205 11859 217 165 den
9485 11859 723 165 aufrichtigen
10247 11859 243 165 und
10547 11859 550 165 einsichts-

8630 12059 363 165 vollen
9088 12059 700 165 Beurtheiler
9872 12059 571 165 moderner
10552 12059 556 165 Zustände

8622 12242 485 165 erkennt.

8780 12425 390 165 Geben
9225 12425 200 165 wir
9468 12425 280 165 nicht
9817 12425 340 165 allein
10198 12425 242 165 dem
10492 12425 366 165 Kinde
10897 12425 175 165 die

8620 12625 762 165 Gelegenheit,
9418 12625 197 165 sich
9685 12625 205 165 frei
9932 12625 133 165 zu
10150 12625 648 165 entwickeln,
10903 12625 190 165 ge-

8623 12825 207 165 ben
8960 12825 200 165 wir
9203 12825 284 165 nicht
9627 12825 265 165 blos
9973 12825 174 165 die
10183 12825 474 165 Schule,
10828 12825 262 165 son-

8620 13009 270 165 dern
9130 13009 207 165 um
9400 13009 218 165 das
9678 13009 499 165 treffliche
10263 13009 339 165 Wort
10728 13009 355 165 Hein-

8617 13209 318 165 rieh's
8992 13209 958 165 anznwenden-zu
9987 13209 185 165 der
10270 13209 342 165 freien
10650 13209 428 165 Schule

8620 13392 267 165 auch
8938 13392 174 165 die
9148 13392 537 165 nöthigen
9742 13392 798 165 Butterbrode.

8765 13592 250 165 Die
9098 13592 819 165 Berechtigung
10052 13592 423 165 sowohl
10593 13592 204 165 wie
10925 13592 170 165 die

8617 13775 700 165 Möglichkeit
9373 13775 184 165 der
9615 13775 763 165 Ausführung
10420 13775 335 165 dieser
10788 13775 305 165 For-

8617 13975 430 165 derung
9083 13975 269 165 liegt
9415 13975 200 165 auf
9655 13975 183 165 der
9927 13975 405 165 Hand.
10477 13975 395 165 Durch
10913 13975 174 165 die

8625 14159 930 165 Verwirklichung
9595 14159 552 165 derselben
10235 14159 283 165 wird
10560 14159 178 165 die
10775 14159 303 165 Lage

8617 14359 406 165 einiger
9060 14359 130 165 in
9260 14359 497 165 gewissen
9790 14359 1060 165 Industriezweigen
10888 14359 194 165 be-

8618 14542 627 165 schäftigten
9300 14542 495 165 Arbeiter
9852 14542 313 165 schon
10217 14542 116 165 so
10392 14542 246 165 weit
10695 14542 355 165 gebes-

8703 14725 160 165 rt,
8913 14725 220 165 daß
9168 14725 329 165 durch
9532 14725 171 165 die
9738 14725 737 165 Beseitigung
10513 14725 197 165 des
10763 14725 329 165 über-

8618 14925 410 165 großen
9065 14925 637 165 Angebotes
9772 14925 225 165 von
10037 14925 761 165 Arbeitslosen
10910 14925 177 165 die

7773 14925 42 165 9
8620 14925 408 165 yiuytu
9090 14925 630 165 auijtui'u»
9765 14925 220 165 vv»
10068 14925 749 165 ttiutunvfiu
10912 14925 173 165 un.

6092 15075 971 165 iLabafsfabrifen,
7162 15075 296 165 kann
7495 15075 318 165 man,
7853 15075 464 165 Sh.ucr,
8357 15075 168 165 die
9242 15075 1238 165 Beschäftigungslosen
10592 15075 155 165 an
10850 15075 240 165 und

6102 15242 295 165 tarnt
6438 15242 215 165 das
6713 15242 290 165 achte
7058 15242 254 165 oder
7392 15242 406 165 neunte
7835 15242 688 165 Lebenswahr

6070 15242 322 165 kaum

6070 15425 425 165 erreicht
6530 15425 410 165 haben,
7002 15425 158 165 im
7202 15425 571 165 Schweiße
7810 15425 312 165 ihres
8160 15425 318 165 Ange

6068 15625 367 165 sichtes
6487 15625 175 165 ihr
6765 15625 340 165 Brod
7150 15625 577 165 verdienen
7842 15625 358 165 sehen.
8333 15625 210 165 In

6067 15809 528 165 dumpfen
6633 15809 622 165 Zimmern,
7392 15809 158 165 im
7592 15809 631 165 staubigen,
8262 15809 270 165 lun-

6073 16009 987 165 genverzehrenden
7170 16009 780 165 Tabaksdunst
8057 16009 486 165 arbeiten

6072 16209 271 165 diese
6392 16209 386 165 armen
6835 16209 393 165 Wesen
7337 16209 263 165 vom
7673 16209 397 165 frühen
8172 16209 350 165 Mor-

8618 15325 174 92 für
9098 15325 384 92 neinfr
9508 15325 205 92 toirbi

8605 15659 822 403 Staat
9580 15659 1508 403 Minnesota.

8980 16292 260 92 au8

6073 16409 207 165 gen
6313 16409 192 165 bis
6573 16409 247 165 zum
6855 16409 382 165 späten
7392 16409 436 165 Abend,
7867 16409 241 165 und
8147 16409 380 165 blicken
8920 16409 223 165 daß
9243 16409 499 165 zwischen
9845 16409 395 165 diesem
10355 16409 378 165 Platze
10853 16409 240 165 und

6075 16575 530 165 trauernd
6698 16575 430 165 hinaus
7170 16575 197 165 auf
7495 16575 357 165 Wald
7895 16575 242 165 und
8237 16575 288 165 Flur

6072 16792 236 165 »nd
6348 16792 399 165 sehnen
6817 16792 188 165 sich
7060 16792 270 165 nach
7365 16792 270 165 Luft
7680 16792 248 165 und
7968 16792 567 165 Sonneu-
9160 16792 632 165 beschäftigt
9885 16792 290 165 sind.
10330 16792 232 165 Auf
10623 16792 175 165 die
10835 16792 178 165 Re

6077 16975 378 165 schein.
6612 16975 365 165 Alles,
7018 16975 245 165 was
7402 16975 218 165 das
7657 16975 880 165 Kindesgemuth
8620 16975 468 165 gx^tage
9167 16975 345 165 folgte
9615 16975 465 165 warmer
10193 16975 902 165 Sonnenschein,

7058 17175 247 165 und
7387 17175 1156 165 »otbmitrtfücbtn

6077 17342 495 165 späteren
6695 17342 415 165 Kampf
7150 17342 203 165 des
7412 17342 476 165 Lebens,
7925 17342 132 165 ist
8192 17342 356 165 dielen

6073 17525 1105 165 bedanernswerthen
7252 17525 1068 165 Menschenknospen
8355 17525 183 165 ein

6072 17725 1148 165 ewHAGeheimniß
7305 17725 173 165 sie
7517 17725 648 165 vernehmen
8202 17725 326 165 selten

6083 17909 247 165 oder
6383 17909 185 165 nie
6607 17909 173 165 die
6890 17909 875 165 schmeichelnden
7798 17909 732 165 Liebesworte

6068 18109 185 165 der
6288 18109 635 165 Mutter,sie
6947 18109 496 165 erfreuen
7480 18109 192 165 sich
7702 18109 476 165 nichtam
8197 18109 361 165 Spiel

6075 18292 237 165 und
6352 18292 461 165 Gesang
6868 18292 134 165 in
7103 18292 802 165 Gemeinschaft
7942 18292 205 165 mit
8207 18292 321 165 ihren

6075 18475 1018 165 Jugendgenossen,
7128 18475 190 165 sie
7405 18475 390 165 blicken
7920 18475 288 165 nicht
8330 18475 212 165 mit

6075 18675 618 165 lächelnden
6728 18675 797 165 Kindesaugen
7592 18675 315 165 einen
7943 18675 597 165 zufälligen

6068 18859 525 165 Besucher
6730 18859 210 165 an,
7018 18859 477 165 sondern
7532 18859 181 165 ihr
7858 18859 692 165 trauernder,

6080 19059 898 165 vorwurfsvoller
7018 19059 299 165 Blick
7493 19059 349 165 drückt
7897 19059 635 165 Sehnsucht

6072 19242 268 165 nach
6375 19242 542 165 Freiheit,
6957 19242 346 165 drückt
7338 19242 527 165 Kummer
7903 19242 242 165 und
8185 19242 368 165 Elend

6072 19442 245 165 und
6357 19442 235 165 eine
6645 19425 438 165 schwere
7133 19425 499 165 Anklage
7668 19425 344 165 gegen
8070 19425 178 165 die
8285 19425 243 165 Ge-

6075 19625 518 165 sellschaft
6643 19625 274 165 aus,
6957 19625 370 165 welche
7460 19625 427 165 duldet,
7927 19625 226 165 daß
8190 19625 348 165 arme.

6073 19809 697 165 unschuldige
6805 19809 420 165 Kinder
7342 19809 200 165 auf
7582 19809 245 165 dem
7893 19809 389 165 Altare
8342 19809 196 165 des

6070 20009 693 165 Mammons
6805 20009 485 165 geopfert
7362 20009 475 165 werden.

6230 20192 178 165 Ja
6455 20192 342 165 wohl,
6838 20192 237 165 eine
7147 20192 493 165 Anklage
7677 20192 341 165 gegen
8072 20192 173 165 die
8282 20192 233 165 Ge-

6073 20375 507 165 ellschaft,
6680 20375 342 165 gegen
7073 20375 214 165 den
7338 20375 460 165 Staat!
7912 20375 363 165 Denn
8317 20375 130 165 bi

6067 20575 768 165 Kinderarbeit
6963 20575 244 165 läßt
7247 20575 193 165 sich
7515 20575 338 165 weder
7907 20575 326 165 durch
8368 20575 174 165 die

6068 20759 425 165 Moral
6540 20759 782 165 vertheidigen,
7358 20759 272 165 noch
7683 20759 294 165 kann
8013 20759 277 165 man
8330 20759 185 165 de-

6072 20959 193 165 ren
6302 20959 951 165 Notwendigkeit
7333 20959 564 165 beweisen.
8048 20959 179 165 Es
8268 20959 267 165 mag

6075 21142 515 165 Vortheil
6632 21142 185 165 für
6860 21142 213 165 den
7108 21142 764 165 Fabrikanten
7932 21142 276 165 sein,
8320 21142 217 165 an-

6072 21342 263 165 statt
6373 21342 564 165 Männer,
6962 21342 466 165 Kinder,
7468 21342 175 165 die
7678 21342 220 165 das
7935 21342 600 165 vierzehnte

6065 21525 682 165 Lebensjahr
6785 21525 268 165 noch
7118 21525 282 165 nicht
7437 21525 428 165 erreicht
7928 21525 425 165 haben,
8415 21525 127 165 zu

6075 21725 760 165 beschäftigen,
6870 21725 185 165 für
7120 21725 170 165 die
7325 21725 800 165 Gesammtheit
8162 21725 136 165 ist
8365 21725 178 165 ein

6075 21909 397 165 solches
6605 21909 467 165 System
7110 21909 262 165 aber
7432 21909 288 165 nicht
7757 21909 345 165 allein
8237 21909 303 165 nicht

6073 22092 767 165 vortheilhaft,
6882 22092 476 165 sondern
7452 22092 530 165 geradezu
8037 22092 491 165 Verderb-

6077 22292 240 165 (ich.

8613 17259 240 91 ||n6
8895 17259 127 91 bi

9282 16209 426 175 gdrQOf
9792 16209 200 165 D.
10047 16209 211 165 T.,
10328 16209 284 165 wird
10688 16209 345 165 gemel

8612 16625 570 165 Bismarck
9263 16625 170 165 die
9528 16625 467 165 Farmer
10142 16625 595 165 fämmtlich
10862 16625 211 165 mit

8635 17425 122 92 ju
8800 17425 520 92 bcfinbfn

9793 17175 494 165 glaub.»
10328 17175 232 165 sich
10597 17175 163 165 im
10802 17175 300 165 M°l

8622 17425 133 165 zu
8790 17425 518 165 befinden

8988 17609 224 165 Am
9253 17609 239 165 St.
9545 17609 343 165 Croix
9930 17609 348 165 River
10368 17609 437 165 werden
10842 17609 228 165 die-

8625 17809 178 165 sen
8857 17809 436 165 Winter
9375 17809 270 165 nach
9727 17809 660 165 ungefährer
10452 17809 628 165 Schätzung

8605 17992 818 165 179,700,000
9463 17992 544 165 Stämme
10072 17992 380 165 gefällt
10538 17992 475 165 werden.

8990 18209 213 165 In
9248 18209 242 165 dem
9547 18209 856 165 Weizenhandel
10482 18209 343 165 längs
10888 18209 184 165 der

8633 18409 599 165 Southern
9328 18409 667 165 Minnesota
10123 18409 360 165 Bahn
10585 18409 125 165 ist
10820 18409 233 165 eine

8615 18592 383 165 Pause
9037 18592 701 165 eingetreten,
9847 18592 150 165 da
10120 18592 177 165 die
10400 18592 668 165 grundlosen

8623 18792 339 165 Wege
8998 18792 170 165 die
9233 18792 594 165 Zufuhren
9912 18792 630 165 unmöglich
10578 18792 494 165 machen.

8988 19009 474 165 Soeben
9563 19009 269 165 auch
9922 19009 133 165 ist
10110 19009 183 165 der
10370 19009 712 165 Hamburger

8612 19192 1176 165 Familien-Kalender
9892 19192 141 165 in
10145 19192 453 165 hiesiger
10715 19192 365 165 ©tobt

8615 19392 820 165 angekommen,
9535 19392 298 165 was,
9873 19392 204 165 wie
10160 19392 267 165 auch
10460 19392 142 165 in
10708 19392 369 165 frühe-

8613 19575 194 165 ren
8843 19575 497 165 Jahren,
9405 19575 183 165 als
9647 19575 181 165 ein
9865 19575 540 165 Ereigniß
10468 19575 232 165 von
10740 19575 348 165 Jung

8613 19775 244 165 und
8897 19775 198 165 Alt
9143 19775 579 165 betrachtet
9780 19775 323 165 wird.
10180 19775 362 165 Gehet
10578 19775 214 165 hin
10837 19775 243 165 und

8610 19959 242 165 holt
8978 19959 302 165 Euch
9332 19959 365 165 einen,
9733 19959 242 165 und
10015 19959 173 165 die
10253 19959 335 165 kleine
10712 19959 375 165 Mühe

8617 20142 278 165 wird
9015 20142 302 165 Euch
9353 20142 329 165 durch
9810 20142 175 165 die
10065 20142 450 165 schönen
10640 20142 458 165 Bilder,

8612 20342 468 165 lustigen
9208 20342 624 165 Schwänke
9870 20342 240 165 und
10172 20342 568 165 nützlichen
10838 20342 232 165 Be-

8612 20525 610 165 lehrungen
9258 20525 474 165 reichlich
9787 20525 455 165 belohnt
10300 20525 475 165 werden.
10882 20525 215 165 In

8613 20709 455 165 Fällen,
9163 20709 177 165 wo
9397 20709 183 165 der
9653 20709 715 165 Hamburger
10453 20709 634 165 Familien-

8610 20909 548 165 Kalender
9287 20909 286 165 nicht
9627 20909 160 165 an
9825 20909 250 165 Ort
10153 20909 249 165 und
10443 20909 379 165 Stelle
10955 20909 135 165 zn

8608 21092 367 165 haben
9010 21092 178 165 ist,
9227 21092 405 165 rathen
9697 21092 258 165 wir,
10018 21092 162 165 an
10222 21092 173 165 die
10448 21092 439 165 Herren
10927 21092 150 165 A.

8617 21292 480 165 Bogeler
9133 21292 120 165 &
9318 21292 227 165 Co.
9585 21292 133 165 in
9827 21292 648 165 Baltimore
10517 21292 135 165 zu
10707 21292 378 165 schrei-

8612 21475 255 165 ben,
8902 21475 368 165 welche
9302 21475 206 165 mit
9550 21475 185 165 der
9795 21475 460 165 größten
10293 21475 795 165 Bereitwillig-

8612 21675 195 165 keit
8858 21675 299 165 Euch
9210 21675 317 165 einen
9563 21675 189 165 per
9788 21675 282 165 Post
10108 21675 564 165 kostenfrei
10707 21675 373 165 zusen-

8605 21859 260 165 b:n.

6222 22459 395 165 Durch
6717 22459 181 165 die
6970 22459 663 165 Maschinen
7723 22459 510 165 ersparen
8345 22459 255 165 wir]
8622 22459 553 165 arbeitete,
9268 22459 139 165 in
9507 22459 291 165 einer
9833 22459 329 165 Hohe
10223 22459 230 165 von
10550 22459 285 165 circa
10933 22459 159 165 6o

6077 22659 661 165 menschliche
6815 22659 783 165 Arbeitskraft.
7675 22659 588 165 Taufende
8302 22659 565 165 Ar-!Fuß
9008 22659 205 165 auf
9338 22659 320 165 einen
9780 22659 210 165 mit
10090 22659 295 165 Holz
10483 22659 602 165 beladenen

6073 22859 565 165 bcitsloscr
6677 22859 266 165 sind
6983 22859 440 165 lebende
7532 22859 483 165 Beweise
8050 22859 1600 165 hierfür.!Eisenbahnwagen
9753 22859 249 165 und
10102 22859 371 165 wurde
10532 22859 118 165 so
10708 22859 374 165 schwer

9045 22092 218 165 In
9385 22092 517 165 Winona
9943 22092 189 165 fiel
10300 22092 182 165 ein
10518 22092 554 165 Zimmer-

8618 22275 402 165 mann,
9120 22275 425 165 welcher
9643 22275 159 165 an
9840 22275 185 165 der
10090 22275 992 165 Eifenbahnbrückc

11177 1275 191 165 am
11407 1275 366 165 Kopfe
11830 1275 450 165 verletzt,
12315 1275 227 165 daß
12603 1275 362 165 wenig
13003 1275 639 165 Aussichten

11183 1475 180 165 für
11407 1475 230 165 fein
11703 1475 732 165 Aufkommen
12472 1475 665 165 vorhanden
13175 1475 280 165 find.

11342 1692 1288 165 Brandunglück.
12917 1692 278 165 Vor
13227 1692 455 165 einigen

11187 1875 398 165 Tagen
11623 1875 495 165 brannte
12195 1875 137 165 in
12413 1875 592 165 Marshall
13048 1875 189 165 ein
13318 1875 354 165 Stall

11185 2075 195 165 des
11432 2075 590 165 Marshall
12065 2075 352 165 Hotel
12458 2075 200 165 ab.
12802 2075 220 165 In
13062 2075 603 165 demselben

11183 2275 547 165 befanden
11765 2275 260 165 sich
12065 2275 180 165 18
12338 2275 425 165 Pferde
12803 2275 249 165 und
13142 2275 90 165 4
13302 2275 378 165 Kühe,

11188 2459 375 165 welche
11613 2459 602 165 fämmtlich
12253 2459 130 165 in
12430 2459 220 165 den
12748 2459 607 165 Flammen
13395 2459 255 165 um-

11185 2642 425 165 kamen.
11755 2642 252 165 Die
12052 2642 385 165 kranke
12473 2642 334 165 Frau
12852 2642 320 165 Bell,
13243 2642 429 165 Gattin

11190 2842 198 165 des
11458 2842 869 165 Eigenthümers
12430 2842 202 165 des
12727 2842 470 165 Hotels,
13297 2842 368 165 wurde

11190 3025 470 165 dadurch
11695 3025 122 165 so
11877 3025 740 165 angegriffen,
12657 3025 226 165 daß
12918 3025 160 165 sie
13113 3025 199 165 am
13333 3025 329 165 näch-

11190 3225 225 165 sten
11448 3225 514 165 Morgen
12003 3225 370 165 starb.

11548 3442 244 165 Im
11823 3442 390 165 Hafen
12253 3442 234 165 von
12572 3442 651 165 Duluth
13283 3442 384 165 kamen

11198 3625 522 165 während
11758 3625 200 165 des
12025 3625 353 165 letzten
12437 3625 623 165 Sommers
13168 3625 162 165 an
13430 3625 243 165 und

11203 3825 217 165 fort
11522 3825 166 165 im
11798 3825 475 165 Ganzen
12372 3825 236 165 287
12717 3825 621 165 Dampfer,
13420 3825 272 165 191

11200 4009 818 165 amerikanische
12053 4009 245 165 und
12360 4009 162 165 96
12607 4009 668 165 canadische.
13427 4009 250 165 Die

11202 4209 930 165 Solleinnahmen
12170 4209 530 165 betragen
12813 4209 582 165 $13,398,
13492 4209 178 165 ein

11193 4392 489 165 Betrag,
11723 4392 189 165 der
11965 4392 220 165 nur
12290 4392 170 165 im
12553 4392 379 165 Jahre
13022 4392 383 165 1875,
13500 4392 172 165 wo

11202 4592 461 165 derselbe
11695 4592 182 165 die
11970 4592 330 165 Höhe
12395 4592 225 165 von
12712 4592 730 165 $16,369.87
13482 4592 165 165 er-

11203 4775 414 165 reichte,
11652 4775 688 165 übertroffen
12378 4775 185 165 ist.

11563 4992 154 165 Le
11755 4992 405 165 Sueur
12227 4992 205 165 hat
12472 4992 808 165 beträchtlichen
13335 4992 322 165 Han-

11202 5192 216 165 del.
11552 5192 218 165 In
11813 5192 292 165 einer
12188 5192 495 165 einzigen
12738 5192 404 165 Woche
13222 5192 453 165 wurden

11202 5375 246 165 dort
11487 5375 358 165 2,106
11918 5375 484 165 Centner
12488 5375 929 165 Schweinefleisch
13477 5375 190 165 auf

11197 5559 215 165 den
11447 5559 400 165 Markt
11913 5559 554 165 gebracht.

11627 5825 708 165 Wildkatzen,
12427 5825 438 165 Luchse,
12960 5825 387 165 Wölfe
13443 5825 240 165 und

11202 6025 400 165 Füchse
11652 6025 350 165 sollen
12055 6025 337 165 große
12448 6025 855 165 Verheerungen
13342 6025 323 165 unter

11202 6209 243 165 dem
11532 6209 606 165 Federvieh
12220 6209 138 165 in
12462 6209 686 165 Wabashaw
13212 6209 461 165 County

11225 6392 605 165 anrichten.

11575 6659 410 165 Einige
12025 6659 445 165 Meilen
12573 6659 605 165 unterhalb
13218 6659 457 165 Dassel,

11208 6842 129 165 in
11383 6842 434 165 Meeker
11853 6842 512 165 County,
12405 6842 372 165 wurde
12845 6842 187 165 der
13095 6842 587 165 80jährige

11203 7042 169 165 P.
11422 7042 596 165 Petersen,
12087 7042 425 165 welcher
12568 7042 204 165 auf
12833 7042 245 165 dem
13113 7042 495 165 Bahnge

11210 7225 245 165 leise
11488 7225 282 165 ging
11832 7225 243 165 und
12175 7225 222 165 das
12485 7225 415 165 Nahen
12993 7225 195 165 des
13285 7225 392 165 Zuges

11203 7425 520 165 überhört
11762 7425 358 165 hatte,
12160 7425 232 165 von
12450 7425 607 165 demselben
13092 7425 191 165 zur
13338 7425 337 165 Seite

11202 7609 706 165 geschleudert
11943 7609 250 165 und
12252 7609 228 165 sein
12535 7609 285 165 Arm
12863 7609 642 165 gebrochen.

11357 7792 250 165 Die
11653 7792 502 165 jährliche
12193 7792 1229 165 Winter-Convention
13483 7792 179 165 der

11197 7992 666 165 Minnesota
11997 7992 556 165 Staats-
12602 7992 1058 165 Gartenbaugesell-

11197 8192 330 165 schaft
11560 8192 463 165 beginnt
12118 8192 135 165 zu
12288 8192 605 165 Rochester,
12998 8192 194 165 am
13277 8192 361 165 Dien-

11193 8375 284 165 stag,
11512 8375 211 165 den
11757 8375 223 165 15.
12023 8375 477 165 Januar
12542 8375 381 165 1878,
12965 8375 200 165 um
13205 8375 183 165 10
13435 8375 243 165 Uhr

11193 8559 774 165 Vormittags,
12077 8559 241 165 und
12432 8559 393 165 dauert
12957 8559 243 165 drei
13292 8559 373 165 Tage.

11185 8759 242 165 Die
11470 8759 870 165 Versammlung
12453 8759 570 165 verspricht
13117 8759 236 165 sehr
13465 8759 195 165 in-

11190 8942 505 165 teressant
11780 8942 138 165 zu
11998 8942 480 165 werden,
12558 8942 152 165 da
12805 8942 477 165 wichtige
13338 8942 315 165 The-

11185 9142 308 165 mata
11595 9142 637 165 besprochen
12328 9142 477 165 werden.
12992 9142 656 165 Mitglieder

11183 9342 185 165 der
11475 9342 698 165 Gesellschaft
12280 9342 430 165 werde«
12817 9342 530 165 während
13455 9342 185 165 der

11183 9525 722 165 Convention
11960 9525 230 165 von
12277 9525 218 165 den
12530 9525 547 165 Bürgern
13118 9525 212 165 frei
13422 9525 225 165 un-

11183 9709 585 165 terhalten,
11870 9709 275 165 auch
12202 9709 426 165 werden
12732 9709 178 165 die
12985 9709 665 165 Fahrpreise

11180 9909 198 165 auf
11463 9909 212 165 den
11763 9909 782 165 Eisenbahnen
12638 9909 194 165 zur
12930 9909 718 165 Convention

11177 10109 238 165 und
11515 10109 403 165 zurück,
12017 10109 473 165 reduzirt
12587 10109 480 165 werden.
13237 10109 395 165 Jeder-

11177 10309 355 165 Äann
11573 10309 130 165 ist
11738 10309 475 165 höflichst
12282 10309 688 165 eingeladen.

11862 10509 491 165 ChaS.
12415 10509 183 165 9).
12647 10509 485 165 Laey,
13140 10509 320 165 Secr

11593 10759 242 165 Ein
11938 10759 565 165 seltsames
12558 10759 540 165 Ereigniß
13198 10759 205 165 hat
13480 10759 173 165 die

11173 10959 629 165 Bewohner
11935 10959 440 165 unserer
12537 10959 1110 165 Staatshauptstadt

11185 11142 227 165 St.
11463 11142 347 165 Paul
11883 11142 129 165 in
12122 11142 240 165 eine
12448 11142 485 165 freudige
12970 11142 667 165 Aufregung

11183 11342 452 165 versetzt.
11780 11342 178 165 Es
12000 11342 238 165 war
12308 11342 477 165 nämlich
12847 11342 240 165 eine
13122 11342 515 165 Dampf-

11177 11525 940 165 bootExcursiou
12208 11525 192 165 am
12488 11525 215 165 23.
12745 11525 613 165 Deeember
13395 11525 242 165 und

11183 11725 207 165 wer
11450 11725 235 165 will
11733 11725 250 165 nun
12025 11725 118 165 so
12203 11725 314 165 dreist
12572 11725 226 165 sein
12852 11725 243 165 und
13135 11725 503 165 behaup-

11185 11909 220 165 ten,
11477 11909 226 165 daß
11797 11909 678 165 Minnesota
12580 11909 322 165 einen
13007 11909 120 165 so
13237 11909 416 165 langen

11175 12092 240 165 und
11455 12092 397 165 harten
11957 12092 433 165 Winter
12473 12092 377 165 habe?
13012 12092 220 165 Am
13338 12092 300 165 vori-

11180 12292 207 165 gen
11440 12292 573 165 Sonntag
12057 12292 458 165 Mittag
12562 12292 258 165 zwei
12885 12292 242 165 Uhr
13250 12292 397 165 verließ

11177 12475 181 165 der
11455 12475 568 165 Dampfer
12157 12475 386 165 „Aunt
12670 12475 525 165 Betsey",
13313 12475 327 165 unter

11173 12675 707 165 Commando
11938 12675 194 165 des
12238 12675 585 165 Captaius
12890 12675 513 165 Costain,
13475 12675 167 165 die

11168 12859 330 165 Levee
11533 12859 134 165 in
11733 12859 234 165 St.
12055 12859 338 165 Paul
12488 12859 244 165 und
12830 12859 500 165 dampfte
13430 12859 198 165 mit

11175 13042 542 165 ungefähr
11755 13042 262 165 150
12060 13042 580 165 Personen
12697 13042 160 165 an
12942 13042 391 165 B»rd,
13427 13042 203 165 den

11163 13242 677 165 Mississippi
11880 13242 192 165 bis
12163 13242 294 165 Fort
12553 13242 562 165 Snelling
13190 13242 455 165 hinaus,

11167 13425 345 165 kehrte
11547 13425 248 165 dort
11868 13425 204 165 um
12143 13425 244 165 und
12477 13425 285 165 legte
12872 13425 388 165 wieder
13297 13425 200 165 um
13560 13425 83 165 4

11157 13625 248 165 U'jr
11452 13625 158 165 an
11725 13625 402 165 seinem
12218 13625 914 165 Landungsplatz
13223 13625 210 165 an.

11158 13809 177 165 Es
11377 13809 128 165 ist
11572 13809 241 165 dieß
11863 13809 617 165 allerdings
12578 13809 187 165 ein
12847 13809 791 165 wunderbares

11158 14009 547 165 Ereigniß
11747 14009 243 165 und
12088 14009 202 165 wir
12392 14009 606 165 wünschten
13033 14009 275 165 nur,
13417 14009 221 165 daß

11163 14192 124 165 es
11340 14192 290 165 keine
11663 14192 350 165 höchst
12075 14192 432 165 seltene,
12542 14192 306 165 wohl
12907 14192 223 165 nur
13190 14192 215 165 alle
13473 14192 170 165 30

11170 14392 367 165 Jahre
11638 14392 900 165 wiederkehrende
12625 14392 665 165 Ausnahme
13403 14392 225 165 von

11167 14559 183 165 der
11383 14559 364 165 Regel
11805 14559 192 165 sei.

11593 14842 854 165 Diebstahl.
12678 14842 247 165 Am
13033 14842 625 165 Samstag,

11162 15025 208 165 22.
11412 15025 430 165 Dezbr.
11883 15025 417 165 befand
12338 15025 252 165 sich
12628 15025 134 165 in
12848 15025 239 165 dem
13150 15025 482 165 Saloon

11167 15209 223 165 von
11428 15209 380 165 Jacob
11910 15209 375 165 Becker
12388 15209 450 165 (kleiner
12897 15209 451 165 „Jack")
13452 15209 176 165 ein

11177 15409 381 165 junger
11597 15409 481 165 Bursche
12138 15409 227 165 von
12405 15409 173 165 16
12648 15409 187 165 bis
12875 15409 167 165 17
13140 15409 497 165 Jahren,

11163 15592 200 165 mit
11405 15592 445 165 Namen
11905 15592 417 165 James
12362 15592 863 165 Worthington.
13297 15592 315 165 Der-

11163 15792 274 165 selbe
11493 15792 352 165 sch.'ich
11875 15792 233 165 sich
12143 15792 130 165 in
12320 15792 218 165 das
12600 15792 360 165 hinter
13018 15792 239 165 dem
13342 15792 265 165 Sa-

11160 15975 273 165 loon
11473 15975 635 165 befindliche
12145 15975 893 165 Schlafgemach,
13097 15975 241 165 und
13378 15975 232 165 ver-

11202 16175 285 165 teckte
11517 16175 228 165 sich
11782 16175 125 165 in
11993 16175 292 165 einer
12337 16175 293 165 Ecke,
12703 16175 329 165 unter
13118 16175 185 165 der
13355 16175 265 165 nach

11160 16359 243 165 dem
11463 16359 397 165 oberen
11957 16359 395 165 Stocke
12443 16359 610 165 führenden
13135 16359 487 165 Treppe.

11160 16542 372 165 Becker
11588 16542 279 165 ging
11963 16542 204 165 um
12245 16542 170 165 12
12458 16542 242 165 Uhr
12795 16542 137 165 zu
13015 16542 278 165 Bett
13385 16542 240 165 und

11167 16742 506 165 nachdem
11725 16742 110 165 er
11890 16742 825 165 eingeschlafen,
12750 16742 250 165 kam
13060 16742 183 165 der
13278 16742 315 165 Dieb

11167 16925 240 165 aus
11448 16925 394 165 feinem
11898 16925 455 165 Versteck
12387 16925 450 165 hervor,
12920 16925 240 165 und
13200 16925 415 165 eignete

11165 17109 192 165 sich
11405 17109 483 165 Becker's
11948 17109 755 165 Tafchenbuch
12738 17109 207 165 mit
13050 17109 285 165 circa
13373 17109 234 165 $22

11163 17309 294 165 nebst
11488 17309 545 165 silberner
12073 17309 705 165 Taschenuhr
12883 17309 205 165 an.
13248 17309 382 165 Dann

11167 17492 276 165 ging
11485 17492 183 165 der
11753 17492 317 165 Dieb
12163 17492 134 165 in
12385 17492 210 165 den
12695 17492 535 165 Saloon,
13312 17492 318 165 leerte

11165 17692 173 165 die
11468 17692 860 165 Geldschublade
12458 17692 244 165 und
12797 17692 836 165 Cigarrenkiste.

11170 17875 402 165 öffnete
11608 17875 174 165 die
11855 17875 800 165 Saloonthüre
12697 17875 246 165 und
12985 17875 283 165 ging
13363 17875 269 165 fort.

11167 18075 216 165 Als
11427 18075 181 165 der
11643 18075 770 165 Nachtpolizist
12450 18075 285 165 seine
12767 18075 416 165 übliche
13218 18075 410 165 Runde

11167 18275 446 165 machte,
11698 18259 284 165 fand
12067 18259 110 165 er
12235 18259 210 165 den
12503 18259 490 165 Saloon
13037 18259 295 165 offen
13388 18259 237 165 und

11165 18442 340 165 weckte
11535 18442 375 165 Becker
11980 18442 255 165 auf,
12318 18442 190 165 als
12602 18442 270 165 auch
12907 18442 446 165 sogleich
13420 18442 190 165 der

11158 18642 597 165 Diebstahl
11793 18642 434 165 entdeckt
12258 18642 417 165 wurde.
12812 18642 808 165 Worthington

11168 18825 202 165 soll
11407 18825 193 165 sich
11630 18825 193 165 am
11862 18825 571 165 Sonntag
12475 18825 130 165 in
12652 18825 455 165 Bobst's
13183 18825 430 165 Wirt-

11162 19009 325 165 schaft
11592 19009 403 165 gezeigt
12097 19009 415 165 haben.
12723 19009 220 165 Am
13048 19009 574 165 Sonntag

11163 19209 387 165 Abend
11682 19209 370 165 wurde
12147 19209 381 165 Herrn
12618 19209 459 165 Pfister,
13198 19209 129 165 in
13427 19209 186 165 der

11153 19392 324 165 Nähe
11533 19392 229 165 von
11802 19392 606 165 Hodapp's
12518 19392 759 165 Sägemühle,
13375 19392 233 165 eine

11157 19592 430 165 Mähre
11628 19592 595 165 gestohlen,
12303 19592 244 165 und
12587 19592 151 165 da
12802 19592 821 165 Worthington

11183 19792 349 165 'niher
11572 19792 181 165 bei
11792 19792 408 165 Pfister
12307 19792 558 165 arbeitete,
12968 19792 117 165 so
13117 19792 188 165 fiel
13438 19792 179 165 der

11165 19975 582 165 Verdacht,
11783 19975 217 165 das
12037 19975 366 165 Pferd
12447 19975 543 165 gestohlen
13023 19975 132 165 zn
13222 19975 410 165 haben,

11160 20159 197 165 auf
11422 20159 856 165 Worthington.
12428 20159 534 165 Derselbe
13047 20159 253 165 kam
13397 20159 225 165 von

11155 20342 505 165 Kansas,
11698 20342 172 165 wo
11937 20342 230 165 sein
12202 20342 355 165 Vater
12633 20342 429 165 wohnt,
13102 20342 206 165 hat
13348 20342 269 165 hell?

11152 20525 391 165 Haare
11583 20525 240 165 und
11918 20525 340 165 blaue
12297 20525 450 165 Augen,
12860 20525 318 165 wiegt
13267 20525 348 165 uuge-

11180 20725 232 165 sähr
11445 20725 253 165 100
11740 20725 410 165 Pfund
12237 20725 243 165 und
12583 20725 390 165 spricht
13078 20725 324 165 durch
13457 20725 170 165 die

11165 20925 335 165 Nase.
11645 20925 168 165 Er
11860 20925 267 165 trug
12218 20925 325 165 helle,
12635 20925 598 165 schmutzige
13305 20925 312 165 Klei-

11167 21109 361 165 dung,
11568 21109 244 165 und
11890 21109 437 165 Stiefel
12407 21109 205 165 mit
12708 21109 425 165 kleinen
13170 21109 450 165 Nägeln

11162 21309 121 165 in
11327 21309 210 165 den
11653 21309 472 165 Sohlen
12252 21309 246 165 und
12595 21309 1030 165 Rubber-Schuhe.

11170 21492 818 165 Worthington
12030 21492 373 165 wurde
12468 21492 350 165 zuletzt
12918 21492 185 165 bei
13142 21492 470 165 Maple-

11170 21692 193 165 ton
11420 21692 445 165 gesehen
11940 21692 247 165 und
12270 21692 275 165 man
12647 21692 648 165 vermuthet,
13393 21692 224 165 daß

11165 21875 110 165 er
11327 21875 365 165 seinen
11800 21875 295 165 Weg
12177 21875 270 165 über
12557 21875 720 165 Winnebago
13357 21875 265 165 City

11163 22075 264 165 nach
11483 22075 184 165 der
11702 22075 371 165 Iowa
12140 22075 433 165 Grenze
12665 22075 453 165 nimmt.
13307 22075 313 165 She-

11162 22259 183 165 riff
11448 22259 354 165 Finch
11897 22259 205 165 hat
12218 22259 409 165 bereits
12732 22259 900 165 Postal-Karten

11162 22442 430 165 Überall
11628 22442 214 165 hin
11887 22442 590 165 versendet.
12675 22442 480 165 (Mank.
13198 22442 437 165 Beob.)

11590 22709 240 165 Ole
11873 22709 614 165 Sacrison,
12550 22709 178 165 ein
12783 22709 535 165 Schwede
13412 22709 221 165 aus

11158 22859 300 165 ßtke.
11495 22859 602 165 Minfhell,
12125 22859 432 165 Meeker
12617 22859 511 165 County,
13218 22859 420 165 befand

13743 1259 264 165 sich
14070 1259 203 165 auf
14407 1259 196 165 der
14727 1259 715 165 Hasenjagd.
15642 1259 628 165 Ermüdet,

13758 1459 354 165 stützte
14145 1459 113 165 er
14293 1459 264 165 sich
14658 1459 204 165 auf
14975 1459 230 165 sein
15313 1459 525 165 Gewehr,
15927 1459 321 165 beide

13738 1642 412 165 Hände
14250 1642 272 165 über
14630 1642 180 165 die
14932 1642 648 165 Mündung
15705 1642 523 165 desselben

13747 1825 561 165 kreuzend.
14450 1825 257 165 Der
14795 1825 402 165 Schuß
15307 1825 283 165 ging
15688 1825 242 165 los,
16040 1825 205 165 der

13755 2025 807 165 Schießprügel
14600 2025 238 165 flog
14900 2025 430 165 davon,
15407 2025 265 165 aber
15733 2025 270 165 auch
16038 2025 177 165 die

13743 2209 392 165 beiden
14202 2209 460 165 Hände.

14103 2475 220 165 Am
14343 2475 565 165 Dienstag
14948 2475 254 165 vor.
15245 2475 402 165 Woche
15682 2475 378 165 wurde
16098 2475 159 165 in

13735 2659 813 165 Minneapolis
14592 2659 158 165 an
14788 2659 185 165 der
15008 2659 989 165 Eifenbahnbrückc
16033 2659 192 165 der

13735 2842 135 165 1.
13915 2842 448 165 Straße
14403 2842 179 165 die
14618 2842 362 165 Leiche
15033 2859 309 165 eines
15438 2859 535 165 Mannes
16015 2859 200 165 ge-

13745 3042 465 165 funden,
14248 3042 374 165 welche
14682 3042 193 165 als
14917 3042 173 165 die
15155 3042 225 165 von
15420 3042 445 165 Andres
15922 3042 308 165 Ole-

13745 3242 203 165 son
14002 3242 560 165 Styrold,
14647 3242 305 165 eines
15012 3242 730 165 Angestellten
15820 3242 163 165 an
16025 3242 197 165 der

13745 3425 488 165 Canada
14272 3425 818 165 Pacificbahn,
15112 3425 750 165 recognoscirt
15900 3425 313 165 wur-

13745 3625 170 165 de.
13998 3625 182 165 An
14222 3625 185 165 der
14468 3625 364 165 Leiche
14888 3625 377 165 wurde
15303 3625 615 165 allerdings
15978 3625 247 165 eine

13748 3809 652 165 Geschwulst
14508 3809 159 165 an
14777 3809 186 165 der
15072 3809 368 165 linken
15548 3809 339 165 Seite
16015 3809 203 165 des

13738 4009 429 165 Kopfes
14203 4009 609 165 gefunden,
14920 4009 190 165 der
15232 4009 591 165 Annahme
15903 4009 317 165 eines

13743 4209 487 165 Mordes
14270 4209 320 165 steht
14650 4209 260 165 aber
15020 4209 177 165 die
15233 4209 620 165 Thatfache
15972 4209 255 165 ent-

13748 4392 385 165 gegen,
14245 4392 228 165 daß
14575 4392 240 165 eine
14940 4392 670 165 bedeutende
15737 4392 516 165 Summe

13750 4575 468 165 Geldes,
14310 4575 325 165 $569
14675 4575 248 165 und
14963 4575 245 165 eine
15243 4575 307 165 Note
15620 4575 228 165 von
15888 4575 349 165 $300

13743 4775 125 165 in
13913 4775 402 165 seinem
14370 4775 343 165 Besitz
14768 4775 559 165 gefunden
15383 4775 424 165 wurde,
15845 4775 393 165 sowie,

13750 4959 227 165 daß
14103 4959 545 165 nirgends
14773 4959 497 165 Spuren
15392 4959 403 165 irgend
15925 4959 315 165 eines

13748 5142 542 165 Kampfes
14368 5142 662 165 vorhanden
15125 5142 418 165 waren.
15702 5142 528 165 Andern-

13755 5342 323 165 theils
14138 5342 500 165 entdeckte
14738 5342 327 165 man,
15167 5342 226 165 daß
15428 5342 264 165 sich
15808 5342 429 165 Steine

13757 5525 223 165 von
14018 5525 184 165 der
14297 5525 391 165 Wand
14788 5525 204 165 des
15102 5525 526 165 Tunnels
15737 5525 490 165 abgelöst

13748 5725 390 165 hatten
14210 5725 240 165 und
14490 5725 1012 165 heruntergefallen
15600 5725 432 165 waren,
16103 5725 122 165 fo

13753 5925 220 165 daß
14008 5925 174 165 die
14250 5925 432 165 Ansicht
14718 5925 292 165 Halt
15122 5925 538 165 gewinnt,
15758 5925 227 165 daß
16020 5925 192 165 der

13752 6109 396 165 Mann
14192 6109 328 165 durch
14575 6109 318 165 einen
14930 6109 770 165 Unglücksfall
15740 6109 133 165 zu
15908 6109 337 165 Tode

13755 6309 292 165 kam.
14195 6309 247 165 Die
14487 6309 316 165 Jury
14903 6309 225 165 gab
15205 6309 217 165 den
15478 6309 754 165 Wahrspruch

13757 6492 193 165 ab,
14075 6492 223 165 daß
14392 6492 513 165 Styrold
14987 6492 326 165 durch
15403 6492 315 165 einen
15777 6492 460 165 Schlag

13755 6692 200 165 auf
13995 6692 177 165 die
14238 6692 464 165 Schläfe
14740 6692 233 165 von
15063 6692 755 165 unbekannter
15857 6692 373 165 Hand

13757 6875 466 165 getödtet
14277 6875 416 165 wurde.
15052 6875 473 165 (Minn.
15573 6875 225 165 Fr.
15850 6875 235 165 P.)

14102 7142 576 165 „Smiler"
14750 7142 412 165 Colfax
15202 7142 281 165 wird
15547 7142 195 165 am
15782 7142 123 165 8.
15967 7142 246 165 Ja-

13748 7325 297 165 nuar
14087 7325 133 165 in
14268 7325 567 165 Mankato
14877 7325 315 165 einen
15300 7325 517 165 Vortrag
15940 7325 272 165 über

13750 7525 643 165 „Abraham
14433 7525 539 165 Lincoln"
15015 7525 432 165 halten.

14130 7775 243 165 Die
14418 7775 364 165 Jäger
14842 7775 128 165 in
15070 7775 577 165 Mankato
15688 7775 272 165 sind
16080 7775 140 165 in

13742 7975 388 165 großer
14185 7975 717 165 Rufregung,
14942 7975 146 165 da
15125 7975 252 165 dort
15452 7975 233 165 eine
15775 7975 458 165 Anzahl

13742 8159 228 165 sehr
14030 8159 680 165 werthvoller
14782 8159 840 165 Hühnerhunde
15728 8159 487 165 getödtet

13743 8359 312 165 sind.
14168 8359 250 165 Die
14463 8359 419 165 Hunde
14953 8359 342 165 sollen
15423 8359 254 165 dort
15803 8359 429 165 häufig.

13735 8559 332 165 Jagd
14108 8559 199 165 auf
14370 8559 375 165 zahme
14780 8559 470 165 Hühner
15290 8559 472 165 gemacht
15797 8559 431 165 haben.

14087 8809 240 165 Im
14370 8809 375 165 Town
14788 8809 367 165 Medo
15263 8809 334 165 gebar
15655 8809 202 165 vor
15897 8809 305 165 eini-

13733 8992 210 165 gen
14000 8992 405 165 Tagen
14443 8992 235 165 eine
14712 8992 340 165 Frau
15165 8992 275 165 Bell
15550 8992 192 165 ein
15855 8992 373 165 Kiud,

13733 9192 430 165 welches
14195 9192 222 165 nur
14487 9192 75 165 2
14600 9192 417 165 Pfund
15060 9192 242 165 und
15342 9192 83 165 9
15467 9192 388 165 Unzen
15892 9192 303 165 wog.

13722 9392 286 165 Das
14053 9392 337 165 kleine
14427 9392 343 165 Ding
14817 9392 223 165 lebt
15135 9392 240 165 und
15477 9392 131 165 ist
15712 9392 485 165 anfchei-

13728 9575 287 165 nend
14070 9575 342 165 wohl.

14078 9792 220 165 In
14370 9792 643 165 Fountain,
15057 9792 546 165 Fillmore
15695 9792 515 165 County,

13735 9992 122 165 ist
13915 9992 237 165 eine
14187 9992 303 165 Loge
14552 9992 193 165 des
14800 9992 298 165 alten
15137 9992 476 165 Ordens
15683 9992 184 165 der
15927 9992 288 165 Ver.

13728 10175 485 165 Arbeiter
14300 10175 648 165 gegründet.

14088 10425 514 165 Winötta
14643 10425 202 165 hat
14905 10425 193 165 erst
15150 10425 238 165 $50
15447 10425 513 165 Steuern
16000 10425 185 165 für

13720 10625 215 165 das
13992 10625 1038 165 Trunkenboldasyl
15090 10625 475 165 bezahlt.

14075 10842 480 165 Duluth
14600 10842 187 165 als
14888 10842 569 165 Seestadt.
15617 10842 583 165 Während

13723 11025 194 165 des
13950 11025 360 165 letzten
14387 11025 613 165 Sommers
15040 11025 378 165 kamen
15453 11025 170 165 im
15668 11025 520 165 dortigen

13720 11225 377 165 Hafen
14137 11225 158 165 an
14408 11225 244 165 und
14692 11225 410 165 gingen
15170 11225 223 165 fort
15500 11225 167 165 im
15710 11225 480 165 Ganzen

13727 11425 228 165 287
14088 11425 627 165 Dampser,
14753 11425 262 165 191
15058 11425 817 165 amerikanische
15957 11425 250 165 und

13718 11609 162 165 96
13920 11609 663 165 canadische.
14750 11609 243 165 Die
15038 11609 935 165 Zolleinnahmen
16013 11609 212 165 be»

13725 11792 392 165 tragen
14155 11792 568 165 $13,398,
14782 11792 175 165 ein
14993 11792 495 165 Betrag,
15530 11792 192 165 der
15758 11792 220 165 nur
16020 11792 180 165 im

13723 11992 310 165 Jahr
14125 11992 377 165 1875,
14543 11992 175 165 wo
14783 11992 462 165 derselbe
15313 11992 174 165 die
15523 11992 330 165 Höhe
15967 11992 238 165 von

13713 12192 722 165 $16,3C9.f7
14477 12192 528 165 erreichte,
15060 12192 680 165 ubertroffen
15780 12192 183 165 ist.

14072 12409 223 165 In
14417 12409 436 165 voriger
14962 12409 395 165 Woche
15453 12409 489 165 brannte
16063 12409 150 165 in

13717 12592 620 165 Marschall
14462 12592 181 165 ein
14772 12592 355 165 Stall
15245 12592 200 165 des
15578 12592 630 165 Marschalk

13710 12792 342 165 Hotel
14092 12792 200 165 ab.
14432 12792 218 165 In
14690 12792 602 165 demselben
15385 12792 553 165 befanden
15975 12792 263 165 sich

13708 12975 165 165 18
13915 12975 415 165 Pferde
14368 12975 242 165 und
14668 12975 85 165 4
14797 12975 366 165 Kühe,
15203 12975 367 165 welche
15603 12975 595 165 sämmtlich

13712 13159 125 165 in
13882 13159 210 165 den
14127 13159 600 165 Flammen
14767 13159 628 165 umkamen.
15537 13159 246 165 Die
15828 13159 377 165 kranke

13722 13359 323 165 Frau
14167 13359 316 165 Bell,
14528 13359 424 165 Gattin
14995 13359 197 165 des
15325 13359 865 165 Eigenthümers

13722 13542 183 165 des
13937 13542 460 165 Hotels,
14460 13542 367 165 wurde
14905 13542 472 165 dadurch
15432 13542 116 165 so
15603 13542 579 165 angegrif-

13715 13742 225 165 feit,
13980 13742 223 165 daß
14238 13742 140 165 sie
14443 13742 195 165 am
14737 13742 490 165 nächsten
15258 13742 514 165 Morgen
15813 13742 370 165 starb.

14075 13959 218 165 In
14330 13959 598 165 Fountain
14970 13959 285 165 wird
15353 13959 174 165 die
15648 13959 534 165 Bildung

13702 14142 290 165 einer
14052 14142 701 165 Compagnie
14790 14142 443 165 agitirt,
15278 14142 207 165 um
15527 14142 236 165 eine
15842 14142 338 165 große

13695 14342 827 165 Dampfmühle
14562 14342 133 165 zu
14762 14342 525 165 erbauen.

14085 14559 247 165 Die
14377 14559 628 165 katholische
15068 14559 419 165 Schule
15562 14559 133 165 in
15802 14559 373 165 Still-

13707 14742 330 165 water
14097 14742 276 165 wird
14415 14742 227 165 von
14702 14742 241 165 450
14983 14742 500 165 Kindern
15523 14742 474 165 besucht.

14113 14975 519 165 210,598
14730 14975 415 165 Pfund
15237 14975 931 165 Schweinefleisch

13703 15159 447 165 wurden
14205 15159 128 165 in
14442 15159 178 165 der
14675 15159 202 165 mit
14957 15159 241 165 dem
15232 15159 223 165 11.
15563 15159 607 165 Dezember

13700 15342 672 165 endigenden
14428 15342 399 165 Woche
14932 15342 196 165 auf
15190 15342 210 165 den
15433 15342 395 165 Markt
15940 15342 228 165 von

13703 15542 145 165 Le
13885 15542 400 165 Sueur
14327 15542 543 165 gebracht.
15013 15542 250 165 Die
15308 15542 879 165 „Schweinerei"

13703 15742 372 165 scheint
14108 15742 134 165 in
14288 15742 150 165 Le
14517 15742 401 165 Sueur
15020 15742 453 165 County
15535 15742 133 165 zu
15703 15742 469 165 blühen.

14057 15992 321 165 Man
14512 15992 445 165 gfeubt,
14997 15992 228 165 toji
15328 15992 184 165 der
15547 15992 296 165 Bau
15985 15992 187 165 der

13697 16175 911 165 schmalspurigen
14740 16175 633 165 Eisenbahn
15485 16175 225 165 von
15835 16175 328 165 Rush

13700 16359 260 165 City
14002 16359 266 165 nach
14338 16359 767 165 Grantsburg
15148 16359 134 165 zu
15347 16359 476 165 Stande
15865 16359 310 165 kom-

13690 16542 258 165 m.'N
14003 16542 324 165 wird.

14058 16809 284 165 Eine
14380 16809 442 165 Anzahl
14917 16809 470 165 Damen
15468 16809 129 165 in
15643 16809 519 165 Winona

13707 17009 253 165 sind
13998 17009 227 165 von
14332 17009 345 165 einem
14732 17009 493 165 gewissen
15313 17009 172 165 R.
15532 17009 188 165 O.
15813 17009 365 165 Patch

13708 17192 197 165 auf
13965 17192 232 165 sehr
14230 17192 623 165 ungalante
14938 17192 357 165 Weise
15330 17192 747 165 beschwindelt

13708 17375 527 165 Derselbe
14272 17375 201 165 bot
14538 17375 224 165 ein,
14800 17375 200 165 wie
15127 17375 110 165 er
15297 17375 353 165 sagte,
15685 17375 482 165 vorzüg-

13702 17575 311 165 liches
14047 17575 408 165 Mittel
14502 17575 246 165 zum
14830 17575 560 165 Reinigen
15482 17575 183 165 der
15755 17575 417 165 Glace-

13702 17759 675 165 handschuhe
14433 17759 155 165 an
14627 17759 240 165 und
14907 17759 415 165 erzielte
15357 17759 341 165 dofiir
15742 17759 441 165 enorme

13702 17959 433 165 Preise,
14173 17959 227 165 von
14458 17959 812 165 $2.50—$10.
15417 17959 286 165 Das
15775 17959 413 165 Mittel

13723 18142 125 165 ist
13980 18142 713 165 „Humbug",
14735 18142 362 165 Patch
15135 18142 133 165 ist
15305 18142 185 165 ein
15623 18142 549 165 Humbug

13692 18325 236 165 und
14060 18325 282 165 sucht
14448 18325 195 165 sich
14708 18325 210 165 jetzt
14973 18325 187 165 als
15200 18325 573 165 moderner
15917 18325 246 165 Jn-

13693 18509 695 165 diiftrieritter
14428 18509 182 165 ein
14675 18509 467 165 anderes
15178 18509 994 165 Operationsfeld.

14042 18775 775 165 Landverkauf
14990 18775 225 165 von
15343 18775 829 165 Eisenbahnen.

13682 18959 246 165 Die
14040 18959 762 165 Verwaltung
14843 18959 182 165 der
15082 18959 578 165 Nnrthern
15735 18959 437 165 Pacific

13690 19159 640 165 Eisenbahn
14457 19159 201 165 hat
14762 19159 166 165 im
15023 19159 665 165 September
15827 19159 350 165 dieses

13692 19342 433 165 Jahres
14165 19342 445 165 74,000
14670 19342 240 165 und
14950 19342 160 165 im
15152 19342 530 165 Oktober
15722 19342 441 165 83,192

13698 19542 294 165 Acker
14118 19542 332 165 Land
14492 19542 301 165 ihres
14888 19542 417 165 großen
15427 19542 746 165 Landgrants

13700 19725 175 165 für
13917 19725 608 165 $726,000
14565 19725 538 165 verkauft,
15142 19725 236 165 was
15438 19725 354 165 einem
15828 19725 357 165 Preis

13697 19925 225 165 von
13962 19925 266 165 über
14293 19925 374 165 $4.00
14708 19925 195 165 per
15042 19925 303 165 Acker
15403 19925 785 165 gleichkommt.

13677 20109 243 165 Im
13958 20109 440 165 Monat
14483 20109 625 165 November
15203 20109 455 165 wurden
15715 20109 228 165 von
15983 20109 185 165 der

13693 20292 354 165 Bahn
14088 20292 439 165 65,732
14595 20292 297 165 Acker
14958 20292 335 165 Land
15335 20292 178 165 für
15580 20292 602 165 $283,680

13698 20492 152 165 an
13887 20492 165 165 75
14165 20492 423 165 Käufer
14690 20492 537 165 verkauft.
15370 20492 235 165 Im
15707 20492 471 165 Ganzen

13702 20675 233 165 also
13990 20675 133 165 in
14170 20675 213 165 den
14437 20675 356 165 letzten
14827 20675 81 165 3
15025 20675 587 165 Monaten
15653 20675 515 165 222,624

13698 20875 300 165 Acker
14060 20875 178 165 für
14280 20875 765 165 $1,010,680.
15168 20875 422 165 Ferner
15648 20875 122 165 ist
15823 20875 122 165 es
15977 20875 191 165 ein

13697 21059 676 165 erfreuliches
14433 21059 454 165 Zeichen
14945 21059 183 165 flir
15265 21059 173 165 die
15475 21059 675 165 Einwande-

13693 21259 304 165 rung
14038 21259 135 165 in
14268 21259 722 165 Minnesota,
15068 21259 227 165 daß
15330 21259 262 165 auch
15708 21259 464 165 beinahe

13697 21442 381 165 ebenso
14140 21442 270 165 viele
14467 21442 300 165 Acker
14898 21442 990 165 Regierungslat.d
15950 21442 225 165 von

13698 21642 590 165 wirklichen
14347 21642 646 165 Ansiedlern
15102 21642 510 165 während
15695 21642 190 165 der
15922 21642 230 165 letz-

13698 21825 184 165 ten
13918 21825 240 165 drei
14197 21825 503 165 Monate
14768 21825 430 165 gekauft
15235 21825 440 165 worden
15733 21825 282 165 sind.

14148 22059 524 165 Allc«'S
14718 22059 379 165 Lling
15147 22059 546 165 Balsam

13695 22225 173 165 hat
13903 22225 214 165 sich
14150 22225 382 165 erprobt
14620 22225 170 165 als
14877 22225 183 165 dns
15143 22225 329 165 größte
15553 22225 615 165 mtdizinisch?

13690 22359 543 165 Heilmittel
14315 22359 160 165 für
14558 22359 749 165 gmtflcnlcibcn,
15385 22359 153 165 für
15617 22359 566 165 Reinigung

13698 22475 165 165 des
13892 22475 408 165 Blutes,
14337 22475 215 165 und
14587 22475 938 165 Wiederherstelknng
15582 22475 163 165 der
15827 22475 348 165 gesun-

13697 22609 180 165 den
13907 22609 730 165 Beschaffenheit
14693 22609 154 165 der
14877 22609 326 165 Leder.
15330 22609 147 165 Er
15557 22609 388 165 entleert
15977 22609 181 165 den

13707 22759 426 165 Schlei.n
14167 22759 208 165 uoii
14413 22759 179 165 den
14620 22759 447 165 Lnngen,
15122 22759 208 165 und
15393 22759 312 165 balyjt
15778 22759 419 165 dadurch

13703 22875 184 165 den
13918 22875 237 165 Weg
14215 22875 117 165 zu
14363 22875 254 165 einer
14672 22875 730 165 ('ejcijtciv.'.i^icu
15433 22875 487 165 Heilung.
