17346 24555
2532 622 90 146 -v

1308 1822 225 165 Am
1638 1822 497 165 nächsten
2235 1822 537 165 Montag
2878 1822 330 165 fängt
3340 1822 178 165 die

1002 2005 408 165 Union
1590 2005 430 165 Schule
2058 2005 387 165 wieder
2517 2005 211 165 an.

1310 2222 293 165 Das
1647 2222 358 165 zweite
2100 2222 560 165 Semester
2740 2222 192 165 der
3033 2222 487 165 hiesigen

1003 2422 840 165 Normalschnle
1880 2422 235 165 fing
2187 2422 330 165 heute
2553 2422 212 165 an.

1408 2638 249 165 Die
1790 2638 813 165 Schuljungen
2733 2638 410 165 wollen
3263 2638 249 165 ihre

1007 2838 570 165 Schlitten
1677 2838 388 165 wieder
2175 2838 332 165 unter
2617 2838 230 165 das
2938 2838 337 165 Dach
3378 2838 127 165 zu

1008 3038 462 165 stellen.

1298 3288 295 165 Herr
1635 3288 152 165 L.
1837 3288 158 165 A.
2015 3288 468 165 Evans,
2525 3288 190 165 der
2752 3288 740 165 letzterwählte

1000 3488 890 165 Probatrichter,
1985 3488 207 165 hat
2290 3488 195 165 am
2523 3488 152 165 1.
2723 3488 482 165 Januar
3282 3488 223 165 sei«

1012 3672 268 165 Amt
1342 3672 696 165 angetreten.

1138 3938 117 165 I
1312 3938 688 165 Alexandria
2132 3938 578 165 verschiffte
2815 3938 163 165 an
3160 3938 347 165 einem

1005 4122 332 165 Tage
1377 4122 441 165 voriger
1880 4122 398 165 Woche
2312 4122 333 165 5000
2687 4122 421 165 Pfund
3130 4122 375 165 Wild-

998 4322 249 165 pret
1287 4322 273 165 nach
1625 4322 250 165 dem
1910 4322 415 165 Osten.

1340 4555 242 165 Die
1695 4555 977 165 Verhandlungen
2712 4555 190 165 der
2965 4555 465 165 County

1003 4755 732 165 Commissäre
1825 4755 378 165 wegen
2275 4755 512 165 Mangel
2865 4755 163 165 an
3095 4755 398 165 Raum

993 4972 145 165 in
1188 4972 467 165 nächster
1688 4972 602 165 Nummer.

1298 5205 250 165 Der
1618 5205 394 165 Werth
2120 5205 198 165 des
2433 5205 1007 165 Personal-Eigen

1012 5405 390 165 thums
1502 5405 225 165 von
1827 5405 626 165 Morrison
2498 5405 467 165 County
3065 5405 425 165 beläuft

1003 5605 210 165 sich
1263 5605 207 165 aus
1528 5605 660 165 $111,793.

1378 5855 667 165 Innerhalb
2133 5855 192 165 der
2417 5855 528 165 Mauern
3043 5855 454 165 unseres

1012 6038 1335 165 County-Gefängnisses
2385 6038 308 165 sieht
2857 6038 125 165 es
3090 6038 395 165 gegen-

1008 6238 415 165 wärtig
1467 6238 463 165 ziemlich
1992 6238 430 165 einsam
2473 6238 292 165 aus.
2907 6238 585 165 Warum?

1212 6422 125 165 es
1393 6422 640 165 beherbergt
2090 6422 370 165 keinen
2513 6422 504 165 einzigen
3053 6422 340 165 Gast.

1303 6688 245 165 Die
1678 6688 402 165 Firma
2212 6688 540 165 Parsons
2877 6688 385 165 Bros.
3390 6688 100 165 &

1008 6888 524 165 Trossen,
1568 6888 227 165 von
1858 6888 285 165 hier,
2183 6888 577 165 versandte
2897 6888 168 165 im
3200 6888 272 165 Ver-

1000 7072 315 165 lause
1368 7072 404 165 einiger
1837 7072 480 165 Wochen
2375 7072 347 165 gegen
2778 7072 340 165 1000
3210 7072 277 165 Hir-

1008 7288 215 165 sche
1275 7288 270 165 nach
1598 7288 244 165 dem
1877 7288 416 165 Osten.

1290 7538 210 165 In
1588 7538 337 165 Pope
2033 7538 464 165 County
2553 7538 397 165 existirt
2988 7538 289 165 nicht
3313 7538 175 165 ein

1012 7722 463 165 einziger
1553 7722 489 165 Saloon
2145 7722 250 165 und
2513 7722 189 165 bei
2825 7722 187 165 der
3145 7722 358 165 legten

1008 7922 365 165 Wahl
1417 7922 370 165 wurde
1825 7922 287 165 nicht
2185 7922 183 165 ein
2475 7922 717 165 Temperenzz
3252 7922 190 165 Vo

1003 8122 254 165 tum
1298 8122 672 165 abgegeben.

1173 8388 65 165 II
1308 8388 450 165 Bruder
1865 8388 687 165 Wolsgang,
2623 8388 167 165 O.
2833 8388 134 165 S.
3007 8388 206 165 B.,
3287 8388 206 165 Hai

998 8572 279 165 nach
1332 8572 290 165 einer
1683 8572 234 165 von
1998 8572 315 165 Hrn.
2360 8572 238 165 Dr.
2647 8572 491 165 Gilman
3232 8572 198 165 vor

1000 8772 795 165 genommenen
1877 8772 658 165 Operation
2635 8772 215 165 den
2950 8772 525 165 vollkom-

997 8972 396 165 mencn
1525 8972 590 165 Gebrauch
2273 8972 360 165 seines
2782 8972 710 165 Gehörsinns

1015 9172 385 165 wieder
1457 9172 485 165 erlangt.

1325 9438 662 165 Vorgestern
2023 9438 325 165 starb
2388 9438 140 165 zu
2600 9438 603 165 Brockway
3315 9438 128 165 di

975 9622 348 165 Frau
1370 9622 192 165 des
1595 9622 308 165 Hrn.
1968 9622 319 165 Wm.
2392 9622 500 165 Goldon
2995 9622 160 165 an
3295 9622 180 165 der

1000 9822 783 165 Auszehrung.
1877 9822 368 165 Heute
2282 9822 356 165 findet
2678 9822 229 165 daS
2942 9822 526 165 Begräb-

990 10005 212 165 niß
1243 10005 314 165 statt.
1785 10005 348 165 Unser
2202 10005 718 165 aufrichtiges
2958 10005 525 165 Beileid!

1262 10272 286 165 Das
1683 10272 672 165 Personal-
2422 10272 686 165 Eigenthum
3257 10272 225 165 von

1000 10455 722 165 Minnesota,
1855 10455 272 165 zeigt
2257 10455 178 165 die
2573 10455 502 165 Summe
3262 10455 225 165 von

1005 10655 862 165 $54,738,884.
2068 10655 245 165 Ein
2443 10655 300 165 ganz
2822 10655 663 165 erkleckliches

1010 10838 695 165 Sümmchen
1763 10838 180 165 für
2005 10838 320 165 einen
2362 10838 120 165 so
2568 10838 419 165 jungen
3067 10838 430 165 Staat.

1302 11105 205 165 In
1552 11105 663 165 Minnesota
2278 11105 235 165 gibt
2573 11105 120 165 es
2747 11105 230 165 247
3015 11105 453 165 Braue-

1010 11305 350 165 reien,
1398 11305 159 165 30
1628 11305 185 165 En
1822 11305 278 165 gros
2197 11305 1303 165 Liquör-Handlungen,

1007 11488 253 165 und
1300 11488 320 165 2044
1685 11488 603 165 Saloons,
2332 11488 255 165 oder
2622 11488 318 165 einen
3010 11488 487 165 Saloon

1028 11688 180 165 für
1365 11688 550 165 ungefähr
2115 11688 307 165 jeden
2582 11688 918 165 vierhundertsten

1010 11888 453 165 Mann.

1307 12138 243 165 Für
1593 12138 382 165 Herrn
2083 12138 337 165 John
2525 12138 617 165 Edelbrock,
3277 12138 221 165 von

1003 12338 295 165 hier,
1340 12338 235 165 fing
1640 12338 217 165 das
1895 12338 313 165 Neue
2267 12338 318 165 Jahr
2628 12338 282 165 nicht
2983 12338 199 165 gut
3303 12338 209 165 an,

1013 12522 297 165 denn
1367 12522 105 165 er
1535 12522 452 165 verletzte
2020 12522 233 165 sich
2290 12522 192 165 am
2557 12522 321 165 Fuße
2915 12522 247 165 und
3225 12522 277 165 wird

1010 12722 255 165 nun
1308 12722 227 165 eine
1608 12722 537 165 Zeitlang
2185 12722 210 165 den
2430 12722 627 165 Patienten
3097 12722 398 165 spielen

1015 12922 473 165 müssen.

1318 13155 239 165 Ein
1602 13155 543 165 Gespann
2182 13155 420 165 Pferde
2642 13155 488 165 brannte
3237 13155 268 165 vor-

1027 13355 416 165 gestern
1478 13355 395 165 Abend
1910 13355 375 165 durch.
2503 13355 292 165 Das
2838 13355 240 165 eine
3195 13355 297 165 Vor-

1023 13538 410 165 derrad
1563 13538 372 165 wurde
2112 13538 486 165 gänzlich
2728 13538 787 165 zertrümmert,

1020 13738 312 165 doch,
1387 13738 710 165 sonderbarer
2132 13738 406 165 Weise,
2573 13738 257 165 kam
2887 13738 188 165 der
3110 13738 382 165 Fuhr-

1017 13938 370 165 mann
1447 13938 278 165 ohne
1760 13938 393 165 irgend
2220 13938 235 165 eine
2545 13938 655 165 Verletzung
3298 13938 207 165 da-

1028 14138 279 165 von.

1385 14372 245 165 Die
1728 14372 682 165 Einwohner
2473 14372 229 165 von
2740 14372 335 165 Little
3120 14372 387 165 Falls,

1032 14572 601 165 Morrison
1677 14572 268 165 Co.,
2005 14572 483 165 möchten
2545 14572 237 165 eine
2855 14572 260 165 freie
3185 14572 310 165 Fuß-

1043 14755 890 165 gänger-Brücke
1970 14755 270 165 über
2312 14755 215 165 den
2562 14755 686 165 Mississippi
3287 14755 200 165 ha-

1028 14955 272 165 ben.
1602 14955 293 165 Das
1993 14955 570 165 Nämliche
2670 14955 473 165 wünscht
3257 14955 256 165 auch

1040 15155 237 165 St.
1330 15155 427 165 Cloud.

1388 15405 242 165 Die
1675 15405 300 165 Zeit,
2082 15405 173 165 wo
2352 15405 278 165 man
2730 15405 295 165 beim
3062 15405 446 165 Kaufen

1045 15588 310 165 eines
1467 15588 510 165 Tnrkcys
2087 15588 215 165 das
2408 15588 882 165 Geruchsorgan
3392 15588 125 165 zu

1037 15788 381 165 Nathe
1457 15788 360 165 ziehen
1887 15788 421 165 mußte,
2378 15788 199 165 um
2617 15788 173 165 die
2850 15788 250 165 Zeit
3142 15788 136 165 zu
3350 15788 155 165 er-

1033 15972 512 165 mittel»,
1643 15972 357 165 wann
2078 15972 187 165 der
2372 15972 301 165 arme
2740 15972 278 165 Kerl
3107 15972 408 165 geköpft

1040 16172 455 165 worden
1532 16172 191 165 ist,
1838 16172 285 165 wird
2205 16172 628 165 hoffentlich
2918 16172 277 165 bald
3275 16172 237 165 ver-

1043 16372 649 165 schwinden.

1328 16622 455 165 Gestern
1842 16622 370 165 wurde
2248 16622 130 165 in
2448 16622 390 165 Anoka
2895 16622 235 165 eine
3195 16622 322 165 Bür-

1050 16805 1130 165 ger-Versammlung
2285 16805 718 165 abgehalten,
3123 16805 392 165 Behuf*

1037 17005 715 165 Erwägung,
1792 17005 140 165 ob
1967 17005 281 165 man
2288 17005 190 165 der
2515 17005 997 165 zwisch«.iPrince-

1037 17205 206 165 ton
1303 17188 239 165 und
1637 17188 391 165 Anoka
2125 17188 138 165 zu
2342 17188 703 165 erbauenden
3133 17188 390 165 Eisen-

1037 17388 323 165 bahn
1483 17388 910 165 Bewilligungen
2555 17388 590 165 gewähren
3275 17388 252 165 sollt

1045 17588 265 165 oder
1345 17588 337 165 nicht.

1398 17838 467 165 Farmer
1905 17838 550 165 brauchen
2543 17838 377 165 wegen
2953 17838 189 165 der
3203 17838 312 165 Heu-

1047 18038 498 165 schrecken
1657 18038 286 165 keine
2058 18038 340 165 Angst
2502 18038 305 165 mehr
2890 18038 142 165 zu
3095 18038 430 165 Haiben.

1042 18222 265 165 Eier
1385 18222 243 165 sind
1717 18222 290 165 keine
2088 18222 299 165 mehr
2497 18222 205 165 da,
2797 18222 303 165 denn
3210 18222 313 165 wen«'

1040 18422 343 165 solche
1442 18422 645 165 vorhanden
2145 18422 415 165 wären,
2645 18422 120 165 so
2850 18422 455 165 mußten
3342 18422 178 165 bei

1043 18605 394 165 diesem
1495 18605 412 165 Welter
2015 18605 182 165 die
2292 18605 415 165 kleinen
2743 18605 455 165 Bestien
3255 18605 270 165 bald

1042 18788 223 165 aus
1325 18788 205 165 den
1590 18788 343 165 Eiern
2025 18788 458 165 kriechen
2570 18788 255 165 oder
2933 18788 319 165 schon
3335 18788 178 165 ge-

1033 19005 444 165 krochen
1512 19005 275 165 sein.

1340 19288 672 165 Fenzposten
2117 19288 360 165 setzen,
2585 19288 287 165 ohne
2940 19288 335 165 Frost
3368 19288 162 165 im

1037 19472 415 165 Boden
1510 19472 133 165 zu
1677 19472 430 165 finden,
2147 19472 528 165 Pflügen
2717 19472 213 165 k.,
2942 19472 243 165 und
3225 19472 280 165 zwar

1038 19655 132 165 in
1217 19655 666 165 Minnesota
1990 19655 165 165 im
2240 19655 447 165 Monat
2770 19655 532 165 Januar,
3395 19655 127 165 isi

1033 19855 330 165 Heuer
1450 19855 153 165 an
1697 19855 180 165 der
1985 19855 973 165 Tagesordnung.
3118 19855 409 165 Sollte

1045 20038 123 165 es
1223 20038 145 165 da
1425 20038 263 165 noch
1742 20038 513 165 Jemand
2295 20038 388 165 geben,
2788 20038 187 165 der
3052 20038 133 165 es
3240 20038 285 165 nich!

1045 20238 483 165 glauben
1587 20238 273 165 will,
1960 20238 222 165 daß
2278 20238 177 165 die
2490 20238 302 165 Erde
2830 20238 233 165 sich
3100 20238 413 165 dreht?

1043 20438 179 165 Es
1263 20438 419 165 scheint,
1773 20438 185 165 als
2060 20438 142 165 ob
2237 20438 186 165 sie
2523 20438 215 165 jetzt
2828 20438 314 165 schon
3245 20438 278 165 halb

1035 20622 878 165 umgekehrt
1992 20622 193 165 sei.

1213 20922 52 165 j|
1473 20922 289 165 Den
1867 20922 546 165 Ehebnnd
2533 20922 504 165 schloffen
3163 20922 354 165 letzten

1032 21105 580 165 Dienstag
1707 21105 543 165 Fräulein
2352 21105 321 165 Jean
2748 21105 174 165 G.
3010 21105 505 165 Mitchell

1037 21288 235 165 von
1328 21288 230 165 St.
1610 21288 427 165 Clond,
2113 21288 202 165 mit
2415 21288 385 165 Herrn
2842 21288 255 165 Dr.
3148 21288 370 165 Chas.

1038 21488 162 165 E.
1247 21488 485 165 Walton
1775 21488 235 165 von
2022 21488 641 165 Hamilton,
2705 21488 387 165 Ohio.
3135 21488 333 165 Frän

1033 21672 234 165 lein
1308 21672 514 165 Mitchell
1845 21672 128 165 ist
2008 21672 234 165 eine
2275 21672 223 165 sehr
2573 21672 517 165 gebildete
3125 21672 382 165 Dame

1035 21855 250 165 und
1325 21855 173 165 die
1567 21855 601 165 Schwester
2203 21855 192 165 des
2427 21855 845 165 Herausgebers
3328 21855 174 165 der

1023 22055 494 165 hiesigen
1553 22055 945 165 Journal-Preß.
2542 22055 515 165 Dieselbe
3093 22055 412 165 machte

1023 22255 169 165 im
1235 22255 365 165 legten
1662 22238 373 165 Jahre
2143 22238 242 165 eine
2492 22238 316 165 Tour
2902 22238 266 165 nach
3265 22238 242 165 dem

1040 22438 457 165 schönen
1530 22438 805 165 Deutschland,
2395 22438 268 165 über
2700 22438 427 165 welches
3192 22438 138 165 sie
3378 22438 132 165 in

1032 22638 460 165 hiesiger
1550 22638 892 165 Journal-Preß
2535 22638 233 165 sehr
2865 22638 363 165 schöne
3280 22638 217 165 Ar-

1035 22822 253 165 tikel
1327 22822 461 165 lieferte.
1902 22822 305 165 Zum
2247 22822 426 165 Bunde
2713 22822 385 165 unsere
3153 22822 352 165 wohl-

1045 23005 533 165 gemeinte
1633 23005 800 165 Gratulation.

3937 1338 286 165 DaS
4297 1338 438 165 holpert
4793 1338 240 165 und
5070 1338 513 165 humpert
5655 1338 122 165 in
5867 1338 215 165 den

3593 1522 527 165 Straßen
4160 1522 233 165 St.
4445 1522 540 165 Cloud's,
5097 1522 201 165 als
5342 1522 150 165 ob
5547 1522 531 165 dieselben

3590 1722 215 165 mit
3860 1722 503 165 Steinen
4403 1722 622 165 gepflastert
5097 1722 426 165 wären.

3758 1988 72 165 fl
3870 1988 293 165 Herr
4205 1988 205 165 I.
4432 1988 185 165 D.
4665 1988 300 165 Carr
5008 1988 232 165 von
5280 1988 345 165 Sauk
5665 1988 240 165 Gen
5908 1988 177 165 Ire

3585 2172 338 165 besitzt
4017 2172 240 165 eine
4347 2172 316 165 Kuh,
4773 2172 172 165 17
4987 2172 560 165 «Monate
5652 2172 246 165 und
5997 2172 78 165 5

3612 2355 303 165 Tage
3993 2355 224 165 alt,
4313 2355 375 165 welche
4747 2355 360 165 .schon
5193 2355 472 165 reichlich
5700 2355 370 165 Milch

3587 2538 290 165 gibt.

3850 2805 345 165 Beim
4237 2805 520 165 Dativen
4798 2805 309 165 eines
5142 2805 460 165 Briefes
5642 2805 435 165 schreibt

3570 3005 282 165 man
3945 3005 210 165 jetzt
4265 3005 165 165 „1
4452 3005 188 165 87
4685 3005 152 165 8"
4882 3005 240 165 und
5162 3005 275 165 nicht
5515 3005 310 165 mehr
5862 3005 205 165 w-e

3575 3188 417 165 srüh-r
4118 3188 390 165 1877.
4693 3188 832 165 Briesschreiber
5665 3188 402 165 ausge-

3577 3388 266 165 paßt

3747 3638 71 165 fl
3947 3638 298 165 Herr
4355 3638 193 165 S.
4582 3638 215 165 M.
4892 3638 383 165 Bruce
5377 3638 235 165 von
5713 3638 350 165 Sauk

3583 3822 404 165 Centre
4118 3822 370 165 kaufte
4595 3822 695 165 vergangene
5398 3822 404 165 Woche
5898 3822 169 165 40

3592 4022 296 165 Acker
3947 4022 328 165 gutes
4312 4022 626 165 Holzland.
5018 4022 542 165 Dasselbe
5595 4022 132 165 ist
5763 4022 279 165 etwa

3578 4205 79 165 5
3695 4205 450 165 Meilen
4240 4205 228 165 von
4558 4205 247 165 dem
4862 4205 631 165 Städtchen
5583 4205 397 165 entfen

3572 4388 253 165 und
3865 4388 318 165 kostet
4280 4388 272 165 bloß
4590 4388 293 165 $75.

3750 4655 72 165 fl
3950 4655 242 165 Ein
4290 4655 392 165 kleiner
4777 4655 405 165 Junge
5223 4655 199 165 des
5475 4655 380 165 Herrn

3568 4838 447 165 Harrick
4053 4838 230 165 von
4322 4838 445 165 Anoka,
4807 4838 426 165 welcher
5267 4838 350 165 letzten
5672 4838 380 165 Mon-

3580 5038 202 165 tag
3880 5038 205 165 mit
4193 5038 355 165 einem
4652 5038 861 165 Taschenmesser
5630 5038 422 165 spielte,

3577 5222 301 165 hatte
3917 5222 221 165 das
4200 5222 533 165 Unglück,
4770 5222 200 165 sich
5025 5222 360 165 damit
5425 5222 177 165 iric
5668 5222 384 165 beiden

3583 5422 795 165 Vorderfinger
4438 5422 877 165 abzuschneiden.

3743 5672 72 165 fl
3877 5672 220 165 Am
4192 5672 776 165 vergangenen
5005 5672 528 165 Montag
5620 5672 438 165 Abend,

3583 5872 179 165 iils
3823 5872 189 165 am
4048 5872 540 165 Abschluß
4623 5872 197 165 des
4883 5872 440 165 Jahres
5363 5872 389 165 1877,
5795 5872 277 165 fand

3577 6055 125 165 in
3745 6055 185 165 der
3990 6055 480 165 hiesigen
4507 6055 698 165 Pfarrkirche
5270 6055 238 165 eine
5563 6055 184 165 der
5810 6055 233 165 Ge-

3573 6238 532 165 legenheit
4243 6238 739 165 angemessene
5110 6238 933 165 Danksagungs-

3577 6438 316 165 Feier
3932 6438 315 165 statt.

3863 6705 290 165 Das
4235 6705 425 165 gelinde
4768 6705 417 165 Wetter
5312 6705 210 165 hat
5652 6705 376 165 unser:

3755 6888 758 165 schäftsleuten
4570 6888 217 165 arg
4828 6888 709 165 mitgespielt,
5575 6888 247 165 und
5938 6888 110 165 tv

3573 7088 359 165 Folge
3970 7088 345 165 dessen
4385 7088 337 165 sahen
4757 7088 176 165 die
5030 7088 1023 165 Verkaufs-LokaU

3575 7272 270 165 „öde
3882 7272 201 165 wie
4148 7272 174 165 die
4417 7272 720 165 Lüneburger
5240 7272 443 165 Haide"
5793 7272 267 165 aus.

3580 7472 652 165 Hoffentlich
4270 7472 283 165 wird
4618 7472 184 165 der
4910 7472 593 165 grimmige
5597 7472 465 165 Boreas

3575 7672 273 165 bald
3973 7672 230 165 sein
4327 7672 653 165 Erscheinen
5127 7672 491 165 machen,
5747 7672 311 165 dann

3580 7855 417 165 „werds
4053 7855 625 165 annersch."

3742 8105 71 165 fl
3853 8105 254 165 Der
4177 8105 235 165 von
4452 8105 411 165 uusern
4900 8105 733 165 Feuerleuten
5728 8105 317 165 gege-

3577 8305 263 165 bene
3952 8305 506 165 jährliche
4553 8305 945 165 Nenjahrs-Ball
5583 8305 235 165 war
5928 8305 125 165 in

3590 8522 270 165 jeder
3957 8522 493 165 Hinsicht
4582 8522 186 165 ein
4850 8522 538 165 success.
5528 8522 214 165 In
5863 8522 169 165 de

3575 8705 375 165 ebenso
4060 8705 768 165 geräumigen,
4957 8705 191 165 als
5262 8705 786 165 geschmackvoll

3572 8905 575 165 verzierten
4183 8905 345 165 Halle
4630 8905 550 165 befanden
5273 8905 199 165 sich
5557 8905 281 165 etwa
5898 8905 157 165 80

3570 9105 430 165 Paare,
4040 9105 370 165 welche
4468 9105 247 165 dem
4773 9105 349 165 Takte
5160 9105 187 165 der
5447 9105 228 165 von
5748 9105 285 165 Ful-

3567 9288 155 165 ler
3838 9288 117 165 &
4072 9288 531 165 Abbott's
4730 9288 567 165 Orchester
5423 9288 620 165 gelieferten

3573 9488 659 165 Tanzmusik
4333 9488 504 165 folgend,
4910 9488 202 165 sich
5178 9488 177 165 tin
5402 9488 646 165 Terpsicho-

3577 9688 293 165 cen's
3905 9688 358 165 Kunst
4327 9688 568 165 ergötzten.

3742 9938 71 165 fl
3853 9938 249 165 Die
4147 9938 675 165 „Montreal
4867 9938 525 165 Gazette"
5448 9938 604 165 (Kanada)

3570 10122 485 165 berichtet
4120 10122 128 165 in
4293 10122 292 165 ihrer
4645 10122 357 165 letzten
5035 10122 632 165 Nummer:
5760 10122 288 165 „Ein

3583 10322 382 165 Rann
4077 10322 375 165 wurde
4562 10322 591 165 verhaftet,
5255 10322 258 165 weil
5612 10322 111 165 er
5825 10322 225 165 nur

3563 10522 365 165 drei
3988 10522 474 165 Frauen
4547 10522 321 165 hat."
5030 10522 563 165 Vielleicht
5682 10522 366 165 würde

3568 10705 109 165 er
3735 10705 290 165 nicht
4063 10705 174 165 die
4333 10705 855 165 Bekanntschaft
5288 10705 184 165 der
5525 10705 512 165 Gefäng-

3570 10905 525 165 nißzellen
4152 10905 483 165 gemacht
4670 10905 422 165 haben,
5202 10905 325 165 wenn
5605 10905 105 165 er
5743 10905 275 165 statt

3568 11105 365 165 drei
3993 11105 334 165 gleich
4383 11105 180 165 ein
4602 11105 405 165 halbes
5045 11105 562 165 Dutzend.
5645 11105 397 165 aufzu-

3575 11288 388 165 weisen
4022 11288 401 165 gehabt
4460 11288 353 165 hätte.

3743 11538 72 165 fl
3855 11538 248 165 Die
4167 11538 478 165 werlhcn
4683 11538 610 165 Einsender
5357 11538 190 165 der
5633 11538 135 165 in
5817 11538 225 165 die-

3578 11738 155 165 ser
3797 11738 543 165 Nummer
4378 11738 289 165 nicht
4740 11738 137 165 zu
4975 11738 370 165 Druck
5453 11738 587 165 gekomme-

3583 11922 214 165 uen
3852 11922 421 165 Artikel
4315 11922 428 165 werden
4853 11922 262 165 gest.
5207 11922 848 165 entschuldigen.

3577 12122 171 165 Es
3805 12122 220 165 gab
4085 12122 180 165 der
4365 12122 422 165 Artikel
4875 12122 120 165 so
5092 12122 330 165 viele,
5522 12122 221 165 daß
5850 12122 193 165 wir

3582 12322 195 165 mit
3817 12322 245 165 dem
4128 12322 354 165 besten
4513 12322 425 165 Willen
5005 12322 243 165 dem
5283 12322 544 165 Wunsche
5862 12322 175 165 der

3578 12505 504 165 geehrten
4227 12505 436 165 Herren
4818 12505 284 165 nicht
5290 12505 768 165 nachkommen

3578 12705 520 165 konnten.
4258 12705 484 165 Werden
4822 12705 583 165 probiun,
5475 12705 222 165 das
5758 12705 295 165 Ver-

3582 12905 413 165 säumte
4030 12905 790 165 nachzuholen.

3740 13155 62 165 II
3883 13155 584 165 Während
4568 13155 199 165 des
4865 13155 703 165 verflossenen
5630 13155 418 165 Schul-

3585 13355 432 165 iahres,
4057 13355 438 165 welches
4547 13355 191 165 am
4775 13355 148 165 1.
4972 13355 436 165 Dezbr.
5432 13355 326 165 1877
5817 13355 243 165 zum

3588 13538 535 165 Abschluß
4160 13538 288 165 kam,
4503 13538 567 165 besuchten
5103 13538 254 165 193
5463 13538 605 165 Zöglinge,

3585 13722 583 165 (darunter
4208 13722 160 165 63
4437 13722 610 165 männliche
5083 13722 247 165 und
5370 13722 272 165 131
5730 13722 322 165 weib-

3582 13922 308 165 liche)
3985 13922 177 165 die
4285 13922 402 165 hiesige
4810 13922 878 165 Normalschule.
5833 13922 235 165 Im

3583 14105 1275 165 Model-Departement
4898 14105 187 165 der
5157 14105 613 165 nämlichen
5807 14105 238 165 An-

3592 14305 291 165 stalt,
3922 14305 553 165 befanden
4510 14305 228 165 sich
4773 14305 165 165 96
4978 14305 534 165 Schüler.

3930 14572 293 165 Herr
4265 14572 343 165 Peter
4647 14572 408 165 Hahn,
5162 14572 228 165 von
5470 14572 600 165 Leedston,

3597 14755 363 165 wurde
3997 14755 133 165 in
4177 14755 196 165 der
4437 14755 1218 165 letztstattgefundenen,
5692 14755 348 165 regel-

3593 14955 517 165 maßigen
4168 14955 489 165 Sitzung
4733 14955 184 165 der
4975 14955 1088 165 County-Commis-

3602 15138 228 165 säre
3890 15138 225 165 von
4172 15138 571 165 denselben
4840 15138 185 165 als
5085 15138 373 165 -deren
5540 15138 523 165 Vorsitzer

3598 15338 660 165 einstimmig
4297 15338 531 165 ernannt.
4988 15338 182 165 Es
5212 15338 128 165 ist
5442 15338 348 165 dieses
5890 15338 180 165 ein

3602 15522 453 165 schönes
4155 15522 527 165 Zeugniß
4783 15522 180 165 für
5060 15522 177 165 die
5308 15522 764 165 Bewährtheit

3603 15722 230 165 und
3872 15722 676 165 Tüchtigkeit
4652 15722 195 165 des
4942 15722 640 165 erwähnten
5657 15722 426 165 Herrn,

3598 15905 180 165 der
3860 15905 300 165 denn
4235 15905 268 165 auch
4600 15905 137 165 in
4843 15905 657 165 gemessenen
5597 15905 478 165 Worten

3607 16105 171 165 für
3820 16105 180 165 die
4077 16105 243 165 ihm
4362 16105 558 165 erwiesene
4977 16105 301 165 Ehre
5318 16105 437 165 dankte.

3890 16355 415 165 Letzten
4340 16355 532 165 Montag
4982 16355 536 165 ereignete
5618 16355 129 165 es
5827 16355 256 165 fich,

3600 16555 223 165 daß
3920 16555 180 165 die
4198 16555 422 165 Pferde
4722 16555 200 165 des
5022 16555 1056 165 Omnibusführers

3608 16738 922 165 durchbrannten,
4637 16738 528 165 während
5203 16738 112 165 er
5420 16738 360 165 damit
5878 16738 142 165 be

3620 16938 477 165 jchäftigt
4207 16938 290 165 war,
4612 16938 216 165 den
4918 16938 754 165 Paßagieren
5777 16938 305 165 beim

3620 17122 650 165 Aussteigen
4307 17122 193 165 zur
4562 17122 361 165 Hand
5000 17122 135 165 zu
5220 17122 393 165 gehen.
5738 17122 349 165 Man

3610 17322 293 165 holte
3940 17322 173 165 die
4150 17322 432 165 Pferde
4663 17322 190 165 bei
4892 17322 186 165 der
5113 17322 629 165 Postofsice
5815 17322 263 165 wie-

3615 17505 182 165 der
3853 17505 230 165 ein,
4123 17505 764 165 uachdem'die
4905 17505 1182 165 PferdeäinenZuten

3618 17705 329 165 Theil
3988 17705 184 165 der
4207 17705 398 165 Stadt
4652 17705 401 165 pafsirt
5095 17705 450 165 hatten,
5563 17705 249 165 und
5852 17705 238 165 dies

3607 17888 833 165 merkwürdiger
4508 17888 407 165 Weise,
4983 17888 289 165 ohne
5307 17888 321 165 einen
5697 17888 386 165 Scha-

3607 18088 210 165 den
3868 18088 139 165 zu
4042 18088 773 165 Herursachen.

3982 18338 958 165 Neujahrsabend
5018 18338 314 165 wäre
5372 18338 120 165 es
5593 18338 492 165 zwischen

3587 18522 178 165 I.
3808 18522 585 165 Sullivan
4498 18522 225 165 von
4835 18522 342 165 Sa«k
5280 18522 462 165 Rapids
5847 18522 240 165 und

3602 18722 353 165 einem
3990 18722 513 165 Manne,
4545 18722 525 165 Namens
5108 18722 409 165 Ryan,
5560 18722 228 165 von
5858 18722 230 165 St.

3605 18922 427 165 Cloud,
4182 18922 140 165 zu
4453 18922 299 165 einer
4912 18922 1168 165 ordonnanzmWgen

3602 19105 468 165 Keilerei
4150 19105 680 165 gekommen,
4945 19105 398 165 Bitten
5387 19105 260 165 sich
5798 19105 279 165 nicht

3603 19305 884 165 Friedensstifter
4573 19305 810 165 vorgefunden.

4222 19588 256 165 Mc
4530 19588 377 165 welche
4967 19588 246 165 dem
5248 19588 817 165 Unterzeichne­

3607 19738 180 165 ten
3912 19738 208 165 auf
4248 19738 389 165 Noten
4768 19738 259 165 oder
5210 19738 867 165 Buchrechming

3608 19905 535 165 schulden,
4220 19905 430 165 werden
4748 19905 447 165 hiermit
5275 19905 448 165 ersucht,
5828 19905 252 165 ihre

3592 20055 611 165 Rechnung
4240 20055 198 165 bis
4480 20055 250 165 zum
4765 20055 230 165 15.
5040 20055 347 165 dieses
5403 20055 514 165 Monats
5960 20055 128 165 in

3605 20222 775 165 Ordnungen
4422 20222 528 165 bringen.
5137 20222 323 165 Nach
5565 20222 455 165 benasn

3585 20372 233 165 lern
3893 20372 470 165 Datum
4437 20372 448 165 werden
4973 20372 177 165 die
5218 20372 389 165 Noten
5732 20372 353 165 eivem

3607 20538 640 165 Aovotalen
4287 20538 251 165 zum
4657 20538 660 165 Colleltiren
5418 20538 622 165 übergeben

3593 20738 59 165 2
4673 20738 62 165 a
5068 20738 64 165 a

3765 21105 70 165 fl
3877 21105 251 165 Die
4252 21105 335 165 Frau
4715 21105 202 165 des
5030 21105 390 165 Herrn
5552 21105 523 165 Theodsr

3597 21288 510 165 Niehaus
4145 21288 232 165 von
4438 21288 670 165 Richmond,
5147 21288 373 165 welche
5552 21288 193 165 seit
5808 21288 210 165 lä«

3597 21472 295 165 gerer
3950 21472 255 165 Zeit
4248 21472 157 165 an
4507 21472 898 165 Geistesstörung
5500 21472 248 165 litt,
5838 21472 239 165 und

3588 21672 424 165 infolge
4050 21672 353 165 dessen
4463 21672 134 165 in
4643 21672 810 165 vergangenem
5490 21672 582 165 Frühjahr

3590 21855 265 165 nach
3907 21855 188 165 der
4130 21855 377 165 Irren
4667 21855 440 165 Anstalt
5225 21855 137 165 in
5410 21855 235 165 St.
5723 21855 339 165 Peter

3592 22055 493 165 gebracht
4120 22055 417 165 wurde,
4630 22055 135 165 ist
4895 22055 365 165 letzten
5383 22055 675 165 September

3582 22238 455 165 daselbst
4087 22238 321 165 ihren
4448 22238 409 165 Leiden
4917 22238 471 165 erlegen.

3725 22438 295 165 Herr
4062 22438 523 165 Niehaus
4623 22438 210 165 hat
4940 22438 497 165 Schritte
5477 22438 595 165 getroffen,'

3577 22638 178 165 die
3793 22638 607 165 Ucbenestc
4467 22638 338 165 seiner
4838 22638 342 165 Frau
5243 22638 135 165 zu
5473 22638 592 165 erlangen,

3578 22822 199 165 um
3817 22822 530 165 dieselben
4433 22822 135 165 in
4688 22822 339 165 seiner
5132 22822 926 165 Pfarrgemeinde

3585 23022 133 165 zu
3752 23022 620 165 Richmond
4410 23022 580 165 beerdigen
5047 23022 141 165 zu
5227 23022 395 165 lassen.

5718 1005 487 165 Äo'":."
7918 988 95 165 S

6453 1338 242 165 Ein
6783 1338 995 165 unternehmendes
7815 1338 808 165 Jndividibum

6150 1538 392 165 raubfc
6598 1538 334 165 dieser
6995 1538 325 165 Tage
7378 1538 354 165 einem
7785 1538 310 165 alten
8135 1538 517 165 ötaitne,.

6143 1722 49 165 N
6238 1722 39 165 a
6595 1722 43 165 S

6152 1922 318 165 einen
6550 1922 428 165 ganzen
7060 1922 730 165 Heuschober.
7943 1922 332 165 Man
8358 1922 279 165 muß

6142 2105 131 165 in
6320 2105 187 165 der
6567 2105 718 165 Verachtung
7323 2105 340 165 seiner
7727 2105 303 165 selbst
8062 2105 320 165 schon
8440 2105 183 165 tief

6150 2288 532 165 gesunken
6738 2288 270 165 sein,
7043 2288 204 165 um
7305 2288 238 165 eine
7602 2288 345 165 solche
8005 2288 320 165 That
8368 2288 249 165 ver-

6143 2488 300 165 üben
6545 2488 142 165 zu
6782 2488 483 165 können.
7410 2488 260 165 Der
7782 2488 425 165 Schuft
8320 2488 308 165 sollte

6143 2672 667 165 gezwungen
6918 2672 434 165 werden
7452 2672 478 165 können,
8030 2672 220 165 das
8367 2672 256 165 Heu

6150 2872 327 165 selber
6562 2872 806 165 aufzufressen!

6308 3138 70 165 fl
6417 3138 376 165 Wenn
6832 3138 411 165 andere
7305 3138 755 165 Zeitschriften
8117 3138 120 165 so
8287 3138 345 165 rasch,

6140 3322 202 165 wie
6475 3322 187 165 der
6775 3322 783 165 „Nordstern",
7652 3322 320 165 ihren
8012 3322 605 165 Leserkreis

6138 3505 695 165 ausdehnen,
6870 3505 245 165 und
7178 3505 197 165 wir
7448 3505 449 165 Jossen,
8023 3505 232 165 daß
8383 3505 239 165 dies

6137 3705 183 165 der
6355 3705 283 165 Fall
6687 3705 193 165 sei,
6915 3705 313 165 dann
7267 3705 245 165 sind
7548 3705 197 165 wir
7788 3705 189 165 zur
8032 3705 591 165 Annahme

6132 3888 615 165 berechtigt,
6783 3888 224 165 daß
7063 3888 390 165 unsere
7562 3888 813 165 verständigen,
8412 3888 188 165 ge-

6138 4088 520 165 wandten
6735 4088 247 165 und
7087 4088 765 165 erfolgreichen
7952 4088 671 165 Deutschen,

6140 4272 363 165 welche
6563 4272 369 165 früher
6988 4272 247 165 dem
7270 4272 388 165 Lesen,
7695 4272 667 165 namentlich
8425 4272 187 165 der

6133 4455 554 165 deutschen
6768 4455 635 165 Zeitungen
7510 4455 583 165 abgeneigt
8202 4455 418 165 waren,

6130 4655 293 165 rasch
6475 4655 227 165 aus
6740 4655 185 165 der
6990 4655 368 165 Mode
7400 4655 537 165 kommen.

6423 4905 409 165 Einem
6872 4905 925 165 Specialberichte
7895 4905 202 165 des
8167 4905 228 165 „N.
8442 4905 136 165 N

6120 5105 497 165 Herald"
6677 5105 223 165 aus
6995 5105 320 165 Rom
7422 5105 435 165 zufolge
7935 5105 130 165 ist
8102 5105 186 165 der
8365 5105 240 165 Ge-

6133 5288 1029 165 sundheitszustand
7198 5288 197 165 des
7458 5288 174 165 hl.
7677 5288 426 165 VaterS
8142 5288 181 165 ein
8397 5288 195 165 zu-

6138 5488 199 165 ter.
6490 5488 165 165 Er
6768 5488 242 165 gibt
7123 5488 400 165 täglich
7632 5488 633 165 Audienzen
8370 5488 240 165 und

6130 5688 283 165 feine
6538 5688 397 165 Kräfte
7092 5688 471 165 nehmen
7698 5688 600 165 zusehends
8430 5688 180 165 zu.

6133 5872 372 165 Seine
6545 5872 382 165 Aerzte
6963 5872 269 165 sind
7290 5872 185 165 der
7537 5872 483 165 Ansicht,
8093 5872 229 165 daß
8358 5872 234 165 die-

6133 6055 167 165 ses
6408 6055 870 165 Wohlbefinden
7338 6055 255 165 Sr.
7692 6055 581 165 Heiligkeit
8387 6055 221 165 von

6135 6238 383 165 langer
6555 6238 413 165 Dauer
7040 6238 227 165 sein
7343 6238 327 165 wird.

6303 6505 72 165 fl
6487 6505 258 165 Wie
6785 6505 200 165 wir
7050 6505 132 165 in
7258 6505 187 165 der
7547 6505 465 165 vorigen
8052 6505 538 165 Nummer

6142 6705 185 165 )es
6385 6705 738 165 „Nordstern"
7163 6705 689 165 berichteten,
7945 6705 128 165 ist
8132 6705 423 165 vergan

6150 6888 252 165 jene
6460 6888 400 165 Woche
6948 6888 187 165 ein
7240 6888 798 165 grauenhafter
8077 6888 515 165 Kirchen-

6137 7088 286 165 raub
6462 7088 133 165 in
6642 7088 186 165 der
6953 7088 240 165 St.
7232 7088 1141 165 Bonifacius-Kirche
8485 7088 127 165 zu

6132 7272 533 165 Buffalo,
6708 7272 182 165 N.
6908 7272 220 165 ?).,
7170 7272 385 165 verübt
7620 7272 498 165 worden.
8272 7272 333 165 Seit-

6138 7472 182 165 her
6443 7472 130 165 ist
6688 7472 289 165 man
7055 7472 322 165 schon
7465 7472 250 165 drei
7795 7472 190 165 der
8043 7472 579 165 Schurken

6137 7672 470 165 habhaft
6668 7672 632 165 geworden.
7440 7672 317 165 Ihre
7788 7672 454 165 Nomen
8280 7672 323 165 sind:

6140 7855 330 165 John
6540 7855 623 165 Freebury,
7262 7855 570 165 Christian
7937 7855 335 165 Brotz
8382 7855 240 165 und

6137 8038 428 165 Joseph
6600 8038 697 165 Hoffmann.
7462 8038 250 165 Alle
7813 8038 240 165 drei
8093 8038 269 165 sind
8425 8038 188 165 als

6147 8238 961 165 Zuchthausvögel
7122 8238 648 165 berüchtigt.
7808 8238 330 165 Man
8183 8238 447 165 glaubt,

6138 8438 174 165 •in
6353 8438 487 165 Vierter,
6932 8438 513 165 vielleicht
7528 8438 267 165 auch
7897 8438 180 165 ein
8115 8438 477 165 Fünfter

6128 8655 149 165 sei
6308 8655 570 165 betheiligt
6973 8655 529 165 gewesen.

6518 8905 75 165 6
7170 8905 70 165 8
7297 8905 236 165 „M
7657 8905 268 165 ß-P
8238 8905 70 165 s$
8403 8905 194 165 n."

6135 9105 347 165 Unser
6548 9105 350 165 Vakr
6945 9105 587 165 Wilhelm,
7615 9105 187 165 der
7887 9105 238 165 Du
8198 9105 205 165 bist
8482 9105 128 165 in

6125 9288 460 165 Berlin,
6628 9288 332 165 Dein
7003 9288 374 165 Name
7413 9288 354 165 werde
7828 9288 499 165 vertilget
8407 9288 205 165 aus

6122 9472 428 165 Erden
6695 9472 333 165 Dein
7073 9472 334 165 Reich
7460 9472 348 165 werde
7843 9472 237 165 eine
8140 9472 468 165 Repub-

6128 9672 137 165 lik
6438 9672 329 165 Dein
6810 9672 340 165 Wille
7223 9672 480 165 geschehe
7790 9672 823 165 nimmermehr.

6128 9872 345 165 Unser
6535 9872 390 165 täglich
6963 9872 344 165 Brod
7350 9872 277 165 gibst
7683 9872 232 165 Du
8012 9872 241 165 uns
8352 9872 263 165 doch

6130 10055 325 165 nicht
6568 10055 445 165 bezahle
7048 10055 239 165 uns
7348 10055 334 165 lieber
7718 10055 389 165 unsere
8173 10055 415 165 Schul-

6132 10255 255 165 den,
6423 10255 204 165 wie
6692 10255 203 165 wir
6940 10255 177 165 die
7180 10255 583 165 ©einigen
7803 10255 274 165 auch
8180 10255 427 165 bezahlt

6127 10455 406 165 haben,
6570 10455 243 165 und
6877 10455 325 165 führe
7240 10455 235 165 uns
7537 10455 280 165 nicht
7870 10455 307 165 mehr
8278 10455 329 165 unter

6120 10638 682 165 Bismarcks
6858 10638 769 165 Versuchung,
7665 10638 297 165 denn
7998 10638 249 165 Ihr
8305 10638 310 165 beide

6127 10838 255 165 seid,
6472 10838 240 165 uns
6843 10838 187 165 ein
7180 10838 890 165 unanständiges
8223 10838 385 165 llebel.

6130 11022 342 165 Unser
6533 11022 127 165 ist
6710 11022 222 165 das
6970 11022 382 165 Reich,
7388 11022 244 165 und
7693 11022 177 165 die
7953 11022 344 165 Kraft
8372 11022 240 165 nnd

6133 11222 375 165 Deine
6625 11222 703 165 Herrlichkeit
7435 11222 213 165 soll
7737 11222 138 165 in
7972 11222 638 165 Egyptische

6125 11405 643 165 Finsterniß
6808 11405 670 165 verwandelt
7553 11405 427 165 werden
8038 11405 229 165 von
8305 11405 317 165 heute

6130 11605 157 165 an
6325 11605 192 165 bis
6558 11605 132 165 in
6737 11605 220 165 alle
7020 11605 587 165 Ewigkeit.
7762 11605 433 165 Amen!

6293 11872 67 165 fl
6397 11872 233 165 Um
6672 11872 183 165 ein
6915 11872 638 165 wirksames
7610 11872 758 165 Schutzmittel
8407 11872 185 165 ge-

6133 12055 205 165 gen
6395 12055 215 165 den
6645 12055 583 165 Gebrauch
7300 12055 232 165 von
7570 12055 1023 165 ausgewaschenen,

6132 12255 398 165 bereits
6567 12255 550 165 benutzten
7180 12255 728 165 Postmarken
8007 12255 133 165 zu
8227 12255 368 165 erlan-

6133 12455 257 165 gen,
6427 12455 208 165 hat
6675 12455 185 165 der
6923 12455 1260 165 General-Postmeister
8257 12455 338 165 ange-

6137 12638 445 165 ordnet,
6620 12638 890 165 Mustermarten
7550 12638 232 165 von
7822 12638 351 165 Ein-,
8220 12638 373 165 Zwei»

6137 12822 243 165 und
6495 12838 735 165 Drei-Cents
7363 12838 400 165 Werth
7882 12838 730 165 Benenming

6132 13038 738 165 herzustellen,
6905 13038 330 165 deren
7335 13038 648 165 Zeichnung
8022 13038 235 165 von
8320 13038 285 165 einer

6140 13222 407 165 weißen
6580 13222 695 165 Einfassung
7313 13222 550 165 umgeben
7918 13222 185 165 ist.
8182 13222 425 165 Wahr-

6140 13422 535 165 scheinlich
6783 13422 282 165 wird
7172 13422 176 165 die
7430 13422 747 165 Einführung
8278 13422 334 165 dieser

6138 13605 355 165 neuen
6527 13605 733 165 Postmarken
7298 13605 232 165 sehr
7598 13605 284 165 bald
7922 13605 680 165 angeordnet

6140 13805 468 165 werden.

6843 14038 267 220 Zur
7150 14038 752 220 Beachtung.

6285 14255 257 165 Der
6628 14255 837 165 unterzeichnete
7547 14255 488 165 Pfarrer
8132 14255 186 165 der
8377 14255 241 165 Ge-

6138 14438 427 165 meinde
6635 14438 712 165 Millerville,
7452 14438 568 165 Douglas
8117 14438 513 165 County,

6133 14638 472 165 Mim,
6663 14638 269 165 sieht
6967 14638 253 165 sich
7258 14638 587 165 veranlaßt
7912 14638 136 165 zu
8083 14638 529 165 erklären,

6143 14838 219 165 daß
6397 14838 203 165 mit
6673 14838 400 165 seinem
7127 14838 428 165 Wissen
7590 14838 245 165 und
7875 14838 427 165 Willen
8345 14838 272 165 Nie-

6147 15022 346 165 mand
6532 15022 501 165 Auftrag
7117 15022 260 165 hat,
7478 15022 182 165 für
7750 15022 173 165 die
8008 15022 617 165 allerdings

6148 15222 305 165 arme
6490 15222 380 165 Kirche
6907 15222 133 165 in
7087 15222 668 165 Millerville
7800 15222 130 165 zu
7965 15222 657 165 coflectiren.

6285 15605 615 128 Millerville,
6935 15605 180 128 18.
7148 15605 374 128 Decbr.
7553 15605 314 128 1877.

6300 15772 408 165 LS?"
6760 15772 888 165 Wechselblätter
7705 15772 247 165 sind
7988 15772 459 165 gebeten
8503 15772 127 165 zu

6147 15955 493 165 copircn.

6322 16322 71 165 fl
6433 16322 237 165 Bei
6715 16322 293 165 einer
7075 16322 202 165 vor
7317 16322 476 165 Kurzem
7830 16322 148 165 in
8012 16322 370 165 Iowa
8428 16322 182 165 ge-

6150 16505 527 165 haltenen
6713 16505 1490 165 Granger-Versammlung
8325 16505 288 165 wur-

6160 16705 205 165 den
6493 16705 360 165 einige
6942 16705 618 165 Beschlüsse
7642 16705 428 165 gefaßt,
8153 16705 229 165 daß
8465 16705 167 165 die

6162 16888 801 165 Gesetzgebung
6997 16888 691 165 Maßregeln
7728 16888 557 165 ergreifen
8323 16888 305 165 solle,

6162 17072 170 165 die
6395 17088 785 165 Steuerlasten
7218 17088 134 165 zu
7435 17088 747 165 vermindern.
8327 17088 311 165 Nach

6157 17272 356 165 einem
6575 17272 348 165 dieser
7005 17272 612 165 Beschlüsse
7690 17272 363 165 sollen
8133 17272 492 165 Prozeß-

6163 17472 530 165 führende
6748 17472 665 165 gezwungen
7448 17472 480 165 werden,
7965 17472 672 165 Bürgschaft

6163 17655 170 165 für
6418 17655 177 165 die
6630 17655 417 165 Kosten
7123 17655 199 165 des
7357 17655 581 165 ProzMes
8047 17655 133 165 zu
8213 17655 419 165 leisten.

6155 17855 232 165 Ein
6430 17855 470 165 anderer
6968 17855 544 165 Beschluß
7565 17855 565 165 verlangt,
8200 17855 225 165 daß
8462 17855 188 165 die!

6162 18038 935 165 Gesammtkosten
7150 18038 295 165 einer
7502 18038 315 165 Jury
7882 18038 228 165 von
8148 18038 185 165 der
8392 18038 230 165 ver-

6162 18238 550 165 lierenden
6748 18238 422 165 Partei
7213 18238 532 165 getragen
7782 18238 431 165 werden
8248 18238 384 165 sollen.

6162 18422 353 165 Beide
6552 18422 690 165 Maßregeln
7280 18422 593 165 erscheinen
7930 18422 192 165 als
8163 18422 400 165 gerecht

6160 18622 422 165 fertigt,
6623 18622 329 165 wenn
7007 18622 275 165 man
7320 18622 137 165 in
7505 18622 523 165 Betracht
8067 18622 320 165 zieht,
8423 18622 217 165 daß

6163 18805 164 165 die
6382 18805 441 165 meisten
6923 18805 517 165 Prozesse
7547 18805 228 165 au§
7875 18805 762 165 persönlichem

6150 19005 268 165 Haß
6553 19005 259 165 oder
6968 19005 665 165 natürlicher
7788 19005 497 165 Bosheit
8443 19005 190 165 des

6160 19188 750 165 menschlichen
6943 19188 502 165 Herzens
7508 19188 767 165 cnf^)ringen.
8395 19188 255 165 Die

6160 19372 592 165 Annahme
6860 19372 333 165 dieser
7247 19372 688 165 Maßregeln
8025 19372 295 165 wäre
8357 19372 275 165 audv

6153 19572 125 165 in
6322 19572 395 165 diesem
6782 19572 443 165 Staate
7267 19572 231 165 von
7562 19572 460 165 großem
8058 19572 465 165 Nutzen.

6433 19938 219 165 Da
6925 19938 213 165 jetzt
7200 19938 370 165 haben
7607 19938 325 165 teärs
8188 19938 249 165 Hat
8482 19938 146 165 da

6148 20122 180 165 ein
6407 20122 731 165 erfindvischer
7230 20122 438 165 Yankee
8058 20122 579 165 Telephon

6152 20322 531 165 erfunden
6720 20322 447 165 welches
7272 20322 181 165 bei
7547 20322 573 165 geschickter
8217 20322 403 165 Hand-

6152 20505 470 165 habung
6735 20505 875 165 Unglaubliches
7718 20505 380 165 lofftet.
8257 20505 371 165 Wenn

6150 20705 277 165 man
6465 20705 473 165 nämlich
7030 20705 157 165 an
7225 20705 245 165 dem
7615 20705 322 165 eine«
8058 20705 324 165 Ende
8502 20705 131 165 in

6158 20888 525 165 deutscher
6740 20888 523 165 Sprache
7302 20888 711 165 telephoniet,
8070 20888 123 165 so
8282 20888 338 165 klingt

6152 21088 220 165 das
6410 21088 1265 165 „Hineinteiephonirte"
7743 21088 164 165 an
8012 21088 186 165 der
8302 21088 318 165 End-

6155 21288 413 165 station
6608 21288 352 165 sofort
6998 21288 765 165 Französisch.
7800 21288 525 165 Esglisch
8363 21288 252 165 oder

6155 21488 550 165 Türkisch,
6838 21472 397 165 gerade
7365 21472 273 165 nach
7708 21472 589 165 Belieben.
8445 21472 178 165 Es

6143 21655 387 165 scheint
6587 21655 288 165 also,
6912 21655 228 165 da§
7178 21655 222 165 das
7455 21655 663 165 Uebersetzen
8152 21655 448 165 irgend-

6147 21855 168 165 wo
6370 21855 132 165 in
6548 21855 187 165 der
6793 21855 362 165 Mitte
7202 21855 575 165 geschieht.
7930 21855 275 165 Acht
8308 21855 309 165 sollte

6137 22055 268 165 auch
6535 22055 270 165 noch
6907 22055 183 165 ein
7222 22055 725 165 Instrument
8055 22055 557 165 «rfunden

6140 22238 468 165 werden,
6645 22238 218 165 das
6900 22238 213 165 den
7148 22238 355 165 Z»eck
7538 22238 359 165 hätte,
7935 22238 252 165 de«
8228 22238 382 165 armen

6140 22438 1060 165 Zeitungsschreiber
7453 22438 227 165 das
7893 22438 717 165 rückständige

6130 22622 1208 165 Abonnements-Geld
7377 22622 140 165 in
7618 22622 174 165 die
7880 22622 373 165 feeren
8345 22622 263 165 Ta-

6128 22822 289 165 schen
6548 22822 1314 165 hincinzutelcphMircn«
8180 22822 428 165 Muiu

6123 23022 249 165 tcus
6408 23022 587 165 brauchen.

8770 472 267 165 t-»'.
9053 472 70 165 i.'
9372 438 246 184 rrrr

8857 1355 98 165 1
9077 1355 260 165 Der
9463 1355 1374 165 Kate-Noonan-Prozeß
10938 1355 249 165 kam

8707 1538 203 165 vor
8952 1538 278 165 etwa
9303 1538 292 165 einer
9697 1538 400 165 Woche
10185 1538 135 165 in
10368 1538 829 165 MinneapoliS

8702 1738 253 165 zum
8992 1738 590 165 Abschluß,
9655 1738 252 165 und
9993 1738 435 165 endigte
10463 1738 407 165 damit,
10963 1738 225 165 daß

8698 1922 334 165 Katie
9072 1922 845 165 freigesprochen
9983 1922 415 165 wurde.
10495 1922 252 165 Die
10793 1922 400 165 Kosten

8702 2105 343 165 dieses
9097 2105 468 165 beinahe
9600 2105 182 165 ein
9818 2105 310 165 Jahr
10172 2105 645 165 dauernden
10853 2105 322 165 Pro-

8703 2305 314 165 zesses
9068 2305 520 165 belaufen
9625 2305 215 165 sich
9873 2305 200 165 auf
10112 2305 498 165 zwischen
10643 2305 534 165 $14,000

8700 2488 240 165 und
9033 2488 575 165 $15,000,
9702 2488 246 165 und
10038 2488 600 165 Hennepin
10720 2488 460 165 County

8705 2688 280 165 wird
9027 2688 343 165 dieses
9432 2688 696 165 Sümmchen
10167 2688 526 165 bezahlen
10758 2688 414 165 müssen

8703 2872 364 165 wegen
9122 2872 298 165 einer
9498 2872 740 165 unerlaubten
10277 2872 600 165 Liebschaft
10940 2872 240 165 und

8698 3072 302 165 eines
9035 3072 1007 165 Pistolenschusses,
10075 3072 427 165 welcher
10535 3072 197 165 am
10788 3072 392 165 Abend

8702 3255 190 165 des
8923 3255 222 165 18.
9207 3255 508 165 Februar
9755 3255 325 165 1877
10198 3255 199 165 auf
10463 3255 205 165 den
10758 3255 419 165 jungen

8705 3438 350 165 Sidle
9125 3438 625 165 abgefeuert
9810 3438 418 165 wurde.

8843 3638 179 165 Es
9127 3638 128 165 ist
9392 3638 253 165 gut,
9767 3638 225 165 daß
10103 3638 524 165 Stearns
10712 3638 456 165 County

8692 3822 286 165 keine
9035 3822 327 165 solche
9413 3822 399 165 „Katie
9853 3822 650 165 Noonans"
10560 3822 602 165 aufzuwei-

8695 4022 180 165 s-n
8950 4022 205 165 hat
9417 4022 180 165 die
9685 4022 382 165 wären
10182 4022 196 165 am
10478 4022 319 165 Ende
10903 4022 265 165 noch

8692 4205 586 165 sMimmer
9335 4205 190 165 als
9567 4205 173 165 die
9807 4205 943 165 Grasshoppers.

8857 4505 71 165 fl
9043 4505 252 165 Wir
9403 4505 517 165 erfahren
10012 4505 225 165 a»S
10315 4505 187 165 der
10563 4505 237 165 St.
10835 4505 332 165 Paul

8692 4688 748 165 „Dispatch",
9530 4688 218 165 daß
9783 4688 174 165 die
10030 4688 555 165 deutschen
10617 4688 530 165 Katholi-

8697 4872 175 165 fen
8930 4872 195 165 des
9180 4872 510 165 Staates
9732 4872 668 165 Minnesota
10463 4872 244 165 eine
10760 4872 340 165 gegen

8685 5072 365 165 seitige
9105 5072 1620 165 VersicherungS-Gesellschaft
10818 5072 320 165 unter

8685 5272 240 165 dem
8958 5272 454 165 Namen
9498 5272 825 165 „Gegenseitige
10378 5272 790 165 Versicherung

8688 5455 175 165 der
8897 5455 1211 165 Deutsch-Katholilen
10147 5455 230 165 von
10415 5455 710 165 Minnesota'

8688 5655 617 165 gegründet
9412 5655 420 165 haben.
10018 5655 360 165 Jedes
10510 5655 650 165 beitretende

8685 5838 550 165 Mitglied
9297 5838 205 165 hat
9593 5838 379 165 $1.10
10060 5838 1092 165 Einschreibegebühr

8685 6038 245 165 und
9027 6038 613 165 ebensoviel
9735 6038 188 165 bei
10055 6038 347 165 jedem
10505 6038 648 165 Todesfälle

8697 6222 293 165 ünes
9050 6222 1110 165 Vereinsmitgliedes
10242 6222 135 165 in
10425 6222 173 165 die
10635 6222 323 165 Kasse
11038 6222 124 165 zu

8688 6422 627 165 entrichten.
9462 6422 256 165 Der
9780 6422 417 165 Verein
10272 6422 130 165 ist
10480 6422 207 165 mit
10730 6422 242 165 dem
11027 6422 138 165 1.

8697 6605 466 165 Januar
9240 6605 242 165 in's
9565 6605 367 165 Leben
10042 6605 478 165 getreten
10615 6605 248 165 und
10963 6605 190 165 hat

8697 6805 498 165 folgende
9248 6805 435 165 Herren
9773 6805 139 165 zu
9947 6805 561 165 Beamten
10610 6805 555 165 gewählt:

8685 7005 683 165 Präsident:
9443 7005 450 165 George
9930 7005 460 165 Müsch,
10477 7005 238 165 St.
10768 7005 364 165 Paul

8690 7188 628 165 Bicepräs.:
9357 7188 175 165 H.
9580 7188 450 165 Struck,
10090 7188 637 165 Shakopee
10803 7188 340 165 Secr.

8687 7388 375 165 Frank
9118 7388 420 165 Schlick
9575 7388 278 165 sen.,
9913 7388 235 165 St.
10200 7388 363 165 Paul
10710 7388 390 165 Schatz

8697 7588 485 165 meister:
9262 7588 178 165 H.
9513 7588 175 165 H.
9735 7588 493 165 Timme,
10268 7588 240 165 St.
10563 7588 387 165 Paul.

8688 7772 179 165 Es
8908 7772 295 165 wäre
9263 7772 139 165 zu
9480 7772 610 165 wünschen,
10178 7772 229 165 daß
10485 7772 143 165 in
10710 7772 445 165 hiesiger

8698 7972 462 165 Gegend
9195 7972 483 165 ähnliche
9740 7972 500 165 Schritte
10280 7972 412 165 gethan
10728 7972 429 165 werden

8690 8155 520 165 könnten.

8853 8522 60 165 fl
8948 8522 252 165 Der
9242 8522 136 165 in
9427 8522 386 165 weiten
9850 8522 458 165 Kreisen
10418 8522 469 165 sowohl,
11000 8522 162 165 ,i6

8687 8722 266 165 auch
9007 8722 350 165 vielen
9395 8722 545 165 Bürgern
9982 8722 233 165 St.
10268 8722 489 165 Cloud's
10797 8722 341 165 wohl-

8685 8905 525 165 bekannte
9245 8905 632 165 Missionär
9940 8905 298 165 Reo.
10320 8905 353 165 Vater
10713 8905 435 165 Kenin.

8690 9105 233 165 'am
8963 9105 287 165 einer
9312 9105 1083 165 Special-Depesche
10432 9105 158 165 an
10645 9105 177 165 die
10857 9105 276 165 Chi-

8683 9305 279 165 cago
9020 9305 393 165 Times
9453 9305 485 165 zufolge,
9993 9305 222 165 aus
10252 9305 485 165 Helena,
10775 9305 372 165 Mon-

8688 9488 270 165 tana
9018 9488 189 165 am
9265 9488 580 165 Sonntag
9925 9488 140 165 zu
10185 9488 532 165 Maria'S
10812 9488 336 165 River

8688 9688 154 165 an
8880 9688 243 165 und
9188 9688 442 165 meldete
9685 9688 270 165 nach
9988 9688 297 165 Fort
10330 9688 477 165 Benton
10847 9688 325 165 durch

8685 9872 313 165 einen
9033 9872 434 165 Boten,
9508 9872 227 165 daß
9795 9872 483 165 Eitting
10327 9872 306 165 Bull
10683 9872 270 165 über
10990 9872 170 165 die

8682 10072 430 165 Grenze
9240 10072 577 165 gegangen
9878 10072 145 165 fei
10147 10072 248 165 und
10435 10072 227 165 sich
10697 10072 136 165 in
10953 10072 210 165 der.

8678 10255 312 165 Bear
9030 10255 305 165 Paw
9455 10255 578 165 Gebirgen
10072 10255 208 165 mit
10347 10255 293 165 einer
10748 10255 412 165 großen

8687 10455 458 165 Truppe
9185 10455 393 165 Sionx
9643 10455 249 165 und
9932 10455 230 165 Nez
10238 10455 417 165 Perces
10692 10455 460 165 lagerte.

8677 10638 236 165 Ein
8958 10638 409 165 Mann
9453 10638 440 165 NameS
9997 10638 610 165 Valentine
10662 10638 211 165 soll
10972 10638 175 165 ge*

8683 10838 335 165 tobtet
9077 10838 450 165 worden
9565 10838 275 165 sein.
9953 10838 407 165 Dieser
10398 10838 444 165 Bericht
10880 10838 280 165 wird

8687 11022 223 165 aus
8947 11022 490 165 anderen
9553 11022 512 165 Quellen
10145 11022 513 165 bestätigt
10753 11022 245 165 und
11038 11022 112 165 es

8683 11222 339 165 heißt,
9060 11222 220 165 daß
9342 11222 175 165 die
9552 11222 586 165 Indianer
10183 11222 177 165 die
10397 11222 465 165 Prairie
10905 11222 260 165 süd-

8675 11422 207 165 lich
8920 11422 230 165 von
9207 11422 320 165 Bear
9585 11422 640 165 abbrennen
10308 11422 245 165 und
10593 11422 225 165 daß
10880 11422 222 165 Sit

8683 11605 255 165 ting
8982 11605 301 165 Bull
9332 11605 196 165 sich
9578 11605 200 165 auf
9837 11605 248 165 dem
10143 11605 379 165 Miles
10582 11605 575 165 Schlacht-

8692 11805 271 165 fekde
9092 11805 525 165 befindet,
9742 11805 238 165 unff
10018 11805 232 165 daß
10357 11805 313 165 Lane
10790 11805 378 165 Deers

8682 11988 411 165 Bande
9150 11988 227 165 von
9487 11988 1030 165 sünsundsiebenzig
10603 11988 572 165 Familien

8690 12205 202 165 fich
8927 12205 240 165 ihm
9207 12205 623 165 anschließt.

8952 12538 285 239 Ja
9308 12538 454 239 nicht
9813 12538 1085 239 Bergessen!

8683 12788 302 202 Bei
9042 12788 503 202 Joung
9595 12788 147 202 &
9800 12788 727 202 Bradford
10632 12788 165 202 ist
10915 12788 252 202 das

8678 12988 1120 202 Hauptquartier
9913 12988 225 202 für
10247 12988 326 202 Dry
10630 12988 540 202 Goods.

8687 13188 298 202 Ihr
9100 13188 412 202 könnt
9620 13188 385 202 Geld
10117 13188 548 202 sparen,
10778 13188 399 202 wenn

8697 13388 206 202 ihr
8980 13388 305 202 dort
9333 13388 512 202 kauft!

8862 13788 71 165 fl
8997 13788 225 165 Am
9325 13788 777 165 vergangenen
10228 13788 579 165 Montage
10932 13788 243 165 kam

8695 13988 180 165 ein
8932 13988 391 165 junger
9362 13988 405 165 Mann
9812 13988 140 165 in
10053 13988 319 165 einen
10427 13988 186 165 der
10702 13988 473 165 hiesigen

8697 14172 758 165 Bücherläden
9492 14172 246 165 und
9842 14172 570 165 verlangte
10517 14172 318 165 einen
10930 14172 247 165 Ka-

8697 14372 415 165 lender.
9263 14372 550 165 Nachdem
9848 14372 187 165 der
10165 14372 655 165 freundliche
10942 14372 231 165 La-

8702 14555 570 165 dcndiener
9327 14555 238 165 ihm
9655 14555 315 165 einen
10080 14555 415 165 solchen
10597 14555 580 165 überreicht

8700 14755 347 165 hatte,
9117 14755 511 165 blätterte
9730 14755 112 165 er
9972 14755 365 165 einige
10465 14755 255 165 Zeit
10850 14755 330 165 darin

8702 14938 383 165 herum
9122 14938 243 165 und
9427 14938 305 165 sagte
9767 14938 490 165 endlich:
10360 14938 233 165 „Es
10685 14938 127 165 ist
10923 14938 249 165 aber

8707 15138 251 165 doch
9018 15138 655 165 sonderbar,
9710 15138 223 165 daß
10040 15138 218 165 das
10335 15138 318 165 Neue
10872 15138 303 165 Jahr

8708 15288 589 220 jedesmal

7183 15405 197 165 I.
7403 15405 499 165 Hilbert,
7945 15405 545 165 Pfarrer.

9335 15338 212 165 ans
9603 15338 217 165 den
9873 15338 340 165 ersten
10290 15338 475 165 Januar
10823 15338 335 165 fällt.'

8708 15522 334 165 Diese
9143 15522 449 165 komisch
9753 15522 342 165 naive
10220 15522 567 165 (vielleicht
10913 15522 270 165 auch

8707 15705 485 165 dumme)
9228 15705 705 165 Bemerkung
10022 15705 276 165 mag
10422 15705 213 165 den
10758 15705 429 165 Lippen

8703 15905 197 165 des
8933 15905 392 165 Clerks
9440 15905 177 165 ei#
9742 15905 866 165 mitleidsvolles
10725 15905 465 165 Lächeln

8705 16105 432 165 entlockt
9190 16105 417 165 haben,
9697 16105 251 165 und
10050 16105 122 165 so
10308 16105 285 165 ganz
10725 16105 458 165 Unrecht

8703 16288 305 165 hatte
9047 16288 121 165 er
9228 16288 399 165 gerade
9662 16288 270 165 auch
10038 16288 337 165 nicht.
10598 16288 580 165 Richlsde-

8705 16488 700 165 stoweniger
9445 16488 368 165 dürfte
9882 16488 125 165 es
10108 16488 527 165 manchen
10752 16488 438 165 unserer

8687 16672 501 165 merthen
9225 16672 310 165 Leser
9593 16672 272 165 noch
9898 16672 634 165 unbekannt
10590 16672 287 165 sein,
10972 16672 223 165 daß

8708 16855 182 165 der
8950 16855 278 165 Tag
9272 16855 211 165 mit
9527 16855 498 165 welchem
10085 16855 188 165 ein
10397 16855 346 165 neues
10872 16855 316 165 Jahr

8715 17055 422 165 gezählt
9193 17055 335 165 wird,
9572 17055 178 165 bei
9817 17055 213 165 den
10065 17055 565 165 einzelnen
10705 17055 483 165 Völkern

8687 17255 673 165 »erschieden
9418 17255 280 165 war,
9738 17255 250 165 und
10088 17255 275 165 noch
10455 17255 183 165 ist.
10793 17255 270 165 So,
11112 17255 86 165 z.

8702 17438 218 165 93,,
8973 17438 442 165 feierten
9452 17438 198 165 die
9692 17438 118 165 a(
10055 17438 543 165 Egyptier
10638 17438 182 165 ihr
10865 17438 262 165 Neu

8713 17638 305 165 Jahr
9080 17638 158 165 an
9277 17638 245 165 dem
9632 17638 373 165 Tage,
10103 17638 162 165 an
10393 17638 490 165 wÄchem
11010 17638 182 165 der

8713 17822 482 165 Sirius,
9243 17822 239 165 (ein
9522 17822 435 165 Stern)
10022 17822 246 165 zum
10305 17822 335 165 ersten
10693 17822 345 165 Male
11082 17822 128 165 in

8715 18022 178 165 der
8987 18022 1250 165 Morgendämmerung
10578 18022 317 165 sehen
11020 18022 177 165 ist.

8685 18205 255 165 Bei
8988 18205 219 165 den
9243 18205 404 165 J»den
9687 18205 236 165 war
9990 18205 125 165 es
10218 18205 189 165 der
10538 18205 262 165 erste
10930 18205 268 165 Tag

8717 18388 195 165 des
8945 18388 515 165 Monats
9502 18388 375 165 Nisan
9992 18388 161 165 im
10242 18388 666 165 FrÄhlinge
11037 18388 96 165 je

8708 18588 265 165 doch
9028 18588 450 165 feierten
9515 18588 142 165 sie
9728 18588 357 165 später
10180 18588 223 165 das
10527 18588 670 165 bürgerliche

8697 18788 291 165 seue
9025 18788 323 165 Jahr
9395 18788 165 165 im
9652 18788 496 165 Herbste.
10297 18788 250 165 Die
10648 18788 540 165 Chinesen

8692 18972 570 165 beginnen
9300 18972 223 165 das
9583 18972 672 165 bürgerliche
10292 18972 323 165 Hahr
10700 18972 137 165 in
10962 18972 216 165 nn-

8698 19155 285 165 fcrm
9023 19155 570 165 Februar
9715 19155 183 165 bei
9935 19155 210 165 den
10205 19155 987 165 Mehnmedanern

8702 19355 136 165 -ist
8893 19355 124 165 es
9075 19355 688 165 wandelbar.
9965 19355 248 165 Die
10292 19355 411 165 Wmer
10805 19355 385 165 hatten

8712 19538 311 165 ihren
9062 19538 795 165 NrHahrstag
9898 19538 769 165 ursprünglich
10732 19538 135 165 in
10963 19538 227 165 un-

8698 19738 292 165 fenn
9032 19738 390 165 März
9537 19738 396 165 Numa
9973 19738 465 165 verlegte
10523 19738 205 165 ihn
10842 19738 355 165 jedoch

8705 19922 315 165 schon
9075 19922 198 165 auf
9313 19922 222 165 den
9598 19922 339 165 ersten
10018 19922 530 165 ^fniioc.
10705 19922 222 165 Als
10972 19922 218 165 das

8697 20122 841 165 Thristenthnm
9578 20122 135 165 in
9762 20122 318 165 Rom
10120 20122 260 165 sich
10473 20122 727 165 ausbreitete,

8708 20305 392 165 behielt
9137 20305 270 165 matt
9475 20305 257 165 dort
9772 20305 451 165 dieselbe
10295 20305 330 165 Sitte
10648 20305 215 165 bei
10953 20305 240 165 und

8710 20488 322 165 dickte
9067 20488 278 165 man
9413 20488 665 165 gewöhnlich
10145 20488 215 165 den
10395 20488 800 165 Deujahrstag

8708 20688 190 165 um
8957 20688 228 165 acht
9218 20688 339 165 Tage
9615 20688 263 165 (auf
9968 20688 212 165 den
10277 20688 920 165 WechnachtStag

8710 20888 250 165 oder
9017 20888 173 165 die
9258 20888 437 165 Äigilie
9800 20888 195 165 des
10108 20888 1082 165 Weihn«htsfestes)

8700 21072 203 165 usr
9070 21072 177 165 die
9282 21072 611 165 «hebende
9930 21072 642 165 Wahrheit,
10658 21072 225 165 daß
10978 21072 202 165 mit

8705 21272 172 165 der
8938 21272 442 165 Geburt
9463 21272 199 165 des
9783 21272 630 165 Heilandes
10547 21272 235 165 vme
10912 21272 275 165 neue

8707 21455 285 165 A-er«
9043 21455 192 165 für
9332 21455 231 165 -das
9673 21455 584 165 gesammte
10397 21455 775 165 Meeschengc-

8698 21655 410 165 l'chJecht
9138 21655 510 165 begann,
9687 21655 210 165 lud
9957 21655 313 165 hiezu
10328 21655 207 165 fast
10602 21655 571 165 «»wider-

8697 21838 408 165 stehiich
9160 21838 225 165 ein.
9537 21838 308 165 Heut
9885 21838 140 165 zu
10173 21838 329 165 Tage
10617 21838 568 165 beginnen

8690 22038 167 165 die
8890 22038 512 165 Christen
9495 22038 443 165 überall
10043 22038 225 165 daS
10357 22038 520 165 Neujahr
10987 22038 188 165 am

8683 22238 332 165 ersten
9048 22238 534 165 Januar.

8845 22422 392 165 Sollte
9365 22422 247 165 dem
9750 22422 423 165 jungen
10305 22422 462 165 Manne
10883 22422 289 165 diese

8672 22622 540 165 Nummer
9250 22622 207 165 des
9513 22622 745 165 „Nordstern"
10330 22622 270 165 (wie
10640 22622 203 165 wir
10887 22622 268 165 hsf-

8733 22805 185 165 -n)
8960 22805 125 165 in
9148 22805 177 165 die
9360 22805 412 165 Hände
9828 22805 547 165 kömmen,
10452 22805 123 165 so
10670 22805 282 165 wird

11627 1355 183 165 ES
11897 1355 131 165 ist
12118 1355 207 165 mit
12368 1355 670 165 Bedauern,
13078 1355 227 165 daß
13363 1355 207 165 wir
13615 1355 128 165 in

11257 1538 335 165 dieser
11678 1538 552 165 Nummer
12330 1538 220 165 den
12650 1538 200 165 am
12963 1538 779 165 vergangenen

11248 1738 740 165 Donnerstag
12028 1738 667 165 Vormittag
12755 1738 480 165 plötzlich
13310 1738 410 165 erfolg-

11258 1938 189 165 t?n
11503 1938 605 165 Todesfall
12188 1938 192 165 der
12462 1938 338 165 Ffvou
12837 1938 878 165 Grandelmeyer

11252 2122 526 165 berichten
11952 2122 476 165 müff.n.
12598 2122 257 165 Ihr
13010 2122 365 165 Gatte
13502 2122 223 165 war

11248 2305 137 165 in
11505 2305 188 165 der
11802 2305 385 165 Kirche
12298 2305 252 165 und
12648 2305 444 165 wohnte
13130 2305 247 165 dem
13412 2305 301 165 Go:-

11258 2505 569 165 tesdienfte
11862 2505 231 165 bei,
12193 2505 194 165 als
12428 2505 187 165 der
12682 2505 273 165 Tod
12997 2505 190 165 der
13223 2505 485 165 Lebens-

11253 2705 309 165 bahn
11617 2705 340 165 seiner
12008 2705 592 165 Ehehälfte
12680 2705 477 165 plötzlich
13235 2705 185 165 ein
13458 2705 250 165 Ziel

11253 2888 312 165 setzte.
11700 2888 218 165 In
12015 2888 217 165 den
12343 2888 424 165 Armen
12862 2888 301 165 ihrer
13222 2888 506 165 Tochter,

11252 3072 368 165 welche
11668 3072 189 165 zur
11915 3072 255 165 Zeit
12213 3072 255 165 sich
12507 3072 345 165 allein
12908 3072 139 165 zu
13082 3072 390 165 Hause
13527 3072 183 165 be»

11250 3272 323 165 fand,
11673 3272 225 165 gab
11953 3272 144 165 sie
12192 3272 325 165 ihren
12652 3272 310 165 Geist
13070 3272 258 165 auf.
13472 3272 231 165 Dit

11255 3455 335 165 Hülfe
11630 3455 200 165 des
11892 3455 381 165 schnell
12307 3455 961 165 herbeigerufenen
13322 3455 386 165 Arzte?

11245 3655 245 165 kam
11593 3655 142 165 zu
11835 3655 295 165 spät.
12273 3655 337 165 Frau
12707 3655 320 165 Rosa
13137 3655 518 165 Grandel

11245 3838 405 165 meyer,
11733 3838 534 165 geborene
12325 3838 483 165 ©erster,
12895 3838 235 165 war
13240 3838 435 165 gebore«

11240 4022 127 165 in
11513 4022 747 165 Brunadern,
12432 4022 568 165 Oberamt
13123 4022 595 165 Bundorf.

11243 4222 1039 165 Großherzogthum
12407 4222 465 165 Baden,
13043 4222 167 165 im
13338 4222 374 165 Jahre

11232 4405 373 165 1808,
11647 4405 188 165 am
11897 4405 263 165 8tcn
12198 4405 407 165 März.
12703 4405 240 165 Im
12978 4405 375 165 Jahre
13372 4405 331 165 183t

11243 4605 770 165 oerheirothctc
12050 4605 187 165 sie
12277 4605 226 165 fich
12603 4605 209 165 mit
12877 4605 383 165 Herrn
13333 4605 372 165 Jakob

11238 4788 924 165 Grandelmeyer,
12257 4788 228 165 aus
12580 4788 423 165 welcher
13090 4788 585 165 glückliche,

11232 4988 238 165 Ehe
11505 4988 180 165 14
11730 4988 418 165 Kinder
12233 4988 719 165 entsprossen,
13043 4988 234 165 von
13358 4988 342 165 bencit

11237 5172 396 165 bereits
11740 5172 88 165 9
11925 5172 185 165 der
12145 5172 452 165 Mutter
12700 5172 137 165 in
12927 5172 180 165 die
13178 5172 530 165 Ewigkei:

11238 5372 944 165 vorangegangen
12220 5372 275 165 find.
12845 5372 563 165 Wiewohl
13533 5372 155 165 bit

11238 5555 720 165 Verstorbene
12032 5555 178 165 12
12320 5555 288 165 volle
12647 5555 373 165 Jahre
13082 5555 165 165 an
13313 5555 339 165 Rhen

11235 5738 617 165 matismus
11947 5738 241 165 litt,
12283 5738 119 165 so
12463 5738 235 165 war
12792 5738 191 165 sie,
13073 5738 332 165 allem
13442 5738 193 165 An

11233 5938 395 165 Icheine
11753 5938 320 165 nach,
12198 5938 469 165 gesund,
12783 5938 252 165 und
13140 5938 553 165 Niemand

11235 6138 337 165 ahnte
11608 6138 322 165 ihren
11995 6138 118 165 so
12160 6138 612 165 plötzlichen
12832 6138 316 165 Tod.

11395 6322 443 165 Anstatt
11877 6322 253 165 nun
12212 6322 210 165 mit
12518 6322 337 165 seiner
12917 6322 618 165 Gemahlin
13575 6322 98 165 iv

11243 6522 72 165 2
11375 6522 457 165 Jahren
11872 6522 176 165 die
12113 6522 460 165 gyldene
12610 6522 505 165 Hochzeit
13183 6522 342 165 feiern
13582 6522 110 165 z*

11242 6705 471 165 können,
11815 6705 425 165 trauert
12345 6705 322 165 heute
12750 6705 293 165 Herr
13127 6705 518 165 Grande!

11242 6888 346 165 meyer
11622 6888 211 165 mit
11907 6888 365 165 seinen
12305 6888 80 165 5
12495 6888 270 165 noch
12817 6888 525 165 lebenden
13413 6888 290 165 Kin-

11240 7088 263 165 dern
11540 7088 157 165 an
11762 7088 243 165 dem
12058 7088 390 165 Grabe
12487 7088 186 165 der
12708 7088 355 165 dahin
13133 7088 514 165 geschiede

11235 7272 220 165 neu
11492 7272 423 165 Gattin
11993 7272 247 165 und
12280 7272 508 165 Mutter.

11405 7538 708 165 Schlummre
12247 7538 305 165 sanft
12680 7538 215 165 den
13003 7538 410 165 Schlaf
13523 7538 179 165 de:

12647 7705 883 165 Lebensmüden,

11245 7855 828 165 Gottergeb'ne,
12110 7855 465 165 fromme
12612 7855 661 165 Dulderin!

11255 8022 357 165 Deine
11667 8022 316 165 Asche
12033 8022 277 165 ruhe
12348 8022 234 165 hier
12645 8022 132 165 in
12823 8022 534 165 Frieden,

11250 8172 347 165 Denn
11635 8172 137 165 zu
11833 8172 295 165 Gott
12172 8172 280 165 ging
12493 8172 379 165 Deine
12942 8172 346 165 Seele
13325 8172 253 165 hin.

11393 8438 264 165 Nur
11700 8438 213 165 wer
11985 8438 168 165 so,
12187 8438 203 165 wie
12452 8438 276 165 Du,
12777 8438 213 165 den
13025 8438 298 165 Lauf
13418 8438 272 165 voll^

12965 8588 362 165 endt,

11242 8755 501 165 Fürchtet
11782 8755 285 165 nicht
12133 8755 174 165 die
12342 8755 728 165 freudenleere
13133 8755 400 165 Gruft

11257 8922 333 165 Denn
11628 8922 182 165 ein
11868 8922 312 165 Bote
12222 8922 125 165 ist
12418 8922 232 165 von
12688 8922 300 165 Gott
13058 8922 495 165 gesendet

11233 9072 345 165 Ihm,
11653 9072 184 165 der
11897 9072 311 165 Tod,
12308 9072 184 165 der
12598 9072 209 165 ihn
12897 9072 190 165 zur
13175 9072 512 165 Heimat!

12957 9238 296 165 ruft.

11383 9488 290 165 Bete
11712 9488 183 165 für
11963 9488 289 165 uns,
12293 9488 280 165 Du,
12643 9488 452 165 geliebte
13130 9488 533 165 Fromme

11238 9655 235 165 Die
11517 9655 196 165 wir
11778 9655 234 165 hier
12070 9655 157 165 an
12265 9655 500 165 Deinem
12803 9655 394 165 Grabe
13253 9655 399 165 stehn,

11235 9805 287 165 Daß
11563 9805 329 165 Dein
11935 9805 400 165 Friede
12373 9805 270 165 über
12680 9805 235 165 uns
12988 9805 264 165 auch
13302 9805 398 165 kommt

11238 9972 264 165 Und
11558 9972 200 165 wir
11818 9972 435 165 freudig
12292 9972 265 165 einst
12653 9972 302 165 Dich
12997 9972 696 165 wiedersehn.

11373 10388 254 165 £W
11670 10388 277 165 Für
11990 10388 105 165 4
12122 10388 433 165 Cents
12635 10388 280 165 eine
12983 10388 365 165 Aard
13422 10388 291 165 gute

11257 10538 1173 165 Drintd!—Große
12472 10538 760 165 Auswahl!
13365 10538 343 165 Nem

11255 10672 232 165 und
11523 10672 572 165 ersehnte
12135 10672 450 165 Mode,
12645 10672 433 165 soeben
13143 10672 567 165 erhalter

11247 10805 190 165 bei
12185 10805 480 165 Boung
12730 10805 113 165 ö»
12897 10805 695 165 Bradford.

11408 11055 72 165 fl
11583 11055 234 165 Bei
11862 11055 186 165 der
12107 11055 191 165 am
12365 11055 147 165 1.
12560 11055 477 165 Januar
13137 11055 135 165 in
13340 11055 350 165 Herrr

11242 11238 620 165 Keichart's
11990 11238 332 165 Block
12482 11238 806 165 abgehaltenen
13422 11238 226 165 Ver

11248 11438 635 165 sammlung
11922 11438 196 165 des
12205 11438 955 165 Markt-VereinS
13268 11438 449 165 wurden

11247 11622 178 165 n'ir
11510 11622 220 165 das
11838 11622 522 165 laufende
12455 11622 308 165 Jahr
12878 11622 512 165 folgende
13473 11622 234 165 Be-

11255 11822 282 165 amte
11588 11822 542 165 erwählt:

11412 12022 628 165 Sebastian
12080 12022 540 165 Reichert,
12657 12022 655 165 Präsident

11408 12205 340 165 John
11790 12205 607 165 Schwartz,
12458 12205 864 165 Vicepräsident

11398 12405 425 165 Lorenz
11862 12405 526 165 Enderle,
12453 12405 839 165 Schatzmeister

11412 12588 523 165 Theodor
11973 12588 499 165 Bauler,
12515 12588 592 165 Secretär.

11492 12788 310 165 Vom
11843 12788 749 165 Präsidenten
12630 12788 377 165 wurde
13125 12788 187 165 ein
13350 12788 342 165 Com-

11253 12972 357 165 mittee
11647 12972 230 165 von
11978 12972 469 165 Fünfen
12522 12972 535 165 ernannt,
13152 12972 246 165 und
13485 12972 222 165 ihn-

11247 13172 181 165 der
11493 13172 500 165 Auftrag
12035 13172 522 165 gegeben,
12663 13172 239 165 eine
12955 13172 758 165 Constitutioi.

11263 13355 122 165 ,u
11423 13355 644 165 entwerfen,
12172 13355 368 165 welche
12643 13355 247 165 dem
12983 13355 469 165 Vereine
13542 13355 175 165 bei

11255 13555 180 165 !üer
11493 13555 192 165 am
11722 13555 135 165 2.
11960 13555 512 165 Februar
12567 13555 135 165 in
12750 13555 600 165 Reichert's
13387 13555 321 165 Block

11267 13738 866 165 abzuhaltenden
12170 13738 872 165 Versammlung
13082 13738 610 165 unterbrei-

11267 13938 143 165 :et
11445 13938 428 165 werden
11942 13938 255 165 soll.
12342 13938 256 165 Der
12642 13938 733 165 „Nordstern"
13482 13938 240 165 und

11262 14138 163 165 die
11480 14138 307 165 „St.
11842 14138 381 165 Cloud
12263 14138 487 165 Times"
12793 14138 452 165 wurden
13312 14138 188 165 als
13542 14138 156 165 die

11263 14322 574 165 offiziellen
11875 14322 452 165 Blätter
12368 14322 200 165 des
12627 14322 480 165 Vereins
13147 14322 586 165 bestimm'.

11268 14522 232 165 Der
11638 14522 747 165 wohllöbliche
12493 14522 349 165 Zweck
12943 14522 199 165 des
13260 14522 452 165 Markt-

11283 14705 454 165 Seretns
11800 14705 128 165 ist
11963 14705 512 165 bekannt
12623 14705 467 165 derselbe
13180 14705 530 165 beabsich-

11255 14905 268 165 :igt,
11613 14905 139 165 in
11840 14905 243 165 St.
12138 14905 385 165 Cloud
12603 14905 184 165 ein
12825 14905 672 165 Grundstück
13600 14905 120 165 zn

11265 15088 437 165 laufen,
11805 15088 437 165 worauf
12347 15088 125 165 in
12515 15088 502 165 Zukunft
13120 15088 187 165 der
13367 15088 340 165 Vieh-

11265 15288 230 165 und
11533 15288 1112 165 Produkten-Markt
12730 15288 667 165 abgehalten
13452 15288 208 165 wer

11262 15488 200 165 Den
11525 15488 252 165 soll.
11925 15488 232 165 Um
12198 15488 359 165 diesen
12648 15488 352 165 Zweck
13060 15488 133 165 zu
13247 15488 401 165 forden

11268 15672 185 165 bat
11510 15672 187 165 der
11772 15672 846 165 Farmerverein
12713 15672 252 165 nun
13058 15672 365 165 seinen
13457 15672 196 165 Na

11265 15855 243 165 men
11567 15855 516 165 geändert
12137 15855 243 165 und
12420 15855 195 165 sich
12680 15855 177 165 die
12892 15855 768 165 Bezeichnung

11265 16038 227 165 ''M
11543 16038 1209 165 rket-Association"
12795 16038 587 165 beigelegt.

11263 16238 319 165 „lasse
11638 16238 195 165 des
11933 16238 514 165 früheren
12542 16238 483 165 Vereins
13123 16238 249 165 geht
13467 16238 260 165 über

11262 16438 131 165 in
11440 16438 210 165 den
11685 16438 337 165 Besitz
12115 16438 187 165 der
12393 16438 364 165 neuen
12848 16438 894 165 Organisation.

11262 16622 213 165 Da
11520 16622 330 165 dieser
11920 16622 442 165 Schritt
12403 16622 222 165 das
12663 16622 557 165 Interesse
13257 16622 246 165 und
13568 16622 174 165 die

11265 16822 703 165 Prosperität
12050 16822 187 165 der
12335 16822 382 165 Stadt
12810 16822 137 165 zu
13045 16822 447 165 fördern
13530 16822 122 165 ge

11272 17005 351 165 agnet
11662 17005 176 165 ist,
11902 17005 505 165 erwartet
12445 17005 277 165 man
12785 17005 208 165 mit
13037 17005 385 165 Recht,
13518 17005 219 165 daß

11277 17205 188 165 sich
11568 17205 727 165 die.Bürger
12397 17205 236 165 St.
12730 17205 488 165 Cloud's
13320 17205 415 165 lebhaf:

11275 17388 320 165 dabei
11632 17388 658 165 betheiligen
12327 17388 245 165 und
12610 17388 228 165 sich
12873 17388 185 165 der
13153 17388 585 165 "Market

11277 17588 883 165 Association'1
12187 17588 663 165 anschließen
12920 17588 472 165 werden.
13520 17588 208 165 Je-

11277 17772 190 165 des
11522 17772 541 165 Mitglied
12107 17772 428 165 bezahlt
12627 17772 188 165 bei
12853 17772 184 165 der
13105 17772 633 165 Aufnahme

11257 17972 116 165 1
11393 17972 489 165 Dollar.

11400 18205 267 165 LA"
11702 18205 98 165 4
11883 18205 330 165 5t6.
12253 18205 489 165 werden
12782 18205 225 165 für
13048 18205 275 165 eine
13363 18205 364 165 ffart

11273 18338 299 165 gute
11612 18338 505 165 PrintS
12163 18338 647 165 verlangt,
12887 18338 248 165 und
13173 18338 255 165 alle
13505 18338 223 165 an-

11268 18472 362 165 deren
11667 18472 593 165 Wsareu
12358 18472 1175 165 verhältnismäßig
13603 18472 129 165 zu

11272 18605 655 165 demselben
11963 18605 659 165 Preis'bei

12225 18772 475 165 Boung
12743 18772 120 165 8S
12918 18772 699 165 Bradford.

11853 19055 427 165 Zweite
12320 19055 497 165 Ankunft
12887 19055 228 165 von
13153 19055 515 165 ungeheu

11268 19205 229 165 rem
11532 19205 523 165 Boraith
12127 19205 160 165 an
12385 19205 522 165 Kleidern
13003 19205 182 165 für
13285 19205 177 165 die
13545 19205 137 165 be

11273 19372 269 165 reits
11580 19372 807 165 angebrochene
12445 19372 863 165 Wintersaison.
13455 19372 225 165 Nie

11273 19522 344 165 mand
11655 19522 315 165 sollte
12035 19522 607 165 verfehlen,
12678 19522 829 165 vorzusprechen
13567 19522 178 165 bt:

11390 20088 283 129 Ein
11710 20088 1328 129 fwunbschaftlichct
13092 20088 416 129 Wink.
13580 20088 197 129 In

11263 20222 432 128 unfccem
11723 20222 574 128 beseubtren
12325 20222 383 128 Klima,
12782 20222 180 128 mit
12993 20222 295 128 feiner
13378 20222 322 128 plötzli

11272 20355 261 128 chcn
11630 20355 1357 128 Tkncheraturveränderung,
13090 20355 153 128 wo
13382 20355 360 128 Regen.

11268 20488 295 129 Wind
11595 20488 205 129 und
11857 20488 718 129 Sonnenschein
12627 20488 303 129 öfters
12958 20488 152 129 an
13190 20488 305 129 ciifcm
13538 20488 154 129 Za

11267 20622 106 128 ge
11423 20622 427 128 wechselt,
11907 20622 130 128 ist
12067 20622 105 128 es
12280 20622 192 128 teilt
12567 20622 473 128 Wunder,
13112 20622 191 128 daß
13408 20622 330 128 unsere

11258 20755 395 128 Kinder,
11685 20755 445 128 Freunde
12178 20755 207 128 und
12417 20755 491 128 Bekannte
12962 20755 98 128 so
13105 20755 132 128 oft
13295 20755 193 128 von
13548 20755 149 128 un

11297 20888 200 129 erer
11548 20888 724 129 Seitenrissen
12302 20888 408 129 werden,
12760 20888 128 129 da
12918 20888 150 129 die
13118 20888 344 129 Hälfte
13495 20888 235 129 aller

11265 21022 552 128 Todesfälle
11885 21022 278 128 direkt
12257 21022 193 128 von
12540 21022 263 128 einer
12915 21022 818 128 vernachlässigte"

11253 21155 549 128 Erkältung
11833 21155 569 128 bcmiljren.
12525 21155 253 128 Eine
12810 21155 370 128 Flasche
13207 21155 191 128 von
13445 21155 158 128 ,53

11258 21288 477 129 schee's
11797 21288 611 129 German
12510 21288 115 129 S
12757 21288 156 129 ru
12933 21288 135 129 p"
13193 21288 154 129 im
13413 21288 327 129 Hause

11257 21422 151 128 fül
11503 21422 184 128 den
11793 21422 760 128 unieittvlliaren
12658 21422 505 128 Gebrauch
13262 21422 478 128 gehalten,

11255 21555 238 128 wird
11542 21555 185 128 jede
11775 21555 220 128 erüe
12023 21555 524 128 Krankheit
12597 21555 621 128 verhindern,
13248 21555 144 128 die
13418 21555 322 128 theure

11263 21672 829 128 Doetorrechnnng
12137 21672 488 128 ersparen,
12705 21672 217 128 und
13010 21672 428 128 vielleicht
13545 21672 177 128 bvu

11253 21822 214 128 Tod
11498 21822 915 128 femhalteiü—Zur
12465 21822 430 128 Heilung
12927 21822 201 128 von
13232 21822 496 128 Schwind-

11250 21955 270 128 sucht,
11603 21955 542 128 Blutsturz.
12228 21955 1057 128 Lungenentzündung,
13383 21955 337 128 Erkül-

11245 22072 287 128 ttuifl,
11563 22072 424 128 Bräune
12018 22072 220 128 oder
12305 22072 290 128 jedem
12622 22072 340 128 Leiden
13018 22072 172 128 des
13217 22072 500 128 Kehlkopf»

11242 22205 206 128 und

11480 22172 162 165 der
11672 22172 341 165 Sange
12070 22172 108 165 qt

12213 22205 237 128 diese
12507 22205 346 128 Arznei
12883 22205 192 128 von
13155 22205 567 128 wunderba­

11238 22338 154 129 rer
11422 22338 508 129 Wirkung,
12027 22338 171 129 wie
12275 22338 243 129 jeder
12623 22338 475 129 Dnlggist
13213 22338 515 129 bestätigen

11243 22488 277 129 wird,
11552 22488 191 129 daß
11832 22488 510 129 „©ernten
12430 22488 422 129 Shrup"
12968 22488 192 129 jetzt
13257 22488 118 129 in
13490 22488 233 129 jeder

11242 22622 320 128 Stadt
11597 22622 218 128 und
11870 22622 297 128 jedem
12193 22622 267 128 Dorf
12518 22622 289 128 dieses
12832 22622 390 128 Landes
13302 22622 428 128 verkauf!

11035 22805 1052 175 r|to,|i:o£efInfif)..ll

12117 22805 228 175 .um

8678 23005 257 165 doch
8990 23005 293 165 denn
9320 23005 512 165 Bescheid
9885 23005 412 165 wissen.
11252 23005 390 165 flachen
11673 23005 139 165 7^
11848 23005 227 165 Cts.
13333 23005 110 165 ,.

12378 22888 82 92 S
12493 22888 80 92 r)

12572 22805 215 175 -cdj

12857 22888 173 92 10/

14680 905 148 165 »-"V

15953 905 169 275 5

14188 1338 157 165 '•*?.
14707 1338 738 165 (Eingesandt.)

13977 1538 223 165 Am
14240 1538 213 165 26.
14497 1538 661 165 Drcember,
15245 1522 198 183 a\9
15478 1538 194 165 am
15728 1538 307 165 Feste
16087 1538 210 165 des

13803 1722 540 165 Patrons
14445 1722 192 165 der
14748 1722 652 165 Gemeinde,
15498 1722 285 165 fand
15822 1722 136 165 in
16062 1722 260 165 St.

13823 1905 540 165 Stephan
14403 1905 179 165 die
14697 1905 801 165 Glockenweihe
15533 1905 315 165 statt.
16013 1905 297 165 .Um

13813 2105 162 165 10
14015 2105 242 165 Uhr
14348 2105 392 165 langte
14843 2105 187 165 der
15065 2105 888 165 Hochwürdigste
16037 2105 256 165 ^Bi-

13815 2288 273 165 schof
14148 2288 759 165 Seidendnfch
14943 2288 157 165 O.
15140 2288 135 165 S.
15315 2288 162 165 B.
15523 2288 134 165 in
15703 2288 234 165 St.
15990 2288 325 165 Ste-

13803 2488 310 165 phan
14152 2488 168 165 an
14407 2488 248 165 und
14742 2488 208 165 mit
14993 2488 247 165 ihm
15333 2488 175 165 die
15543 2488 749 165 Hochwürdi»

13803 2672 210 165 gen
14048 2672 437 165 Herten
14580 2672 142 165 P.
14812 2672 505 165 Severin
15398 2672 170 165 0.
15603 2672 144 165 S.
15787 2672 150 165 B.
16033 2672 262 165 unly

13812 2872 266 165 Äcu.
14115 2872 165 165 F.
14332 2872 155 165 91.
14598 2872 595 165 Stemper.
15345 2872 587 165 Ungefähr
15987 2872 325 165 |ll

13795 3072 240 165 Uhr
14075 3072 455 165 begann
14588 3072 225 165 das
14872 3072 516 165 feierliche
15423 3072 599 165 Hochamt,
16097 3072 185 165 ce-

13792 3255 383 165 lebrirt
14217 3255 228 165 von
14512 3255 251 165 dem
14845 3255 483 165 Pfarrer
15372 3255 183 165 der
15623 3255 674 165 Gemeinde,

13798 3438 279 165 Jle».
14113 3438 142 165 P.
14325 3438 545 165 Bincenz,
14908 3438 157 165 O.
15105 3438 138 165 S.
15283 3438 207 165 B.,
15577 3438 360 165 wobei
15975 3438 305 165 Rev.

13795 3638 133 165 P.
13965 3638 660 165 Bernhard,
14665 3638 158 165 0.
14875 3638 140 165 8.
15062 3638 200 165 B.,
15305 3638 367 165 Prior
15720 3638 197 165 des
15973 3638 292 165 Klo-

13792 3838 318 165 sters
14150 3838 538 165 „Ludwig
14798 3838 197 165 am
15072 3838 358 165 See",
15513 3838 252 165 und
15852 3838 428 165 Fratcr

13790 4022 662 165 Ambrosius
14490 4022 190 165 als
14740 4022 472 165 Diacon
15253 4022 250 165 und
15562 4022 700 165 Subdiacon

13792 4222 616 165 fungirten.
14558 4222 317 165 Dem
14948 4222 977 165 Hochwürdigsten
16015 4222 282 165 Bi-'

13785 4405 275 165 schof
14115 4405 587 165 assistirten
14737 4405 296 165 Rev.
15093 4405 142 165 P.
15295 4405 552 165 Severin,
15912 4405 161 165 0.
16127 4405 145 165 S.

13787 4588 185 165 B.,
14010 4588 247 165 und
14297 4588 431 165 Father
14770 4588 585 165 Stemper.
15412 4588 251 165 Der
15707 4588 536 165 Gesang-

13790 4788 255 165 chor
14080 4788 197 165 des
14310 4788 550 165 Klosters,
14960 4788 228 165 aus
15283 4788 657 165 Theologen
16015 4788 278 165 unt

13793 4972 654 165 Studenten
14522 4972 605 165 bestehend,
15258 4972 265 165 trug
15645 4972 328 165 unter
16052 4972 216 165 der

13773 5172 487 165 Leitung
14363 5172 352 165 seines
14810 5172 657 165 gewandten
15503 5172 765 165 Organisten,

13780 5355 402 165 Krater
14243 5355 562 165 CäciliuS,
14885 5355 738 165 Schweitzer's
15678 5355 357 165 Messe
16122 5355 146 165 in

13928 5555 202 165 gut
14193 5555 254 165 vor.
14593 5555 309 165 Nach
14938 5555 242 165 dem
15240 5555 760 165 Evangelium
16040 5555 205 165 be-

13832 5738 176 165 rat
14068 5738 745 165 P.Bcrnhard
14903 5738 212 165 den
15173 5738 392 165 Altar,
15648 5738 252 165 und
15970 5738 272 165 hielt

13788 5938 224 165 oon
14063 5938 147 165 da
14263 5938 229 165 aus
14580 5938 243 165 eine
14858 5938 477 165 Predigt
15377 5938 140 165 in
15567 5938 715 165 Krcinischer

13798 6122 607 165 Dlimdart.
14552 6122 291 165 Daß
14885 6122 173 165 die
15095 6122 482 165 Predigt
15675 6122 230 165 von
15943 6122 300 165 Her-

13810 6322 158 165 jen
14020 6322 250 165 kam
14307 6322 243 165 und
14648 6322 139 165 zu
14822 6322 426 165 Herzen
15342 6322 330 165 ging,
15768 6322 487 165 konnten

13832 6505 220 165 inch
14100 6505 472 165 Solche,
14610 6505 170 165 die
14838 6505 204 165 mit
15083 6505 180 165 der
15360 6505 518 165 Sprache
15955 6505 295 165 nicht

13790 6688 485 165 oertraut
14387 6688 423 165 waren,
14907 6688 228 165 aus
15243 6688 245 165 dem
15577 6688 368 165 Geiste
16047 6688 206 165 des

13808 6888 584 165 Predigers
14428 6888 240 165 und
14708 6888 245 165 dem
14987 6888 186 165 der
15210 6888 512 165 Zuhörer
15762 6888 485 165 ersehen.

13790 7072 738 165 Unmittelbar
14568 7072 274 165 nach
14877 7072 243 165 dem
15155 7072 605 165 Hochamte
15797 7072 461 165 begann

13790 7272 172 165 )ie
14003 7272 384 165 Weihe
14497 7272 185 165 der
14788 7272 552 165 ungefähr
15423 7272 337 165 1S00
15828 7272 445 165 Pfund

13785 7472 512 165 schweren
14347 7472 431 165 Glocke,
14878 7472 455 165 welchen
15385 7472 205 165 Act
15628 7472 187 165 der
15872 7472 398 165 Hoch^

13803 7655 557 165 würdigste
14397 7655 445 165 Bischof
14912 7655 483 165 vollzog.
15462 7655 351 165 Diese
15852 7655 400 165 Glocke

13787 7855 123 165 ist
13963 7855 130 165 in
14138 7855 185 165 der
14385 7855 313 165 That
14740 7855 237 165 eine
15082 7855 373 165 schöne
15560 7855 405 165 Zierde
16073 7855 194 165 für

13797 8038 163 165 3ie
14052 8038 606 165 Gemeinde
14750 8038 235 165 St.
15087 8038 598 165 Stephan,
15783 8038 180 165 die
16002 8038 260 165 sich

13797 8238 366 165 freuen
14198 8238 309 165 darf,
14550 8238 322 165 einen
14930 8238 1073 165 „Gebetsaufrufer"
16043 8238 227 165 mit

13963 8422 482 165 schönem
14500 8422 268 165 Ton
14812 8422 561 165 erworben
15437 8422 135 165 zu
15622 8422 431 165 habeu.

13930 8622 315 165 Noch
14282 8622 186 165 der
14537 8622 386 165 Weihe
14960 8622 185 165 der
15203 8622 385 165 Glocke
15622 8622 393 165 bestieg
16048 8622 214 165 her

13788 8822 872 165 Hochwürdigste
14697 8822 445 165 Bischof
15272 8822 211 165 den
15577 8822 333 165 Altar
16015 8822 263 165 und

13812 9005 236 165 nelt
14088 9005 244 165 eine
14448 9005 299 165 kurze
14840 9005 623 165 Ansprache
15498 9005 159 165 an
15728 9005 174 165 die
15960 9005 302 165 Ver-

13790 9205 632 165 sammelten
14457 9205 133 165 in
14705 9205 525 165 deutscher
15347 9205 556 165 Sprache,
16003 9205 257 165 unb

13797 9388 365 165 waren
14290 9388 127 165 es
14502 9388 796 165 hauptsächlich
15407 9388 508 165 folgende
16022 9388 256 165 drei-

13780 9588 638 165 Blümlein,
14522 9588 170 165 die
14727 9588 108 165 er
14913 9588 329 165 Allen
15282 9588 170 165 im
15543 9588 432 165 Herzen
16050 9588 223 165 mit

13910 9772 160 165 ich
14105 9772 387 165 Hause
14528 9772 342 165 geben
14963 9772 444 165 wollte:
15450 9772 157 165 1)
15705 9772 555 165 Feiudes-

13788 9972 315 165 liebe.
14203 9972 140 165 2)
14387 9972 326 165 Liebe
14748 9972 247 165 zum
15050 9972 353 165 Gebet
15440 9972 247 165 und
15727 9972 143 165 3)
15932 9972 341 165 Liebe

13792 10155 245 165 zum
14133 10155 177 165 hl.
14417 10155 350 165 Vater
14875 10155 128 165 in
15098 10155 362 165 Rom.
15607 10155 166 165 Er
15897 10155 385 165 wollte

13790 10355 332 165 nicht,
14195 10355 222 165 daß
14507 10355 506 165 Jemand
15117 10355 283 165 diese
15492 10355 86 165 3
15667 10355 616 165 Blümlem

13788 10555 129 165 in
13962 10555 181 165 der
14213 10555 405 165 Tasche
14713 10555 252 165 oder
15073 10555 162 165 im
15338 10555 627 165 Gebetbuch
16050 10555 223 165 mit

13803 10738 185 165 sich
14047 10738 358 165 trage,
14443 10738 175 165 wo
14655 10738 162 165 sie
14852 10738 305 165 leicht
15192 10738 586 165 verdorren
15842 10738 246 165 und
16128 10738 150 165 zi»

13935 10938 273 165 taub
14247 10938 558 165 zergehen,
14897 10938 318 165 nein,
15498 10938 774 165 Ausführung

13793 11122 345 165 dessen
14193 11122 529 165 wünschte
14755 11122 165 165 er,
14978 11122 240 165 was
15255 11122 133 165 in
15435 11122 213 165 den
15683 11122 80 165 3
15828 11122 434 165 Blum-

13790 11322 227 165 lein
14058 11322 562 165 enthalten
14682 11322 175 165 ist,
14895 11322 203 165 wie
15157 11322 266 165 avch
15478 11322 184 165 der
15722 11322 170 165 hl.
15937 11322 310 165 Ste-

13795 11505 457 165 phens
14297 11505 456 165 gethan.

13943 11705 420 165 Damit
14407 11705 256 165 aber
14755 11705 798 165 hauptsächlich
15632 11705 216 165 das
15932 11705 335 165 dritte

13825 11905 553 165 Zliimlein
14418 11905 317 165 einen
14798 11905 529 165 größeren
15403 11905 355 165 Effekt
15797 11905 480 165 hervor-

13803 12088 425 165 dringe,
14265 12088 638 165 verkündete
14940 12088 180 165 der
15180 12088 558 165 Hochwste
15773 12088 512 165 Bischof,

13793 12288 220 165 daß
14067 12288 106 165 er
14232 12288 261 165 vom
14532 12288 173 165 hl.
14750 12288 348 165 Vater
15162 12288 135 165 in
15345 12288 317 165 Rom
15732 12288 573 165 während

13798 12488 330 165 seiner
14162 12488 746 165 Anwesenheit
14943 12488 452 165 daselbst
15427 12488 180 165 die
15623 12488 709 165 Erlaubniß.

13798 12672 490 165 erhalten
14385 12672 333 165 habe,
14808 12672 132 165 in
14987 12672 296 165 allen
15385 12672 462 165 Kirchen
15902 12672 356 165 seines

13797 12872 645 165 Sprengels
14522 12872 208 165 den
14815 12872 657 165 päpstllchei»
15573 12872 412 165 Segen
16090 12872 240 165 er*-

13798 13055 394 165 tbcilen
14230 13055 137 165 zu
14428 13055 445 165 dürfen,
14912 13055 243 165 und
15195 13055 522 165 kündigte
15790 13055 187 165 der
16077 13055 228 165 er-

13805 13255 413 165 freuten
14273 13255 599 165 Gemeinde
14907 13255 210 165 an,
15158 13255 225 165 daß
15487 13255 108 165 er
15703 13255 177 165 ihr
15978 13255 300 165 den-

13838 13438 307 165 el'ben
14198 13438 519 165 ertheilen
14773 13438 420 165 wolle."
15278 13438 317 165 Noch
15632 13438 638 165 beendigter

13815 13638 447 165 Predigt
14317 13638 248 165 und
14605 13638 768 165 bischöflichem
15435 13638 408 165 Segen
15882 13638 380 165 wurde

13803 13838 250 165 vom
14088 13838 670 165 Hochw'sten
14812 13838 448 165 Bischof
15355 13838 302 165 selbst
15708 13838 192 165 der
16008 13838 260 165 Se-

13800 14022 207 165 gen
14100 14022 212 165 mit
14418 14022 240 165 dem
14792 14022 866 165 Allerheiligsten
15787 14022 490 165 crtheitL

13807 14205 263 165 1!un
14123 14205 374 165 verlas
14533 14205 159 165 P.
14738 14205 499 165 Severin
15300 14205 175 165 die
15555 14205 727 165 Erlaubniß-

13807 14405 430 165 sormel,
14272 14405 210 165 den
14540 14405 647 165 päpstlichen
15247 14405 403 165 Segen
15735 14405 538 165 ertheilew

14007 14605 450 165 dürfen,
14495 14605 130 165 in
14725 14605 717 165 lateinischer,
15478 14605 822 165 stavonischer

13795 14788 242 165 und
14075 14788 527 165 deutscher
14665 14788 562 165 Sprache,
15265 14788 437 165 worauf
15768 14788 179 165 die
16033 14788 244 165 Er-

13808 14972 500 165 tficilung
14350 14972 195 165 d:s
14558 14972 654 165 päpstlichen
15247 14972 470 165 Segens
15753 14972 524 165 erfolgte.

13808 15172 262 165 Und
14238 15172 382 165 hiemit
14780 15172 367 165 endete
15303 15172 175 165 die
15627 15172 660 165 Festlichkeit

13800 15355 197 165 des
14053 15355 387 165 Tages
14477 15355 321 165 unter
14870 15355 567 165 Absingen
15473 15355 200 165 des
15737 15355 540 165 „Großen

13812 15555 280 165 Sott
14188 15555 199 165 wir
14492 15555 333 165 loben
14928 15555 337 165 dich."
15418 15555 312 165 Zum
15835 15555 448 165 Schluß

13810 15738 293 165 nun,
14143 15738 297 165 kann
14477 15738 185 165 der
14758 15738 589 165 Schreiber
15450 15738 338 165 dieser
15890 15738 412 165 Zeilen

13807 15938 280 165 nicht
14187 15938 446 165 umhin,
14732 15938 183 165 der
15027 15938 605 165 Gemeinde
15740 15938 228 165 von
16048 15938 249 165 St.

13812 16138 548 165 Stephan
14402 16138 335 165 Glück
14793 16138 140 165 zu
15035 16138 562 165 wünschen
15700 16138 142 165 zu
15937 16138 366 165 ihren»

13815 16322 812 165 pflichteifrigen
14762 16322 246 165 und
15110 16322 342 165 guten
15560 16322 725 165 Seelsorger,

13808 16505 179 165 )er
14027 16505 291 165 keine
14383 16505 369 165 Mühe
14810 16505 435 165 scheute,
15328 16505 187 165 der
15610 16505 668 165 Gemeinde,

13815 16705 170 165 )ie
14027 16705 281 165 nicht
14368 16705 199 165 gar
14630 16705 263 165 viele
14928 16705 655 165 Mitglieder
15652 16705 346 165 zählt,
16072 16705 176 165 ein

13817 16888 111 165 io
14007 16888 356 165 nettes
14400 16888 543 165 Kirchlein
15060 16888 240 165 und
15338 16888 237 165 eine
15687 16888 116 165 so
15912 16888 371 165 schöne

13817 17088 378 165 Glocke
14228 17088 137 165 zu
14462 17088 681 165 verschassen.
15303 17088 290 165 Aber
15700 17088 268 165 auch
16078 17088 184 165 der

13853 17272 559 165 Gemeinde
14517 17272 303 165 selbst
14900 17272 465 165 gebührt
15463 17272 295 165 Lob.
15905 17272 372 165 Denn

13822 17455 445 165 obwohl
14338 17455 174 165 die
14547 17455 313 165 Zahl
14965 17455 187 165 der
15240 17455 662 165 Mitglieder
15998 17455 284 165 klein

13818 17655 122 165 ist
13973 17655 244 165 und
14275 17655 173 165 die
14483 17655 445 165 meisten
15035 17655 385 165 davon
15498 17655 287 165 nicht
15870 17655 130 165 zu
16055 17655 215 165 den

13818 17855 454 165 Keichen
14307 17855 521 165 gehören,
14865 17855 120 165 so
15055 17855 243 165 that
15340 17855 263 165 doch
15658 17855 184 165 ein
15880 17855 400 165 Jeder,

13823 18038 237 165 was
14117 18038 105 165 er
14277 18038 445 165 konnte.

14747 18238 65 165 E
15788 18238 42 165 a

14785 18438 53 165 a

14272 18838 198 165 25
14520 18838 370 165 Aard
14932 18838 308 165 gute
15265 18838 420 165 Pcint
15760 18838 223 165 für
16057 18838 255 165 $1,

13845 19005 347 165 Neue
14232 19005 255 165 und
14525 19005 567 165 ersehnte
15130 19005 445 165 Mode,
15647 19005 345 165 nicht
16032 19005 275 165 alt»

13825 19172 468 165 starker
14332 19172 436 165 Stoff,
14817 19172 200 165 bei

14750 19338 480 165 Boung
15310 19322 97 183 S
15468 19338 724 165 Bradford»

13902 19572 2320 495 Bekanntmachung.

13950 20255 213 128 Alle
14255 20255 565 128 diejenigen,
14910 20255 313 128 welche
15307 20255 195 128 mir
15572 20255 230 128 noch
15827 20255 463 128 schulden,

13827 20388 358 129 werden
14212 20388 331 129 hiemit
14605 20388 697 129 aufgefordert,
15332 20388 193 129 sich
15550 20388 143 129 an
15725 20388 320 129 Herrn
16078 20388 195 129 Ad-

13827 20522 275 128 vokal
14130 20522 88 128 6
14345 20522 83 128 11
14515 20522 77 128 ii
14615 20522 57 128 8
14700 20522 118 128 zu
14885 20522 428 128 wenden,
15342 20522 175 128 um
15578 20522 150 128 bei
15755 20522 523 128 demselben

13815 20655 148 128 Die
14037 20655 700 128 rückständigen
14830 20655 493 128 Schulden
15405 20655 697 128 baldmöglichst
16170 20655 133 128 z»

13820 20788 578 129 berichtigen,
14427 20788 178 129 um
14657 20788 400 129 etwaige
15087 20788 348 129 Kosten
15482 20788 126 129 zu
15638 20788 490 129 ersparen.

14973 20938 457 165 George
15467 20938 661 165 Hertcrger.

13945 21138 190 129 St.
14175 21138 365 129 Cloud,
14572 21138 176 129 11.
14782 21138 530 129 Deeembec
15367 21138 311 129 1:77.
16013 21138 282 129 61-4

14120 21355 723 220 Bergeßt
14918 21355 189 220 eS
15188 21355 177 220 ia
15445 21355 532 220 nicht!

13985 21705 345 202 Das
14445 21705 815 202 allergrößte
15360 21705 293 202 und
15702 21705 598 202 billigste

13800 21888 420 202 Lager
14343 21888 227 202 der
14698 21888 570 202 feinsten
15373 21888 914 202 Pclzwaaren

13807 22088 223 202 für
14137 22088 583 202 Damen
14802 22088 296 202 und
15190 22088 535 202 Kinder
15775 22088 450 202 findet

13802 22288 210 202 ihr
14088 22288 227 202 bei
14362 22288 500 202 Joung
14912 22288 148 202 &
15120 22288 790 202 Bradford.

13913 22722 275 165 IW
14250 22722 1135 165 Knaben-Nnzsiste
15448 22722 160 165 in

13815 22855 1197 165 D!aunigfa!tist?eit
15073 22855 259 165 und
15405 22855 155 165 zu
15600 22855 727 165 besonders

13812 22988 508 165 billige«»
14358 22988 550 165 Preisen
14937 22988 201 165 bei
15180 22988 922 165 Prsndzinsk».
