17319 24315
947 1915 371 202 Ein
1337 1915 1143 202 Hexenprozeß
2498 1915 270 202 der
2792 1915 628 202 Gegen-

1957 2098 491 202 wart.

1110 2515 297 147 Das
1530 2515 130 147 ist
1773 2515 379 147 wicder
2267 2515 183 147 ein
2583 2515 854 147 Satanswetter

965 2698 558 147 draußen,
1563 2698 397 147 meinte
1998 2698 157 147 A.
2203 2698 137 147 zu
2377 2698 288 147 ihrer
2707 2698 741 147 Dienstmagd

965 2882 257 146 und
1338 2882 269 146 wies
1645 2882 140 146 in
1835 2882 177 146 die
2050 2882 807 146 Dämmerung
2975 2882 480 146 hinaus,

972 3082 373 146 welche
1378 3082 285 146 nicht
1730 3082 117 146 so
1947 3082 231 146 sehr
2233 3082 187 146 der
2522 3082 926 146 hereinbrechende

983 3265 320 147 Deze
1343 3265 625 147 nberalitnd
2008 3265 190 147 als
2240 3265 185 147 der
2485 3265 128 147 in
2660 3265 415 147 großen
3112 3265 333 147 dich!-

968 3448 684 147 gedrängten
1673 3448 455 147 Flocken
2167 3448 843 147 niederfallende
3023 3448 437 147 SchnO

970 3648 713 147 verursachte.
1893 3648 252 147 Gut
2342 3648 533 147 getroffen
3280 3648 173 147 ein

972 3832 905 146 Saranswetter,
1918 3832 695 146 wiederholte
2675 3832 230 146 eine
2938 3832 494 146 Stimm«

973 4032 232 146 von
1247 4032 188 146 der
1500 4032 387 146 Thüre
1928 4032 195 146 her
2162 4032 246 146 und
2452 4032 646 146 gleichzeitig
3155 4032 297 146 schob

965 4215 207 147 sich
1225 4215 235 147 eine
1497 4215 711 147 verkrümmte
2280 4215 253 147 Alte
2575 4215 377 147 herein
2990 4215 245 147 und
3277 4215 176 147 be-

973 4415 322 147 gann
1337 4415 285 147 ohne
1688 4415 419 147 weitere
2162 4415 593 147 Umstände
2792 4415 243 147 ihre
3075 4415 363 147 einge-

973 4598 512 147 trocknete
1588 4598 412 147 Hände
2040 4598 190 147 am
2268 4598 367 147 Herde
2743 4598 134 147 zu
2933 4598 517 147 wärmen.

968 4782 249 146 Die
1313 4782 385 146 beiden
1772 4782 1068 146 Frauenspersonen
2940 4782 518 146 wandten

973 4982 204 146 sich
1208 4982 282 146 nicht
1528 4982 279 146 ohne
1823 4982 419 146 einiges
2278 4982 682 146 Unbehagen
2997 4982 133 146 in
3142 4982 313 146 ihre»

972 5165 488 147 Mienen
1503 5165 244 147 um.
1912 5165 226 147 Ah,
2183 5165 247 147 Ihr
2490 5165 378 147 seid's,
2925 5165 535 147 Schatka.

983 5365 310 147 sagte
1330 5365 173 147 die
1563 5365 435 147 Magd,
2098 5365 180 147 ein
2317 5365 690 147 blutjunges'
3075 5365 350 147 Ding

980 5548 212 147 mit
1237 5548 798 147 schnippischem
2105 5548 375 147 Tone,
2505 5548 278 147 habt
2825 5548 382 147 wieder
3263 5548 180 147 wu

987 5748 661 147 gewöhnlich
1687 5748 170 147 nit
1902 5748 545 147 anklopft,
2462 5748 225 147 daß
2725 5748 273 147 man
3038 5748 397 147 meine:

983 5948 300 147 sullt,
1325 5948 247 147 Ihr
1632 5948 218 147 seid
1885 5948 173 147 nit
2103 5948 182 147 bei
2325 5948 183 147 der
2545 5948 420 147 Thür',
2990 5948 427 147 senden

982 6132 455 146 durch'n
1477 6132 671 146 Nauchsang
2187 6132 363 146 herein
2608 6132 539 146 kommen.
3218 6132 239 146 Na,

993 6315 327 147 wenn
1360 6315 253 147 Ihr
1653 6315 237 147 eine
1927 6315 955 147 Wettermacherin
2947 6315 266 147 seid,
3248 6315 197 147 wie

975 6515 123 147 b'
1143 6515 337 147 Frau
1582 6515 186 147 (t'.V
1832 6515 251 147 tvvil
2125 6515 440 147 glaubt,
2680 6515 387 147 zngt's
3110 6515 352 147 heilt',

990 6698 460 147 jnaßji'i
1553 6698 352 147 etwas
1998 6698 460 147 anders.
2602 6698 246 147 Die
2950 6698 255 147 Alte
3247 6698 178 147 sa!

978 6882 417 146 darauf
1437 6882 173 146 die
1667 6882 671 146 Sprecherin
2358 6882 182 146 der
2577 6882 333 146 Seite
2952 6882 270 146 nach
3257 6882 203 146 an.

975 7082 120 146 's
1197 7082 416 146 Wetter
1745 7082 412 146 anders
2263 7082 459 146 mach's,
2760 7082 230 146 Du
3070 7082 317 146 super

982 7282 555 146 g'scheidte
1572 7282 420 146 Grei'l,
2080 7282 297 146 kann
2517 7282 226 146 nit,
2820 7282 258 146 aber
3132 7282 228 146 baß

988 7465 249 147 was
1277 7465 411 147 anders
1752 7465 425 147 änderst
2213 7465 385 147 mach',
2637 7465 200 147 um
2878 7465 222 147 das
3167 7465 280 147 wirst

980 7665 177 147 tili
1190 7665 158 147 no
1477 7665 320 147 schön
1863 7665 394 147 bitt'n.
2410 7665 490 147 Schaust
3025 7665 193 147 seit
3275 7665 175 147 ein

977 7848 298 147 paar
1318 7848 477 147 Wochen
1833 7848 162 147 im
2040 7848 423 147 Gesicht
2498 7848 272 147 aus,
2812 7848 200 147 wie
3050 7848 388 147 Prim-

977 8048 195 147 sen
1205 8048 442 147 (Käse).
1853 8048 339 147 Wird
2238 8048 72 147 a
2347 8048 420 147 Freud'
2860 8048 362 147 hab'n
3265 8048 178 147 der

967 8232 298 146 Herr
1357 8232 555 146 G's-Hwuf
1967 8232 676 146 (Geliebter)
2730 8232 715 146 Feuerwehr-

967 8432 420 146 mann,
1428 8432 444 146 toenn'5
1910 8432 395 146 heißt:
2373 8432 515 146 Trarah,
2913 8432 182 146 ein
3133 8432 297 146 Wie-

970 8615 208 147 ner
1220 8615 375 147 Prinz
1642 8615 135 147 ist
1815 8615 238 147 da!
2102 8615 295 147 Das
2443 8615 562 147 Mädchen
3043 8615 415 147 röthete

970 8815 197 147 tief
1207 8815 241 147 und
1488 8815 492 147 ichwi.
2062 8798 761 147 Verschiedene
2858 8798 587 147 ttmsiänue

975 8998 522 147 sprachen
1533 8998 724 147 vermeintlich
2362 8998 185 147 für
2592 8998 180 147 die
2810 8998 630 147 Richtigkeit

975 9182 205 146 deZ
1303 9182 810 146 Proph^e.ltN
2158 9182 250 146 und
2493 9182 184 146 ihr
2722 9182 345 146 war's
3212 9182 245 146 nun

972 9382 296 146 klar,
1313 9382 195 146 da
1582 9382 180 146 die
1862 9382 168 146 AI
2158 9382 459 146 wirklich
2738 9382 235 146 eine
3008 9382 425 146 Hexen-

975 9565 540 147 Meisterin
1553 9565 194 147 sei.
1907 9565 235 147 Bei
2188 9565 409 147 alldem
2678 9565 135 147 ist
2852 9565 273 147 noch
3237 9565 203 147 dctt

967 9765 533 147 Unglück,
1538 9765 260 147 fuhr
1857 9765 171 147 die
2360 9765 498 147 Schatka
2897 9765 285 147 fort,
3228 9765 217 147 daß

965 9948 242 147 Du
1260 9948 525 147 entweder
1820 9948 237 147 eine
2165 9948 340 147 Kröt,
2592 9948 320 147 einen
2948 9948 499 147 Krüppe.

978 10148 257 147 oder
1272 10148 185 147 ein
1470 10148 948 147 Meerschweindel
2438 10148 190 147 zur
2667 10148 300 147 Welt
2980 10148 478 147 bringen

977 10332 343 146 wirst.
1473 10332 357 146 Stell'
1878 10332 242 146 Dir
2173 10332 175 146 die
2385 10332 480 146 Schand
2907 10332 253 146 vor.
3222 10332 236 146 Se,

973 10515 265 147 still,
1280 10515 298 147 wan'
1622 10515 460 147 (ntc:ne)
2148 10515 175 147 nit
2433 10515 124 147 cs
2593 10515 457 147 braucht
3108 10515 175 147 nit
3330 10515 105 147 sc

977 10715 220 147 arg
1240 10715 87 147 z'
1390 10715 467 147 iverd'n,
1897 10715 425 147 wannst
2377 10715 218 147 mir
2640 10715 537 147 vertraust
3215 10715 235 147 und

973 10898 317 147 Alles
1332 10898 331 147 thust,
1728 10898 242 147 was
2028 10898 154 147 ich
2215 10898 247 147 Dir
2517 10898 293 147 sag'.
2878 10898 232 147 Ich
3160 10898 255 147 kan:

968 11082 304 146 Dich
1315 11082 385 146 davon
1722 11082 520 146 befreien,
2280 11082 260 146 aber
2577 11082 231 146 kein
2845 11082 572 146 lebendige

973 11282 460 146 Mensch
1560 11282 248 146 darf
1877 11282 101 146 je
2015 11282 542 146 erfahr'»,
2657 11282 203 146 wie
2985 11282 220 146 das
3265 11282 125 146 ge

975 11482 413 146 scheh'n
1423 11482 165 146 is.
1748 11482 180 146 Es
1972 11482 250 146 kost'
2280 11482 297 146 Dich
2620 11482 260 146 auch
2935 11482 172 146 nit
3152 11482 288 146 mch:

980 11665 188 147 als
1210 11665 133 147 nc
1380 11665 160 147 1111
1578 11665 504 147 Gulden.

1128 11898 395 147 Durch
1565 11898 263 147 zwei
1892 11898 476 147 Wochen
2423 11898 512 147 schlüpfte
2972 11898 173 147 die
3203 11898 240 147 Alh

975 12082 282 146 Tag
1303 12082 180 146 für
1552 12082 271 146 Tag
1868 12082 194 146 zur
2148 12082 607 146 nämlichen
2812 12082 468 146 Stunde
3323 12082 127 146 ii.

972 12265 178 147 die
1187 12265 355 147 Küche
1603 12265 382 147 hinein
2092 12265 241 147 und
2375 12265 432 147 brachte
2887 12265 285 147 bald
3213 12265 230 147 diei

962 12448 286 147 bald
1383 12448 299 147 jenes
1740 12448 612 147 Tränklein
2417 12448 136 147 in
2687 12448 768 147 altmodischen

963 12648 587 147 Flaschen.
1773 12648 605 147 Dieselben
2508 12648 565 147 erzeugten
3202 12648 250 147 stets

968 12832 944 146 unausbleibliche
1993 12832 897 146 Leibschmerzen,
2970 12832 262 146 aber
3290 12832 163 146 die

963 13032 922 146 Hexenmeisterin
1980 13032 577 146 beruhigte
2653 13032 174 146 die
2922 13032 528 146 Leidende

958 13215 219 147 mit
1223 13215 187 147 der
1475 13215 842 147 Versicherung,
2413 13215 225 147 daß
2735 13215 398 147 gerade
3170 13215 267 147 diese

972 13415 673 147 Schmer-en
1685 13415 225 147 das
2018 13415 755 147 vorzüglichste
2828 13415 627 147 Symptoni

965 13598 197 147 der
1298 13598 962 147 Zaub.rlvir.'ung
2395 13598 335 147 seien
2903 13598 174 147 die
3212 13598 241 147 ver-

972 13798 721 147 tounschene.t
1728 13798 497 147 Thiere:
2297 13798 351 147 Kröte
2753 13798 255 147 oder
3045 13798 333 147 Meer

965 13998 748 147 schweinchen,
1748 13998 395 147 hätten
2185 13998 195 147 sich
2525 13998 318 147 schon
2962 13998 230 147 re§
3238 13998 152 147 Le

955 14182 300 146 bens
1295 14182 140 146 zu
1500 14182 475 146 wehren.
2137 14182 223 146 Am
2403 14182 682 146 vierzehnten
3123 14182 305 146 Tag^

960 14365 562 147 humpelte
1628 14365 177 147 die
1885 14365 253 147 Alte
2238 14365 494 147 Schatka
2770 14365 373 147 schwer
3258 14365 185 147 be-

963 14548 350 147 laden
1438 14548 392 147 daher.
1988 14548 235 147 Sie
2355 14548 263 147 trug
2752 14548 241 147 eine
3122 14548 335 147 große

963 14748 482 147 Pfanne
1570 14748 182 147 bei
1850 14748 243 147 sich,
2152 14748 476 147 mehrere
2733 14748 402 147 Tiegel
3248 14748 202 147 mit

972 14932 573 146 Kräutern
1642 14932 248 146 und
1967 14932 505 146 Phiolen
2515 14932 202 146 mit
2760 14932 320 146 stark
3192 14932 243 146 duf-

978 15132 399 146 tenden
1518 15132 567 146 Essenzen.
2322 15132 226 146 Auf
2648 15132 247 146 dem
3032 15132 428 146 offenen

977 15315 638 147 Nothherde
1713 15315 504 147 prasselte
2358 15315 280 147 bald
2725 15315 177 147 ein
3000 15315 458 147 lustiges

972 15515 453 147 Feuer:
1470 15515 173 147 die
1680 15515 473 147 Pfanne
2197 15515 370 147 wurde
2607 15515 195 147 auf
2842 15515 211 147 den
3090 15515 360 147 Drei-

988 15698 205 147 fuß
1253 15698 574 147 geschoben
1860 15698 252 147 und
2153 15698 200 147 wie
2412 15698 170 147 die
2635 15698 525 147 vergilbte
3198 15698 255 147 Alte

987 15882 250 146 nun
1278 15882 574 146 beleuchtet
1910 15882 228 146 von
2180 15882 208 146 den
2448 15882 564 146 zuckenden
3045 15882 395 146 Flam-

985 16082 252 146 men
1275 16082 238 146 hier
1553 16082 240 146 und
1835 16082 500 146 dortrein
2377 16082 308 146 griff,
2712 16082 760 146 Kräuter-und

987 16282 521 146 Essenzen
1562 16282 415 146 mischte
2012 16282 246 146 und
2302 16282 215 146 das
2578 16282 595 146 brodelnde
3210 16282 235 146 Ge-

983 16465 300 147 bräu
1327 16465 130 147 in
1503 16465 182 147 der
1792 16465 475 147 Pfanne
2310 16465 323 147 unter
2735 16465 682 147 unaufhörli

1023 16648 264 147 chen
1322 16648 648 147 Gemurmel
2010 16648 433 147 rührte:
2660 16648 150 147 da
2848 16648 369 147 wollte
3282 16648 180 147 der

993 16848 390 147 Magd
1513 16848 200 147 vor
1753 16848 185 147 der
2012 16848 303 147 alten
2355 16848 297 147 Hexe
2777 16848 271 147 recht
3082 16848 373 147 bange

998 17032 479 146 werden.
1545 17032 550 146 Nachdem
2180 17032 120 146 es
2333 17032 304 146 wohl
2680 17032 233 146 eine
2982 17032 471 146 Viertel-

998 17232 389 146 stxndc
1423 17232 137 146 in
1610 17232 185 146 der
1832 17232 466 146 Pfanne
2402 17232 440 146 gewallt
2882 17232 306 146 hatte
3228 17232 244 146 und

995 17415 227 147 das
1263 17415 485 147 Gemach
1805 17415 202 147 mit
2050 17415 352 147 einem
2438 17415 750 147 betäubenden
3225 17415 215 147 Ge-

1000 17615 252 147 ruch
1290 17615 375 147 erfüllt
1733 17615 272 147 war.
2067 17615 596 147 überquoll
2705 17615 218 147 das
2962 17615 498 147 Zauber-

1003 17815 232 147 vaß
1275 17815 248 147 und
1658 17815 562 147 verlöschte
2325 17815 462 147 zischend
2820 17815 177 147 die
3103 17815 347 147 Herd-

1005 17998 602 147 flammen.
1770 17998 175 147 Es
2035 17998 507 147 herrschte
2628 17998 845 147 rabenschwarze

990 18182 688 146 Finsterniß,
1720 18182 285 146 und,
2047 18182 203 146 wie
2272 18182 193 146 um
2505 18182 222 146 das
2765 18182 730 146 Unheimliche

1002 18382 186 146 der
1252 18382 381 146 Scene
1672 18382 136 146 zu
1867 18382 580 146 "erhöhen,
2485 18382 253 146 pfiff
2835 18382 237 146 und
3112 18382 361 146 heulte

998 18565 190 147 der
1247 18565 443 147 Sturm
1737 18565 326 147 durch
2177 18565 211 147 den
2443 18565 429 147 offenen
2967 18565 508 147 Schorn-

1005 18748 273 147 stein
1317 18748 398 147 herab.
1860 18748 248 147 Die
2197 18748 578 147 Zauberin
2860 18748 625 147 entzündete

1003 18948 222 147 das
1358 18948 705 147 Stümpchen
2103 18948 295 147 einer
2518 18948 687 147 Wachskerze
3240 18948 237 147 und

1003 19132 435 146 befahl,
1483 19132 524 146 nachdem
2047 19132 143 146 sie
2223 19132 212 146 den
2475 19132 738 146 dampfenden

3228 19165 250 110 In-

995 19332 260 146 halt
1300 19332 185 146 der
1522 19332 471 146 Pfanne
2037 19332 140 146 in
2228 19332 180 146 ein
2523 19332 405 146 Schaff
2993 19332 497 146 gegasten

1002 19515 365 147 hatte,
1408 19515 185 147 der
1650 19515 598 147 zitternden
2362 19515 441 147 Magd,
2848 19515 150 147 da
3037 19515 433 147 hinein-

1012 19715 535 147 zusteigen
1668 19715 247 147 und
1957 19715 240 147 eine
2280 19715 807 147 Viertelstunde
3207 19715 288 147 lang

1017 19915 243 147 „im
1375 19915 512 147 Dunste"
1928 19915 134 147 zu
2175 19915 483 147 bleiben.
2813 19915 350 147 Diese
3297 19915 180 147 ge-

997 20098 441 147 horchte
1475 20098 245 147 und
1828 20098 527 147 dunstete,
2392 20098 476 147 indessen
2957 20098 176 147 die
3240 20098 243 147 Alte

1003 20282 177 146 im
1297 20282 368 146 Herbe
1705 20282 383 146 wieder
2162 20282 180 146 ein
2380 20282 363 146 Feuer
2882 20282 608 146 anmachtc.

1022 20482 315 146 Nach
1375 20482 427 146 Ablauf
1868 20482 190 146 der
2153 20482 994 146 vorgeschriebenen
3182 20482 295 146 Frist

1007 20665 276 147 hielt
1327 20665 180 147 die
1545 20665 912 147 Hexenmeisterin
2567 20665 208 147 den
2812 20665 308 147 Kopf
3187 20665 301 147 eines

1010 20848 1095 147 Meerschweinchens
2237 20848 135 147 in
2473 20848 180 147 der
2768 20848 360 147 Hand
3252 20848 243 147 und

1013 21048 310 147 sagte
1378 21048 459 147 feierlich
1993 21048 237 147 Du
2253 21048 207 147 bist
2518 21048 260 147 vom
2818 21048 447 147 Zauber
3307 21048 161 147 er-

1008 21248 262 147 löst,
1390 21248 190 147 der
1617 21248 336 147 kleine
1990 21248 370 147 Prinz
2457 21248 290 147 wäre
2785 21248 177 147 ein
3095 21248 332 147 Meer

1010 21432 635 146 schweindel
1682 21432 623 146 geworden,
2367 21432 201 146 wie
2665 21432 378 146 Deine
3085 21432 395 146 Augen

1020 21615 367 147 sehen.
1533 21615 395 147 Dann
1975 21615 402 147 drückte
2412 21615 171 147 sie
2622 21615 243 147 dem
2900 21615 363 147 Kopfe
3327 21615 166 147 die

1020 21815 407 147 Augen
1467 21815 230 147 aus
1758 21815 247 147 und
2047 21815 283 147 warf
2373 21815 209 147 ihn
2627 21815 235 147 in's
2907 21815 358 147 Feuer
3305 21815 202 147 mit

1013 21998 219 147 den
1270 21998 523 147 Worten:
1883 21998 277 147 Jetzt
2197 21998 208 147 bin
2428 21998 149 147 ich
2610 21998 233 147 eine
2878 21998 614 147 Mörderin

1008 22182 210 146 um
1262 22182 875 146 Deinetwillen!
2208 22182 277 146 Und
2528 22182 224 146 von
2822 22182 670 146 derselbigen

1017 22382 483 146 Stunde
1543 22382 157 146 an
1763 22382 350 146 fühlte
2155 22382 173 146 die
2463 22382 397 146 Magd
2905 22382 295 146 keine
3235 22382 237 146 Be-

1013 22615 514 147 schwerde
1562 22615 356 147 mehr.

3608 1132 222 146 In
3858 1132 367 146 Folge
4268 1132 337 146 dieser
4640 1132 488 146 Anzeige
5167 1132 376 146 wurde
5583 1132 382 146 Karo-

3473 1315 237 147 line
3753 1315 210 147 D.
4000 1315 192 147 zur
4230 1315 460 147 Polizei
4760 1315 723 147 vorgeladen,
5523 1315 247 147 und
5812 1315 153 147 da

3485 1515 143 147 sie
3662 1515 650 147 hinsichtlich
4370 1515 198 147 des
4680 1515 695 147 Vorganges
5482 1515 180 147 ein
5700 1515 263 147 um-

3497 1698 535 147 fastendes
4067 1698 700 147 Geständniß
4885 1698 473 147 ablegte,
5397 1698 380 147 wurde
5817 1698 188 147 sie

3495 1898 240 147 und
3777 1898 401 147 Marie
4223 1898 495 147 Schatka
4783 1898 589 147 verhaftet,
5412 1898 330 147 sowie
5778 1898 190 147 ge-

3503 2082 205 146 gen
3745 2082 173 146 die
3985 2082 200 146 auf
4243 2082 370 146 freiem
4652 2082 318 146 Fuße
5053 2082 545 146 belassene
5632 2082 346 146 Frau

3513 2282 147 146 A.
3785 2282 173 146 die
3995 2282 847 146 Untersuchung
4948 2282 657 146 eingeleitet.
5753 2282 247 146 Bei

3512 2465 180 147 der
3750 2465 830 147 Verhandlung
4623 2465 459 147 wurden
5177 2465 253 147 nun
5473 2465 515 147 folgende

3520 2665 587 147 Aussagen
4143 2665 575 147 gemacht:

3667 2848 241 147 Die
3955 2848 755 147 Dienstmagd
4768 2848 547 147 Karoline
5357 2848 208 147 D.
5603 2848 405 147 sagte:

3513 3032 245 146 Die
3807 3032 218 146 alte
4085 3032 545 146 Schatka,
4670 3032 370 146 welche
5128 3032 165 146 im
5338 3032 312 146 Rufe
5692 3032 293 146 einer

3523 3215 287 147 Hre
3848 3215 369 147 stand,
4255 3215 292 147 r.cth
4590 3215 217 147 mir
4957 3215 305 147 eines
5322 3215 436 147 Tages,
5800 3215 198 147 mit

3530 3415 242 147 dem
3807 3415 1018 147 Feuerwehrmann
4932 3415 501 147 Leopold
5473 3415 295 147 Sch.
5833 3415 177 147 ein

3518 3598 992 147 Liebesverhältnis
4588 3598 769 147 anzufangen.
5500 3598 240 147 Sic
5788 3598 225 147 gab

3520 3798 223 147 mir
3788 3798 237 147 eine
4083 3798 437 147 braune
4560 3798 497 147 Wurzel,
5118 3798 370 147 welche
5522 3798 205 147 ihn
5772 3798 223 147 mir

3532 3998 245 147 treu
3817 3998 500 147 erhallen
4382 3998 353 147 sollte.
4880 3998 553 147 Nachdem
5470 3998 218 147 mir
5732 3998 265 147 auch

3528 4182 357 146 meine
3982 4182 680 146 Dienstfrau
4750 4182 135 146 zu
4988 4182 247 146 dem
5342 4182 675 146 Verhältniß

3525 4382 337 146 rieth,
3957 4382 123 146 so
4113 4382 455 146 begann
4630 4382 155 146 ich
4875 4382 458 146 wirklich
5373 4382 219 146 das
5717 4382 288 146 Ver-

3530 4565 492 147 hältniß.
4168 4565 217 147 Ob
4433 4565 124 147 es
4613 4565 209 147 mit
4913 4565 214 147 mir
5170 4565 457 147 damals
5693 4565 307 147 wirk-

3528 4748 199 147 lich
3785 4748 113 147 so
3928 4748 390 147 stand,
4358 4748 204 147 wie
4622 4748 173 147 die
4832 4748 500 147 Schatka
5372 4748 650 147 behauptet,

3533 4948 270 147 weiß
3840 4948 155 147 ich
4065 4948 327 147 nich*.
4538 4948 249 147 Die
4867 4948 400 147 Magd
5357 4948 410 147 erzählt
5825 4948 175 147 so-

3530 5132 315 146 .iann
3977 5132 176 146 die
4230 5132 408 146 bereits
4728 5132 529 146 bekannte
5377 5132 645 146 Handlung

3542 5315 218 147 oon
3798 5315 335 147 Seite
4202 5315 186 147 der
4443 5315 304 147 alten
4805 5315 542 147 Schatka.

3678 5548 242 147 Die
4033 5548 1039 147 „Hexenmeisterin"
5183 5548 224 147 gab
5447 5548 251 147 an:
5778 5548 245 147 Die

3532 5732 668 146 Dienstfrau
4332 5732 186 146 der
4555 5732 548 146 Katoline
5145 5732 202 146 D.
5482 5732 306 146 hatte
5828 5732 174 146 ein

3537 5932 670 146 Verhältniß
4317 5932 208 146 mit
4570 5932 350 146 einem
4998 5932 1015 146 Feuerwehrmann

3533 6115 354 147 hinter
3927 6115 248 147 dem
4232 6115 423 147 Rücken
4785 6115 307 147 ihres
5132 6115 581 147 Mannes,
5757 6115 233 147 wo-

3538 6315 222 147 von
3800 6315 173 147 die
4010 6315 412 147 Magd
4468 6315 402 147 wußte.
5027 6315 233 147 Sic
5307 6315 235 147 war
5608 6315 184 147 der
5805 6315 202 147 sei-

3532 6515 206 147 ben
3797 6515 263 147 auch
4095 6515 167 147 40
4328 6515 462 147 Gulden
4858 6515 479 147 schuldig
5375 6515 240 147 und
5683 6515 327 147 theils

3535 6698 187 147 um
3760 6698 142 147 sie
3962 6698 546 147 bezüglich
4545 6698 333 147 dieser
4913 6698 682 147 Forderung
5637 6698 360 147 beizu-

3525 6882 432 146 halten,
3997 6882 328 146 theils
4363 6882 209 146 um
4583 6882 304 146 ihres
4927 6882 725 146 Schweigens
5690 6882 303 146 sicher

3525 7082 135 146 zu
3755 7082 278 146 sein,
4160 7082 457 146 ersuchte
4707 7082 143 146 sie
4902 7082 316 146 mich,
5302 7082 188 146 der
5615 7082 395 146 Magd

3528 7282 604 146 gleichfalls
4263 7282 320 146 einen
4665 7282 1023 146 Feuerwehrmann
5817 7282 188 146 als

3528 7465 574 147 Geliebten
4205 7465 142 147 zu
4383 7465 697 147 verschaffen,
5173 7465 249 147 was
5462 7465 160 147 ich
5737 7465 268 147 auch

3528 7665 694 147 vollbrachte.
4408 7665 260 147 Ans
4767 7665 573 147 denselben
5442 7665 556 147 Gründen

3523 7848 369 147 mußte
3928 7848 155 147 ich
4230 7848 185 147 der
4505 7848 398 147 Magd
4948 7848 180 147 die
5245 7848 745 147 Zaubereige-

3528 8048 414 147 schichte
3995 8048 238 147 und
4273 8048 319 147 einen
4682 8048 516 147 Zustand
5240 8048 752 147 weismachen,

3525 8232 127 146 in
3697 8232 245 146 dem
3997 8232 141 146 sie
4198 8232 190 146 sich
4447 8232 206 146 gar
4745 8232 283 146 nicht
5065 8232 463 146 befand.
5697 8232 311 146 Wir,

3517 8432 333 146 Frau
3897 8432 153 146 A.
4070 8432 245 146 und
4335 8432 157 146 ich
4527 8432 440 146 kauften
5005 8432 133 146 zu
5173 8432 387 146 diesem
5593 8432 409 146 Zwecke

3527 8615 195 147 auf
3762 8615 245 147 dem
4063 8615 769 147 Naschmarkte
4925 8615 182 147 ein
5145 8615 833 147 Meerschwein-

3535 8815 318 147 chen
3895 8815 203 147 um
4222 8815 163 147 25
4465 8815 523 147 Kreuzer,
5110 8815 517 147 schnitten
5752 8815 245 147 dem

3535 8998 588 147 Thierchen
4160 8998 210 147 den
4432 8998 306 147 Kopf
4868 8998 152 147 ab
5058 8998 244 147 und
5367 8998 623 147 verspeisten

3530 9182 620 146 zusammen
4242 9182 213 146 den
4537 9182 313 146 Leib,
4892 9182 525 146 während
5478 9182 204 146 wir
5787 9182 210 146 den

3525 9382 300 146 Kopf
3932 9382 675 146 abbrüht.'!!,
4647 9382 116 146 fo
4863 9382 227 146 daß
5128 9382 277 146 man
5445 9382 208 146 ihn
5772 9382 223 146 von

3528 9582 207 146 den
3853 9582 479 146 Hazren
4373 9582 475 146 befreien
4978 9582 447 146 konnte.
5575 9582 418 146 Diesen

3523 9765 305 147 Kops
3867 9765 331 147 zeigte
4263 9765 154 147 ich
4472 9765 268 147 nach
4795 9765 243 147 dem
5073 9765 675 147 Dunstbade
5805 9765 188 147 der

3530 9965 388 147 Magd
3963 9965 187 147 als
4163 9965 224 147 das
4425 9965 518 147 Resultat
4983 9965 404 147 meiner
5398 9965 600 147 Zauberei.

3530 10148 238 147 Die
3813 10148 440 147 Tränke
4293 10148 177 147 die
4530 10148 160 147 ich
4725 10148 180 147 ihr
5040 10148 455 147 eingab,
5620 10148 378 147 waren

3533 10348 344 147 nichts
3913 10348 190 147 als
4170 10348 657 147 Eibischthee
4863 10348 237 147 und
5140 10348 705 147 dergleichen.

3673 10532 335 146 Frau
4055 10532 405 146 Josefa
4525 10532 150 146 A.
4720 10532 388 146 sagte:
5175 10532 230 146 Ich
5455 10532 328 146 kenne
5818 10532 174 146 die

3533 10715 487 147 Schatka
4058 10715 314 147 schon
4405 10715 342 147 lange
4768 10715 187 147 als
4978 10715 1022 147 Kartenfchlägerin

3528 10915 234 147 und
3802 10915 316 147 weiß,
4157 10915 260 147 .daß
4455 10915 138 147 sie
4652 10915 268 147 auch
5018 10915 282 147 sonst
5357 10915 266 147 noch
5677 10915 311 147 aber-

3533 11098 669 147 glaubliches
4238 11098 327 147 Zeug
4668 11098 367 147 treibt.
5195 11098 235 147 Sie
5477 11098 201 147 hat
5720 11098 263 147 auch

3532 11282 256 146 mich
3843 11282 524 146 betrogen
4403 11282 210 146 mit
4657 11282 291 146 ihrer
5032 11282 598 146 Zauberei.
5705 11282 232 146 Ein

3525 11482 243 146 mal
3812 11482 200 146 hat
4052 11482 141 146 sie
4262 11482 265 146 mir,
4573 11482 355 146 damit
5040 11482 437 146 meinen
5515 11482 397 146 verstor

3530 11665 347 147 denen
3973 11665 509 147 Kindern
4523 11665 164 147 im
4782 11665 505 147 Jenseits
5392 11665 356 147 nichts
5807 11665 183 147 ge-

3528 11865 424 147 schahen
4062 11865 248 147 soll,
4350 11865 265 147 zwei
4685 11865 445 147 Polster
5172 11865 208 147 mit
5498 11865 187 147 der
5745 11865 228 147 An-

3533 12048 272 147 gabe
3840 12048 477 147 entlockt,
4352 12048 223 147 daß
4640 12048 140 147 sie
4812 12048 533 147 dieselben
5445 12048 203 147 um
5690 12048 253 147 Mit

3525 12248 478 147 t.rnacht
4045 12248 200 147 auf
4317 12248 211 147 den
4603 12248 940 147 Centralfriedhof
5608 12248 390 147 tragen

3522 12432 320 146 muß.
3912 12432 235 146 Ein
4193 12432 584 146 andermal
4817 12432 356 146 nahm
5215 12432 142 146 sie
5413 12432 180 146 ein
5650 12432 358 146 Tuch,

3523 12615 202 147 um
3767 12615 120 147 es
3958 12615 385 147 wieder
4382 12615 200 147 um
4643 12615 729 147 Mitternacht
5415 12615 203 147 auf
5685 12615 320 147 einen

3530 12815 570 147 geheimen
4137 12815 326 147 Altar
4508 12815 134 147 in
4752 12815 188 147 der
5002 12815 811 147 Stefenskirche
5852 12815 140 147 zn

3522 12998 713 147 legen.—An
4277 12998 245 147 dem
4557 12998 373 147 Kaufe
4947 12998 195 147 des
5177 12998 833 147 Meerschwein-

3535 13198 330 147 chens
3902 13198 236 147 war
4182 13198 151 147 ich
4400 13198 280 147 nicht
4717 13198 618 147 betheiligt.

3687 13382 236 146 Aus
3963 13382 430 146 Grund
4437 13382 328 146 dieser
4840 13382 555 146 Aussage,
5433 13382 334 146 sowie
5803 13382 200 146 des

3527 13582 590 146 Befundes
4157 13582 183 146 der
4465 13582 375 146 Aerzte
4893 13582 372 146 wurde
5357 13582 176 146 die
5570 13582 412 146 Unter-

3533 13765 479 147 suchung
4117 13765 256 147 vom
4413 13765 855 147 Landsgerichte
5383 13765 630 147 eingestellt,

3537 13948 163 147 die
3735 13948 395 147 M.igd
4227 13948 95 147 si
4333 13948 574 147 einlassen
4945 13948 242 147 und
5248 13948 174 147 die
5510 13948 488 147 „Hexen-

3537 14148 593 147 Meisterin"
4168 14148 467 147 spazirte
4705 14148 127 147 zu
4887 14148 241 147 dem
5163 14148 844 147 Bezirksgericht

3530 14332 658 146 Josefstadt,
4317 14332 175 146 wo
4532 14332 150 146 sie
4745 14332 377 146 wegen
5245 14332 578 146 Betruges
5865 14332 137 146 zu

3530 14532 1047 146 vierzehnjährigem
4758 14532 427 146 Arreste
5360 14532 650 146 veiurtheilt

3533 14698 422 147 wurde.

3675 15182 142 146 N
4385 15182 75 146 a
4962 15182 151 146 W
5158 15182 69 146 a
5915 15182 98 146 i-

3648 15365 197 147 er.
4093 15365 220 147 In
4388 15365 360 147 einem
4785 15365 282 147 New
5107 15365 415 147 Yorker
5562 15365 426 147 Irren-

3535 15565 337 147 Hause
3923 15565 370 147 wurde
4333 15565 277 147 letzte
4675 15565 407 147 Woche
5120 15565 182 147 ein
5392 15565 611 147 Wahnsin-

3533 15748 319 147 niger
3892 15748 133 147 in
4073 15748 354 147 einem
4463 15748 480 147 Kampfe
5007 15748 205 147 mit
5255 15748 348 147 einem
5660 15748 335 147 Wär-

3543 15948 149 147 ter
3755 15948 120 147 so
3935 15948 550 147 furchtbar
4525 15948 682 147 zugerichtet,
5267 15948 225 147 daß
5597 15948 108 147 er
5815 15948 185 147 be-

3540 16132 487 146 wußtlos
4067 16132 241 146 in's
4355 16132 430 146 Spital
4833 16132 494 146 gebracht
5362 16132 371 146 wurde
5773 16132 244 146 und

3540 16315 272 147 nah
3860 16315 262 147 zwei
4160 16315 453 147 Tagen,
4655 16315 290 147 ohne
5047 16315 195 147 zur
5338 16315 672 147 Besinnung

3553 16515 905 147 zurückzukehren,
4493 16515 567 147 verschied.
5212 16515 258 147 Der
5555 16515 443 147 Wahn-

3542 16698 421 147 sinnige
4065 16698 270 147 trug
4447 16698 191 147 am
4745 16698 422 147 ganzen
5270 16698 430 147 Körper
5833 16698 177 147 die

3552 16898 475 147 Spuren
4153 16898 667 147 entsetzlicher
4933 16898 1035 147 Mißhandlungen

3548 17082 177 146 ^er
3837 17082 496 146 Schädel
4440 17082 237 146 war
4770 17082 243 146 ihm
5057 17082 656 146 zerschlagen
5772 17082 243 146 und

3542 17282 136 146 elf
3715 17282 500 146 Rippen,
4330 17282 228 146 acht
4618 17282 200 146 auf
4880 17282 183 146 der
5120 17282 322 146 einen
5478 17282 244 146 und
5783 17282 232 146 drei

3543 17465 194 147 auf
3797 17465 180 147 der
4040 17465 477 147 anderen
4575 17465 382 147 Seite,
4998 17465 375 147 waren
5465 17465 240 147 ihm
5813 17465 169 147 ge-

3538 17665 450 147 brochen
4023 17665 244 147 und
4327 17665 130 147 in
4503 17665 174 147 die
4715 17665 472 147 Lungen
5227 17665 785 147 hineingetrie-

3547 17848 251 147 ben.
3943 17848 235 147 Bei
4273 17848 244 147 dem
4602 17848 486 147 Kampfe
5177 17848 501 147 zwischen
5767 17848 248 147 dem

3552 18048 443 147 Wärter
4100 18048 245 147 und
4440 18048 248 147 dem
4783 18048 745 147 Irrsinnigen
5635 18048 382 147 waren

3548 18232 265 146 bloß
3943 18232 1127 146 Unglücksgefährten
5200 18232 200 146 des
5497 18232 523 146 Letzteren

3552 18415 473 147 zugegen
4080 18415 520 147 gewesen.
4755 18415 995 147 Jhre.Aussace-i,
5833 18415 177 147 so-

3557 18615 241 147 weit
3837 18615 270 147 man
4177 18615 140 147 sie
4347 18615 181 147 bei
4587 18615 188 147 der
4832 18615 768 147 Todtenschau
5638 18615 137 147 zu
5840 18615 172 147 er-

3557 18798 375 147 halten
4012 18798 570 147 versuchte,
4682 18798 378 147 waren
5162 18798 846 147 unzusammen-

3557 18998 556 147 hängend.
4260 18998 550 147 Dennoch
4867 18998 338 147 schien
5258 18998 227 147 aus
5582 18998 443 147 einigen

3560 19182 802 146 Aciißcruiigen
4482 19182 188 146 der
4808 19182 384 146 armen
5303 19182 429 146 Irren,
5853 19182 172 146 die

3562 19382 496 146 offenbar
4117 19382 330 146 große
4510 19382 340 146 Angst
4908 19382 230 146 von
5180 19382 350 146 ihrem
5570 19382 448 146 Wärter

3557 19582 156 146 ter
3750 19582 435 146 hatten,
4225 19582 927 146 hervorzugehen,
5205 19582 223 146 daß
5467 19582 333 146 dieser
5887 19582 140 146 sie

3563 19765 615 147 manchmal
4217 19765 201 147 mit
4462 19765 643 147 Fußtritten
5148 19765 134 147 zu
5317 19765 716 147 mißhandeln

3563 19965 395 147 pflegte
4078 19948 242 147 und
4455 19948 265 147 auch
4825 19948 217 147 den
5148 19948 674 147 Getödteten

3562 20148 646 147 Odenwald
4250 20148 248 147 hieß
4535 20148 437 147 er—nti
5057 20148 646 147 Fnßir.tten
5747 20148 283 147 miß-

3562 20332 526 146 handelt*
4130 20332 353 146 hatte.
4617 20332 220 146 In
4930 20332 185 146 der
5223 20332 315 146 That
5638 20332 387 146 hatten

3567 20532 348 146 einige
3993 20532 185 146 der
4273 20532 829 146 Verletzungen,
5200 20532 375 146 welche
5673 20532 350 146 dessen

3558 20715 419 147 Körper
4033 20715 380 147 zeigte,
4450 20715 222 147 das
4733 20715 620 147 Aussehen,
5392 20715 186 147 als
5652 20715 141 147 ob
5882 20715 145 147 sie

3563 20915 230 147 von
3887 20915 648 147 Fußtritten
4630 20915 702 147 herrührten.
5478 20915 547 147 Dennoch

3570 21098 383 147 schwor
4062 21098 448 147 Byrne,
4605 21098 185 147 der
4902 21098 501 147 Wärter,
5495 21098 202 147 auf
5782 21098 248 147 dem

3568 21298 815 147 Zeugenstand,
4422 21298 226 147 daß
4703 21298 110 147 er
4930 21298 340 147 weder
5373 21298 660 147 Odenwald

3563 21482 262 146 noch
3928 21482 397 146 irgend
4425 21482 320 146 einen
4848 21482 482 146 anderen
5427 21482 191 146 der
5655 21482 350 146 seiner

3565 21682 408 146 Obhut
4015 21682 795 146 anvertrauten
4850 21682 370 146 Irren
5270 21682 98 146 je
5427 21682 210 146 mit
5682 21682 325 146 Fuß-

3568 21865 375 147 tritten
3987 21865 686 147 mißhandelt
4713 21865 337 147 habe
5135 21865 163 147 im
5362 21865 673 147 Gegentheil

3572 22048 138 147 sei
3762 22048 110 147 er
3907 22048 288 147 stets
4233 22048 180 147 die
4470 22048 717 147 Sanftmuth
5232 22048 335 147 selber
5680 22048 345 147 gewe-

3568 22248 230 147 sen.
3950 22248 197 147 An
4193 22248 249 147 dem
4478 22248 490 147 Abende,
5063 22248 165 147 an
5272 22248 490 147 welchem
5797 22248 218 147 das

3570 22432 470 146 Unglück
4095 22432 862 146 vorgekommen,
4993 22432 292 146 habe
5365 22432 660 146 Odenwald

3567 22615 310 147 einen
3980 22615 478 147 anderen
4548 22615 379 147 Irren
5022 22615 136 147 in
5255 22615 760 147 mörderischer

6030 1132 310 146 weise
6442 1132 741 146 angegriffen,
7280 1132 112 146 er
7493 1132 515 146 (Byrne)
8052 1132 158 146 sei
8265 1132 245 146 dem

6030 1315 523 147 Letzteren
6608 1315 132 147 zu
6837 1315 358 147 Hülfe
7302 1315 673 147 gekommen,
8073 1315 440 147 worauf

6040 1498 912 147 OdenwaldPch
6993 1498 344 147 gegen
7393 1498 212 147 ihn
7688 1498 512 147 gewandt
8285 1498 250 147 und

6047 1698 211 147 ihn
6392 1698 530 147 wüthend
7047 1698 638 147 angefallen
7805 1698 338 147 habe.
8298 1698 240 147 Sie

6050 1882 393 146 hätten
6483 1882 572 146 gerungen
7113 1882 249 146 und
7403 1882 310 146 wohl
7757 1882 171 146 15
7973 1882 562 146 Minuten

6062 2082 726 146 miteinander
6828 2082 597 146 gekämpft.
7593 2082 244 146 Sie
7883 2082 284 146 feien
8203 2082 330 146 dabei

6068 2265 605 147 mehrmals
6780 2265 478 147 gefallen
7353 2265 252 147 und
7687 2265 666 147 Odenwald
8395 2265 152 147 sei

6070 2465 632 147 wiederholt
6742 2465 343 147 gegen
7152 2465 260 147 zwei
7448 2465 379 147 Eimer
7938 2465 210 147 mit
8228 2465 297 147 eiser-

6077 2648 211 147 nen
6325 2648 455 147 Griffen
6823 2648 247 147 und
7113 2648 425 147 einmal
7578 2648 349 147 gegen
7962 2648 213 147 den
8212 2648 351 147 Rand

6077 2832 288 146 einer
6462 2832 483 146 eisernen
7047 2832 540 146 Bettstatt
7680 2832 503 146 gestürzt.
8327 2832 238 146 Bei

6075 3032 357 146 diesen
6487 3032 518 146 Stürzen
7077 3032 345 146 müsse
7518 3032 657 146 Odenwald
8278 3032 282 146 seine

6085 3215 787 147 Verletzungen
7077 3215 1010 147 davongetragen.
8147 3215 416 147 haben.

6082 3415 650 147 Odenwald
6862 3415 235 147 war
7238 3415 182 147 ein
7553 3415 1010 147 außergewöhnlich

6080 3598 565 147 kräftiger,
6685 3598 297 147 stark
7020 3598 530 147 gebauter
7640 3598 458 147 Mann,
8165 3598 402 147 Byrne

6080 3798 128 147 ist
6267 3798 1016 147 verhältnißmäßig
7323 3798 229 147 von
7623 3798 560 147 schwacher
8240 3798 310 147 Sta-

6088 3982 230 146 tur.
6463 3982 549 146 Dennoch
7102 3982 266 146 trug
7468 3982 337 146 dieser
7907 3982 331 146 kaum
8332 3982 235 146 eine

6083 4182 349 146 Spur
6478 4182 194 146 des
6738 4182 704 146 angeblichen
7478 4182 697 146 furchtbaren
8215 4182 347 146 Kam-

6077 4365 253 147 pfes
6368 4365 159 147 an
6595 4365 402 147 seinem
7032 4365 481 147 Körper.
7668 4365 245 147 Die
7962 4365 375 147 Aerzte
8375 4365 180 147 der

6075 4548 825 147 Irrenanstalt,
6945 4548 175 147 wo
7180 4548 188 147 der
7405 4548 287 147 Fall
7743 4548 829 147 vorgekommen

6083 4748 174 147 ist,
6293 4748 575 147 schwören,
6928 4748 222 147 daß
7188 4748 132 147 in
7430 4748 300 147 ihrer
7837 4748 443 147 Anstalt
8382 4748 178 147 ein

6075 4932 342 146 Irrer
6470 4932 487 146 niemals
7047 4932 693 146 mißhandelt
7848 4932 397 146 werde,
8342 4932 213 146 daß

6097 5132 131 146 sie
6275 5132 133 146 in
6457 5132 188 146 der
6700 5132 568 146 Auswahl
7312 5132 183 146 der
7557 5132 453 146 Wärter
8053 5132 212 146 mit
8370 5132 185 146 bei

6080 5332 487 146 h'ichsten
6675 5332 565 146 Sorgfalt
7347 5332 635 146 verfahren,
8047 5332 243 146 unb
8332 5332 221 146 baß

6087 5515 391 147 Byrne
6522 5515 1060 147 ci»Musterwärter
7647 5515 190 147 fei.
7938 5515 270 147 Wer
8250 5515 293 147 hätit

6090 5715 268 147 auch
6472 5715 95 147 je
6675 5715 237 147 von
6953 5715 294 147 einer
7283 5715 784 147 Irrenanstalt
8138 5715 422 147 gehört,

6092 5898 316 147 deren
6465 5898 375 147 Aerzte
6877 5898 285 147 nicht
7225 5898 222 147 bas
7557 5898 385 147 gleiche
8043 5898 505 147 Zeugnis

6092 6098 453 147 gäben?
6615 6098 245 147 Die
6908 6098 770 147 Tobtenschan
7717 6098 211 147 hat
8017 6098 541 147 natürlich

6085 6282 350 146 damit
6533 6282 490 146 geendet,
7117 6282 233 146 baß
7428 6282 314 146 Alles
7782 6282 133 146 in
7963 6282 189 146 ber
8190 6282 335 146 bester

6088 6482 589 146 Ordnung
6720 6482 560 146 befunben
7318 6482 457 146 korben
7818 6482 195 146 -ist,
8093 6482 225 146 nur
8363 6482 177 146 be:

6090 6682 407 146 Tobte,
6600 6682 188 146 ber
6892 6682 295 146 Irre
7283 6682 205 146 hat
7585 6682 525 146 Itnrech'.
8265 6682 283 146 Abci

6075 6865 393 147 mahnt
6508 6865 339 147 bieser
6905 6865 283 147 Fall
7237 6865 283 147 nicht
7557 6865 443 147 iviebcr,
8040 6865 230 147 baß
8365 6865 182 147 bei

6092 7048 366 147 Staat
6503 7048 270 147 über
6830 7048 177 147 die
7043 7048 920 147 Irrenanstalten
8060 7048 238 147 eine
8387 7048 151 147 et-

6078 7248 244 147 was
6362 7248 540 147 genauere
6970 7248 477 147 Aufsicht
7485 7248 400 147 führe»
7955 7248 353 147 sollte,
8347 7248 183 147 als

6073 7432 125 146 in
6243 7432 192 146 ber
6473 7432 359 146 Regel
6870 7432 187 146 ber
7117 7432 283 146 Fall
7448 7432 177 146 ist.

6217 7782 61 146 E
6715 7782 55 146 a
7747 7782 53 146 a
8427 7782 86 146 i-

6067 7965 320 147 nem
6453 7965 979 147 Baltimorer
7538 7965 699 147 „Rowby"
8335 7965 197 147 bee

6067 8148 303 147 alten
6483 8148 565 147 Schlages
7147 8148 126 147 ist
7413 8148 524 147 Thomas
8058 8148 475 147 Hogan.

6075 8348 247 147 Vor
6367 8348 281 147 nicht
6712 8348 391 147 langer
7145 8348 248 147 Zeit
7460 8348 202 147 hat
7703 8348 109 147 er
7885 8348 200 147 auf
8182 8348 343 147 einem

6058 8532 347 146 Balle
6448 8532 214 146 den
6698 8532 705 146 Baltimorer
7447 8532 685 146 Stabtvater
8175 8532 327 146 Mul-

6058 8732 322 146 liqan
6423 8732 867 146 todtgeschossen
7438 8732 177 146 bie
7703 8732 494 146 schlauen
8290 8732 233 146 Ge-

6075 8915 667 147 ichmrrenen
6780 8915 133 147 in
6962 8915 353 147 einem
7352 8915 616 147 länblichen
8037 8915 453 147 County

6182 9115 223 147 nen
6515 9115 108 147 er
6718 9115 370 147 seinen
7182 9115 443 147 Prozeß
7715 9115 518 147 vorlegen
8272 9115 261 147 ließ,

6073 9298 500 147 sprachen
6670 9298 210 147 ihn
6983 9298 262 147 aber
7342 9298 251 147 frei.
7737 9298 403 147 Durch
8183 9298 352 147 biefen

6072 9482 438 146 „Sieg"
6615 9482 275 146 noch
6988 9482 824 146 übennüthiger
7920 9482 622 146 geworben,

6075 9682 358 146 führte
6473 9682 437 146 Hogan
6953 9682 342 146 bieser
7348 9682 330 146 Tage
7720 9682 133 146 in
7902 9682 293 146 einer
8232 9682 265 146 Bal

6163 9865 355 147 niörer
6652 9865 518 147 Schänke
7332 9865 511 147 folgenbe
8003 9865 500 147 gräulich

6092 10065 358 147 Szene
6502 10065 288 147 auf:
6860 10065 168 147 Er
7077 10065 411 147 gerieth
7553 10065 205 147 mit
7802 10065 436 147 einigen
8277 10065 203 147 Gä

6108 10265 94 147 st
6392 10265 133 147 in
6550 10265 180 147 ein
6787 10265 733 147 Wortgefecht
7558 10265 240 147 unb
7838 10265 365 147 schlug
8240 10265 312 147 bann

6073 10432 322 146 einen
6493 10432 192 146 ber
6772 10432 518 146 Männer
7393 10432 519 146 Namens
8023 10432 337 146 Clark
8402 10432 128 146 zu

6065 10632 453 146 Boden.
6667 10632 255 146 Der
7060 10632 432 146 Wirth,
7590 10632 535 146 Düring,
8228 10632 307 146 gebo-

6080 10815 235 147 öem
6350 10815 642 147 Raufbold,
7035 10815 198 147 sich
7298 10815 337 147 ruhig
7678 10815 137 147 zu
7937 10815 618 147 verhalten.

6065 11015 295 147 Laut
6405 11015 342 147 lachte
6783 11015 435 147 Hogan
7285 11015 253 147 auf.
7693 11015 280 147 „Ich
8020 11015 208 147 soll
8267 11015 261 147 mich

6068 11198 337 147 ruhig
6448 11198 570 147 verhalten
7207 11198 286 147 Das
7540 11198 293 147 wäre
7872 11198 365 147 schön,
8272 11198 270 147 nicht

6075 11398 412 147 wahr?
6530 11398 233 147 Ich
6813 11398 325 147 benke
7205 11398 260 147 aber
7502 11398 205 147 mit
7812 11398 300 147 Euch
8223 11398 294 147 Alle:

6070 11582 413 146 anders
6558 11582 972 146 umzuspringen."
7690 11582 267 146 Und
8067 11582 183 146 ehe
8282 11582 261 146 sich

6072 11765 173 147 die
6282 11765 458 147 Andern
6805 11765 352 147 besten
7220 11765 572 147 versahen,
7887 11765 310 147 hatte
8288 11765 194 147 Ho

6070 11965 235 147 gan
6345 11965 182 147 ein
6565 11965 378 147 Pistol
7008 11965 867 147 hervorgezogen
7913 11965 235 147 unb
8188 11965 339 147 feuer-

6073 12148 95 147 te
6220 12148 273 147 nach
6528 12148 300 147 allen
6890 12148 753 147 Richtungen.
7795 12148 292 147 Eine
8183 12148 327 147 Kuge

6070 12332 287 146 ging
6400 12332 328 146 burch
6765 12332 445 146 Clark's
7252 12332 330 146 Arm,
7673 12332 250 146 und
8000 12332 245 146 eine
8328 12332 200 146 an-

6068 12515 245 147 dere
6348 12515 259 147 fuhr
6682 12515 353 147 einem
7072 12515 463 147 Manne
7578 12515 517 147 Ramens
8135 12515 412 147 Shan-

6072 12715 301 147 non,
6417 12715 191 147 der
6645 12715 195 147 sich
6903 12715 474 147 zufällig
7420 12715 137 147 in
7607 12715 181 147 der
7847 12715 706 147 Wirtschaft

6070 12898 538 147 aufhielt,
6688 12898 135 147 in
6873 12898 222 147 das
7135 12898 277 147 linke
7450 12898 363 147 Bein.
7978 12898 580 147 Während

6080 13098 163 147 die
6308 13098 450 147 Kugeln
6800 13098 443 147 flogen,
7310 13098 452 147 erschien
7817 13098 440 147 Clark's
8298 13098 224 147 Ge-

6073 13282 327 146 liebte
6440 13282 208 146 aus
6707 13282 250 146 dem
7013 13282 779 146 Schauplatze.
7947 13282 298 146 Auch
8353 13282 165 146 au

6080 13465 270 147 diese
6383 13465 304 147 zielte
6743 13465 184 147 der
6963 13465 564 147 Rasende,
7592 13465 261 147 aber
7910 13465 173 147 die
8183 13465 379 147 Kugel

6083 13665 257 147 fuhr
6382 13665 175 147 ihr
6622 13665 291 147 nahe
6950 13665 193 147 am
7205 13665 368 147 Kopfe
7633 13665 424 147 vorbei.

6213 13898 219 147 In
6473 13898 390 147 diesem
6898 13898 554 147 kritischen
7490 13898 653 147 Augenblick
8180 13898 373 147 ergriff

6077 14082 180 146 der
6318 14082 387 146 Wirth
6753 14082 494 146 Düring
7295 14082 185 146 ein
7518 14082 389 146 Pistol
7952 14082 243 146 und
8237 14082 296 146 hän-

6077 14265 300 147 digte
6415 14265 467 147 dasselbe
6943 14265 337 147 Clark
7320 14265 207 147 mit
7625 14265 193 147 der
7900 14265 648 147 Aufforder-

6075 14465 245 147 ung
6363 14465 229 158 einr
6640 14465 355 147 damit
7037 14465 441 147 Hogan
7522 14465 140 147 zu
7700 14465 507 147 schießen.
8290 14465 273 147 Und

6078 14648 327 147 kaum
6445 14648 313 147 hatte
6798 14648 337 147 Clark
7202 14648 170 147 die
7460 14648 378 147 Waffe
7933 14648 412 147 erfaßt,
8438 14648 117 147 so

6077 14832 211 146 zog
6327 14832 488 146 Düring
6862 14832 188 146 ein
7090 14832 473 146 anderes
7662 14832 390 146 Pistol
8118 14832 450 146 hervor,

6077 15032 251 146 und
6405 15032 432 146 richtete
6927 15032 471 146 dasselbe
7453 15032 204 146 auf
7698 15032 472 146 Hogan
8297 15032 260 146 aber

6080 15215 173 147 die
6332 15215 378 147 Waffe
6802 15215 541 147 versagte.
7493 15215 372 147 „Will
7952 15215 225 147 das
8215 15215 352 147 Ding

6075 15415 283 147 nicht
6417 15415 533 147 '»'gehen
7190 15415 368 147 fragte
7652 15415 483 147 Hogan
8282 15415 226 147 viel

6075 15598 307 147 leicht
6472 15598 370 147 schießt
6935 15598 218 147 das
7192 15598 481 147 meinige
7730 15598 482 147 besser!"
8285 15598 252 147 Mit

6075 15798 353 147 diesen
6533 15798 484 147 Worten
7120 15798 237 147 trat
7448 15798 114 147 er
7620 15798 208 147 auf
7870 15798 498 147 Düring
8415 15798 123 147 z»

6070 15982 248 146 und
6360 15982 268 146 hielt
6670 15982 605 146 demselben
7335 15982 178 146 die
7572 15982 380 146 Waffe
7993 15982 280 146 dicht
8352 15982 198 146 vor

6075 16165 210 147 den
6322 16165 270 147 Leib
6633 16165 459 147 (gerade
7153 16165 122 147 so
7333 16165 204 147 wie
7577 16165 115 147 er
7730 16165 130 147 es
7895 16165 183 147 bei
8117 16165 431 147 Mulli-

6075 16365 237 147 gan
6408 16365 582 147 gemacht),
7082 16365 193 147 ber
7312 16365 365 147 Hahn
7767 16365 468 147 knackte,
8288 16365 249 147 ahet

6082 16565 230 147 fein
6352 16565 408 147 Schuß
6833 16565 519 147 erfolgte.
7505 16565 305 147 Auch
7895 16565 182 147 bie
8183 16565 312 147 Waff

6075 16748 197 147 des
6307 16748 831 147 Morblustigeit
7235 16748 553 147 versagte.
7937 16748 616 147 „Teufel!"

6075 16932 497 146 knirschte
6607 16932 481 146 Hogan,
7132 16932 251 146 was
7440 16932 128 146 ist
7605 16932 450 146 DasV
8167 16932 380 146 Dann

6068 17132 374 146 brehte
6480 17132 110 146 er
6662 17132 331 146 Allen
7078 17132 635 146 schleunigst
7817 17132 221 146 ben
8132 17132 416 146 Rücken

6070 17315 243 147 unb
6440 17315 253 147 eilte
6825 17315 285 147 fort.
7255 17315 243 147 Ein
7613 17315 944 147 herbeigerufene!

6080 17498 265 147 Arzt
6388 17498 669 147 untersuchte
7118 17498 175 147 bie
7332 17498 450 147 Wunbe
7823 17498 457 147 Clark's
8322 17498 225 147 und

6078 17698 372 147 Shan
6465 17698 352 147 nsn's
6860 17698 243 147 und
7147 17698 280 147 fand
7512 17698 181 147 bie
7780 17698 200 147 des
8082 17698 471 147 letzteren

6082 17898 235 147 sehr
6375 17898 640 147 gefährlich.
7157 17898 436 147 Hogan
7635 17898 317 147 hatte
8058 17898 197 147 sich
8358 17898 179 147 in-

6083 18082 515 146 zwischen
6725 18082 275 146 nach
7100 18082 293 146 einer
7502 18082 1048 146 Außenwirthschast

6093 18265 492 147 verfügt.
6723 18265 327 147 Dort
7198 18265 352 147 nahm
7670 18265 117 147 er
7917 18265 161 147 an
8205 18265 345 147 einem

6095 18465 368 147 Tische
6498 18465 319 147 Platz
6858 18465 239 147 unb
7167 18465 220 147 ließ
7425 18465 202 147 sich
7738 18465 472 147 Austern
8288 18465 259 147 vor-

6088 18648 360 147 setzen.
6608 18648 222 147 Als
6875 18648 110 147 er
7043 18648 539 147 bieselben
7687 18648 598 147 gegessen,^
8318 18648 239 147 unb

6087 18848 186 147 ber
6332 18848 430 147 Wirth,
6790 18848 295 147 Herr
7128 18848 412 147 Keller,
7582 18848 200 147 auf
7887 18848 210 147 ihn
8195 18848 358 147 zutrat

6085 19032 245 146 und
6447 19032 676 146 Bezahlung
7253 19032 624 146 verlangte,
8038 19032 212 146 zog
8367 19032 193 146 ber

6083 19232 597 146 Rausbold
6780 19232 228 146 sein
7103 19232 385 146 Pistol
7583 19232 230 146 aus
7913 19232 190 146 ber
8158 19232 400 146 Tasche

6092 19415 236 147 unb
6368 19415 364 147 wollte
6772 19415 315 147 aus's
7125 19415 315 147 Neue
7537 19415 516 147 schießen.
8208 19415 355 147 Ohne

6093 19598 237 147 eine
6407 19598 540 147 Sekunde
7048 19598 254 147 Zeit
7393 19598 137 147 zu
7635 19598 578 147 verlieren,
8313 19598 250 147 eilte

6090 19798 353 147 Keller
6482 19798 210 147 aus
6728 19798 177 147 die
6943 19798 490 147 Straße,
7438 19798 204 147 rief
7682 19798 260 147 zwei
7958 19798 599 147 Polizisten

6088 19998 372 147 herbei
6497 19998 240 147 unb
6777 19998 280 147 biefe
7177 19998 786 147 bemächtigten
8000 19998 262 147 sich
8362 19998 200 147 bee

6093 20182 632 146 Unholbes.

6800 20532 1063 165 Waldfchutz.

6243 20915 249 147 Die
6615 20915 598 147 unsinnige
7370 20915 1193 147 Holzverschwenbung

6093 21098 604 147 einerseits,
6735 21098 192 147 bie
6967 21098 270 147 noch
7368 21098 712 147 unsinnigere
8120 21098 420 147 Abhol-

6097 21298 295 147 zung
6430 21298 227 147 von
6697 21298 900 147 Lanbestheilen,
7738 21298 180 147 bie
7958 21298 224 147 nur
8225 21298 328 147 burch

6092 21482 211 146 ben
6428 21482 732 146 Holzbestanb
7198 21482 227 146 von
7497 21482 398 146 Werth
7938 21482 312 146 sinb,
8338 21482 215 146 an-

6088 21665 569 147 bererfeits
6695 21665 237 147 unb
6990 21665 192 147 der
7282 21665 166 147 im
7493 21665 420 147 großen
7952 21665 600 147 Maßstabe

6097 21865 598 147 betriebene
6785 21865 680 147 Holzfrevel,
7563 21865 374 147 haben
7975 21865 177 147 die
8262 21865 293 147 Auf»

6092 22048 710 147 merksamkeit
6907 22048 200 147 des
7142 22048 601 147 Ministers
7787 22048 198 147 des
8085 22048 475 147 Innern

6097 22232 350 146 erregt
6568 22232 252 146 und
6910 22232 135 146 in
7145 22232 400 146 seinem
7673 22232 884 146 Jahresberichte

6095 22432 382 146 spricht
6513 22432 219 146 sich
6767 22432 295 146 Carl
7107 22432 438 146 Schurz
7568 22432 684 146 erschöpfend
8287 22432 270 146 über

6092 22615 355 147 dicsen
6500 22615 710 147 Gegenstand
7312 22615 276 147 aus.
7743 22598 307 165 Was
8092 22615 116 147 er
8245 22615 300 147 sagt.

8583 1148 130 147 ist
8848 1148 662 147 entschieden
9545 1148 225 147 das
9835 1148 360 147 einzig
10303 1148 782 147 angemessene^

8592 1332 196 146 um
8828 1332 177 146 die
9143 1332 499 146 Zukunft
9683 1332 192 146 der
9968 1332 280 146 Ver.
10380 1332 520 146 Staatey
10943 1332 137 146 in

8597 1532 355 146 etwas
8990 1532 343 146 sicher
9370 1532 133 146 zu
9540 1532 368 146 stellen
9945 1532 247 146 und
10235 1532 378 146 besser,
10647 1532 190 146 als
10880 1532 218 146 das

8610 1715 657 147 Verlangen
9347 1715 198 147 des
9605 1715 602 147 Senators
10310 1715 225 147 von
10575 1715 527 147 Nevada,

8605 1915 188 147 der
8852 1915 328 147 gleich
9217 1915 208 147 mit
9470 1915 187 147 der
9718 1915 390 147 Thüre
10152 1915 241 147 in's
10412 1915 350 147 Haus
10805 1915 303 147 fällt,

8612 2098 245 147 und
8955 2098 220 147 das
9213 2098 687 147 europäische
10010 2098 1085 147 Forstcultursystem

8618 2298 709 147 angewendet
9445 2298 372 147 haben
9907 2298 278 147 will.
10342 2298 435 147 Schurz
10903 2298 197 147 be-

8623 2482 452 146 handelt
9202 2482 178 146 die
9433 2482 480 146 wichtige
9952 2482 385 146 Frage
10458 2482 624 146 folgender-

8627 2665 398 147 maßen

8788 2898 302 147 „Die
9137 2898 836 147 Schnelligkeit,
10015 2898 208 147 mit
10268 2898 427 147 welcher
10760 2898 345 147 dieses

8627 3082 331 146 Land
9060 3082 337 146 seiner
9455 3082 732 146 Waldungen
10265 3082 472 146 beraubt
10837 3082 276 146 wirb

8637 3282 265 146 muß
9010 3282 305 146 jeden
9352 3282 613 146 denkenden
10063 3282 595 146 Menschen
10755 3282 352 146 beun-

8633 3465 519 147 ruhigen.
9298 3465 312 147 Nach
9667 3465 755 147 zuverlässiger
10485 3465 632 147 Schätzung

8643 3648 465 147 werden,
9147 3648 320 147 wenn
9507 3648 123 147 es
9665 3648 132 147 in
9845 3648 185 147 der
10067 3648 635 147 seitherigen
10755 3648 362 147 Weise

8643 3848 527 147 fortgeht,
9210 3848 178 147 die
9495 3848 283 147 Ver.
9823 3848 527 147 Staaten
10452 3848 133 147 in
10633 3848 470 147 weniger

8637 4048 185 147 als
8862 4048 170 147 20
9075 4048 452 147 Jahren
9568 4048 342 147 lange
9950 4048 287 147 nicht
10303 4048 300 147 mehr
10660 4048 210 147 den
10927 4048 180 147 für

8635 4232 213 146 den
8977 4232 805 146 einheimischen
9835 4232 583 146 Gebrauch
10518 4232 577 146 nothwen-

8633 4432 330 146 digen
9020 4432 510 146 Vorrath
9662 4432 231 146 von
9935 4432 293 146 Holz
10270 4432 418 146 haben.
10852 4432 255 146 Wie

8642 4615 495 147 schädlich
9268 4615 174 147 die
9478 4615 759 147 Vernichtung
10322 4615 186 147 der
10645 4615 460 147 Wälder

8642 4815 295 147 eines
9058 4815 452 147 Lances
9618 4815 204 147 auf
9863 4815 174 147 die
10155 4815 185 147 für
10477 4815 630 147 Schiffahrt

8638 4998 762 147 nothwendige
9418 4998 927 147 Regelmäßigkeit
10383 4998 197 147 des
10615 4998 485 147 Wasser-

8638 5182 437 146 stanbes
9112 5182 133 146 in
9293 5182 210 146 ben
9560 5182 462 146 Flüssen
10152 5182 533 146 einwirkt,
10727 5182 203 146 wie
10968 5182 129 146 in

8637 5382 353 146 Folge
9030 5382 545 146 berselben
9612 5382 178 146 bie
9827 5382 1283 146 Ueberschwemmungen

8637 5582 498 146 yäufiger
9273 5582 474 146 werben,
9785 5582 505 146 Quellen
10398 5582 709 146 austrocknen

8635 5765 230 147 unb
8905 5765 608 147 fruchtbare
9660 5765 990 147 Ack-rbaubistrikte
10688 5765 134 147 in
10870 5765 220 147 un-

8647 5965 596 147 fruchtbare
9302 5965 695 147 Wüsteneien
10105 5965 665 147 verwandelt
10830 5965 280 147 wer»

8640 6165 245 147 :en,
8917 6165 126 147 ist
9115 6165 235 147 eine
9462 6165 375 147 Sache
9875 6165 698 147 allgemeiner
10680 6165 412 147 Erfah-

8637 6348 341 147 rung.
9130 6348 175 147 Es
9348 6348 129 147 ist
9588 6348 289 147 hohe
9913 6348 307 147 Zeit,
10305 6348 230 147 baß
10573 6348 202 147 wir
10872 6348 228 147 uns

8642 6532 183 146 -nit
8880 6532 390 146 biefem
9330 6532 183 146 für
9622 6532 380 146 unsere
10037 6532 585 146 nationale
10688 6532 392 146 Wohl-

8640 6732 292 146 fahrt
8988 6732 559 146 wichtigen
9602 6732 706 146 Gcgenstanb
10377 6732 478 146 ernstlich
10892 6732 178 146 be-

8635 6932 620 146 schäftigen.
9402 6932 230 146 Ich
9682 6932 281 146 habe
10000 6932 417 146 förunb
10568 6932 135 146 zu
10760 6932 320 146 glau-

8627 7115 246 147 ben,
8997 7115 226 147 beiß
9257 7115 178 147 bie
9498 7115 234 147 von
9773 7115 389 147 diesem
10283 7115 800 147 Departement

8635 7298 662 147 getroffenen
9420 7298 680 147 Maßregeln
10140 7298 210 147 den
10487 7298 591 147 Holzdieb-

8622 7498 403 147 i'iählen
9083 7498 202 147 auf
9327 7498 216 147 ben
9682 7498 678 147 öffentlichen
10398 7498 679 147 Ländereien

8608 7698 394 147 bereits
9040 7698 137 147 in
9225 7698 352 147 einem
9643 7698 234 147 sehr
9910 7698 127 147 tr
10095 7698 253 147 jßen
10368 7698 370 147 Maße
10780 7698 278 147 Ein-

8612 7882 236 146 halt
8940 7882 408 146 gethan
9387 7882 365 146 haben
9815 7882 287 146 und,
10173 7882 322 146 wenn
10533 7882 527 146 dieselben

8602 8082 268 146 auch
8905 8082 630 146 künftighin
9553 8082 190 146 zur
9782 8082 743 146 Anwendung
10547 8082 535 146 kommen,

8605 8265 245 147 dem
8887 8265 345 147 Hebel
9290 8265 668 147 vollständig
10035 8265 182 147 ein
10255 8265 318 147 Ende
10635 8265 440 147 machen

8585 8465 487 147 'werben.
9222 8465 296 147 Eine
9620 8465 1010 147 verhältnißmäßig
10737 8465 335 147 kleine

8615 8665 432 147 Anzahl
9088 8665 640 147 wachsamer
9787 8665 135 147 u.
9987 8665 638 147 energischer
10685 8665 370 147 Agen-

8615 8848 172 147 ten
8838 8848 280 147 wirb
9162 8848 545 147 genügen,
9770 8848 202 147 um
10013 8848 125 147 in
10183 8848 550 147 Zukunft,
10777 8848 278 147 nicht

8613 9032 200 146 den
8947 9032 821 146 gelegentlichen
9805 9032 598 146 Diebstahl
10538 9032 537 146 einzelner

8623 9232 477 146 Zäume,
9142 9232 476 146 sonbern
9655 9232 643 146 wenigstens
10335 9232 745 146 ausgedehnte

8623 9415 622 147 Holzsrevel
9283 9415 130 147 zu
9448 9415 700 147 verhindern.

8767 9648 236 147 Um
9120 9648 173 147 bie
9350 9648 693 147 schlimmsten
10107 9648 491 147 Folgen,
10725 9648 363 147 welche

8625 9832 185 146 sich
8867 9832 225 146 aus
9132 9832 188 146 ber
9382 9832 733 146 Entblößung
10198 9832 185 146 ber
10438 9832 374 146 Berge
10853 9832 222 146 von

8647 10032 496 146 Zäumen
9250 10032 503 146 ergeben,
9838 10032 774 146 abzuwenden,
10693 10032 399 146 möchte

8627 10232 145 128 ich

8907 10215 505 147 folgende
9503 10215 679 147 Maßregeln
10312 10215 785 147 vorschlagen:

8647 10415 223 147 Alle
8972 10415 266 147 noch
9273 10415 160 147 im
9495 10415 395 147 Besitze
9947 10415 183 147 der
10245 10415 282 147 Ver.
10572 10415 513 147 Staaten

8625 10598 697 147 befindlichen
9358 10598 919 147 Holzländereien
10393 10598 390 147 sollten
10838 10598 254 147 vom

8650 10782 818 146 iZreemptions-
9528 10782 240 146 und
9810 10782 952 146 Heimstättegesetz
10798 10782 264 146 ans-

8653 10982 597 146 zefchlvffen
9383 10982 479 146 werden,
9965 10982 382 146 ebenso
10407 10982 391 146 sollten
10928 10982 167 146 die

8647 11165 591 147 Ansprüche
9295 11165 197 147 auf
9550 11165 425 147 Grund
10067 11165 183 147 der
10315 11165 778 147 verschiedenen

8638 11348 549 147 .Scrips"
9232 11348 281 147 nicht
9578 11348 182 147 für
9803 11348 272 147 diese
10140 11348 677 147 Lündereie.i
10880 11348 212 147 vn-

8657 11548 480 147 oendbar
9193 11548 274 147 sein.
9612 11548 576 147 Holzland
10230 11548 348 147 sollte,
10615 11548 320 147 wenn
10975 11548 115 147 cs

8628 11732 614 146 überhaupt
9382 11732 568 146 veräußert
10013 11732 327 146 wird,
10385 11732 220 146 nur
10757 11732 340 146 gegen

8640 11932 802 146 Äaarzahlnng
9502 11932 486 146 verkauft
10028 11932 425 146 werben
10508 11932 242 146 unb
10792 11932 288 146 zwar

8638 12115 119 147 ,u
8798 12115 514 147 Preisen,
9412 12115 226 147 baß
9677 12115 181 147 der
9937 12115 388 147 Werth
10428 12115 200 147 bes
10663 12115 412 147 barauf

8625 12298 700 147 befindlichen
9362 12298 416 147 Holzes
9853 12298 432 147 bezahlt
10340 12298 323 147 wirb.
10808 12298 272 147 Da-

8627 12498 316 147 durch
9000 12498 370 147 würde
9410 12498 188 147 ber
9705 12498 558 147 Ansiedler
10352 12498 570 147 vorsichtig
10960 12498 137 147 in

8628 12698 179 129 Der
8945 12682 793 146 Verwendung
9823 12682 204 146 bes
10062 12682 421 146 Holzes
10620 12682 475 146 werben.

8633 12865 164 147 Zs
8923 12865 310 147 sollte
9290 12865 235 147 eine
9612 12865 635 147 geniigenbe
10283 12865 444 147 Anzahl
10865 12865 228 147 von

8623 13065 1279 147 Regicrungs-tAgenten
10010 13065 558 147 angestellt
10625 13065 468 147 werben,

8628 13265 194 147 um
8862 13265 220 147 ben
9120 13265 830 147 Holzdiebstahl
10082 13265 196 147 auf
10340 13265 208 147 den
10603 13265 479 147 öffentli-

8640 13448 242 147 chen
8915 13448 678 147 Ländereien
9632 13448 136 147 zu
9847 13448 660 147 verhindern
10625 13448 247 147 und
10955 13448 150 147 [U

8627 13632 386 146 diesem
9048 13632 405 146 Zwecke
9487 13632 173 146 die
9698 13632 854 146 nothiveningen
10592 13632 491 146 Schritte

8627 13832 565 146 gegen'die
9230 13832 682 146 Holzsrevler
10030 13832 683 146 einzuleiten,

10752 13848 326 129 Ham­

8665 14015 158 147 ich
8858 14015 942 147 Beschlagnahme
9807 14015 195 147 des
10037 14015 460 147 Holzes,
10510 14015 588 147 criminelle

8628 14198 240 147 und
8910 14198 903 147 civilgerichtliche
9872 14198 765 147 Verfolgung.
10757 14198 340 147 Diese

8635 14398 508 147 Agenten
9215 14398 392 147 sollten
9710 14398 352 147 ferner
10100 14398 627 147 ermächtigt
10835 14398 275 147 sein,

8628 14582 320 146 unter
8988 14582 682 146 Anweisung
9740 14582 488 146 Seitens
10270 14582 193 146 des
10525 14582 563 146 Departe-

8628 14765 367 147 ments
9033 14765 197 147 des
9285 14765 478 147 Innern
9868 14765 254 147 ober
10157 14765 201 147 bes
10425 14765 662 147 lanbwirth-

8630 14965 673 147 schastlichen
9338 14965 929 147 Departements,
10282 14965 288 147 nach
10608 14965 495 147 geeigne-

8628 15148 187 147 ten
8853 15148 842 147 Regulationen
9795 15148 295 147 Holz
10150 15148 232 147 von
10423 15148 217 147 ben
10678 15148 392 147 öffent-

8627 15348 338 147 lichen
9003 15348 670 147 Zänkereien
9735 15348 137 147 zu
9943 15348 630 147 verkaufen,
10612 15348 200 147 um
10853 15348 247 147 bein

8632 15532 423 146 lokalen
9093 15532 642 146 Bebüifniß
9778 15532 134 146 zu
9983 15532 554 146 genügen,
10575 15532 335 146 babei
10948 15532 149 146 je-

8633 15732 299 146 doch,
8965 15732 215 146 um
9223 15732 222 146 das
9528 15732 787 146 Nachwachsen
10352 15732 208 146 des
10625 15732 467 146 Waldes

8628 15932 279 146 nicht
9027 15932 631 146 unmöglich
9697 15932 136 146 zu
9928 15932 489 146 machen,
10498 15932 582 146 besonder-

8623 16132 414 128 Darauf
9075 16115 358 147 sehen,
9468 16115 230 147 baß
9737 16115 323 147 große
10095 16115 687 147 Landstriche
10818 16115 285 147 nicht

8623 16315 495 147 gänzlich
9157 16315 226 147 von
9423 16315 539 147 Bäumen
10068 16315 497 147 entblößt
10603 16315 470 147 werben.

8630 16498 378 147 Durch
9050 16498 273 147 diese
9382 16498 550 147 Maßregl
10017 16498 373 147 würde
10430 16498 177 147 die
10643 16498 420 147 Bevöl-

8625 16682 402 146 kerung
9065 16682 188 146 der
9353 16682 1174 146 Bergbautreibenben
10565 16682 518 146 Staaten

8622 16882 240 146 und
8963 16882 694 146 Territorien
9700 16882 137 146 in
9913 16882 212 146 den
10182 16882 420 146 Stand
10703 16882 389 146 gesetzt,

8627 17065 211 147 das
8875 17065 303 147 Holz
9222 17065 351 147 dessen
9630 17065 140 147 sie
9835 17065 580 147 bedürfen,
10453 17082 205 128 auf
10725 17065 307 147 gefetz

8623 17265 250 147 liehe
8907 17265 355 147 Weise
9298 17265 134 147 zu
9467 17265 538 147 erhalten,
10045 17265 525 147 während
10610 17265 462 147 zugleich

8623 17448 164 147 die
8847 17448 286 147 oben
9225 17448 1030 147 hervorgehobenen
10362 17448 725 147 gefährlichen

8613 17648 447 147 Folgen
9102 17648 601 147 vermieden
9770 17648 500 147 würden.

8913 18032 934 183 Amerikanische
9910 18032 898 183 Geschworene.

8778 18432 350 146 lieber
9337 18432 176 146 bie
9727 18432 736 146 Einrichtung
10652 18432 433 146 unserer

8640 18615 927 147 Schwurgerichte
9683 18615 395 147 wollen
10188 18615 202 147 wir
10497 18615 228 147 uns
10767 18615 315 147 heute

8630 18815 190 147 des
8853 18815 525 147 Näheren
9492 18815 283 147 nicht
9888 18815 619 147 anslaffen,
10617 18815 478 147 obgleich

8625 18998 173 147 bie
8855 18998 338 147 große
9230 18998 967 147 Fehlerhaftigkeit
10237 18998 555 147 berselben
10893 18998 179 147 be-

8647 19198 441 147 jonbers
9187 19198 135 147 in
9420 19198 188 147 ber
9740 19198 1032 147 Einigkeitstheorie
10900 19198 188 147 ber

8635 19382 315 146 zwölf
9008 19382 637 146 Stimmen,
9688 19382 182 146 bie
9970 19382 115 146 fo
10202 19382 163 146 oft
10475 19382 170 146 die
10750 19382 343 146 gatre

8635 19582 328 146 ernste
9023 19582 825 146 Verhandlung
9890 19582 187 146 zur
10113 19582 544 146 Komöbie
10697 19582 393 146 macht,

8637 19765 306 147 schon
8998 19765 134 147 zu
9187 19765 166 147 oft
9397 19765 136 147 in
9615 19765 177 147 bie
9900 19765 400 147 Augen
10408 19765 677 147 gesprungen

8635 19948 172 147 ist.
8943 19948 250 147 Die
9242 19948 750 147 weiter.unten
10052 19948 550 147 erzählten
10675 19948 415 147 kleinen

8633 20148 774 147 Geschichtchen
9492 20148 338 147 sollen
9923 20148 217 147 nur
10182 20148 565 147 beweisen,
10835 20148 242 147 Wae

8633 20348 322 129 Dabei
9045 20332 865 146 herauskommt,
10038 20332 324 146 wenn
10488 20332 585 146 Menschen

8630 20515 265 147 über
8948 20515 400 147 andere
9402 20515 135 147 zu
9572 20515 496 147 Gerichte
10107 20515 360 147 sitzen,
10502 20515 181 147 bei
10740 20515 343 147 benen

8635 20715 180 147 der
8850 20715 278 147 letzte
9180 20715 387 147 Funke
9607 20715 626 147 Ehrgefühl
10275 20715 365 147 erstickt
10673 20715 129 147 ist
10838 20732 235 128 und

8635 20915 342 128 Denen
9010 20898 125 147 es
9197 20898 201 147 auf
9455 20898 317 147 einen
9808 20898 519 147 Meineid
10343 20898 742 147 ebensowenig

8630 21098 608 147 ankommt,
9278 21098 190 147 als
9510 21098 165 147 sie
9713 21098 230 147 sich
9980 21098 217 147 viel
10238 21098 437 147 baraus
10717 21098 343 147 mach-

8630 21298 180 147 en,
8848 21298 317 147 wenn
9203 21298 154 147 sie
9392 21298 323 147 ihren
9757 21298 448 147 Gegner
10322 21282 168 146 im
10585 21282 492 146 Karten-

8633 21482 267 146 spiel
8937 21482 200 146 um
9178 21482 180 146 ein
9398 21482 295 146 paar
9760 21482 490 146 lumpige
10290 21482 360 146 Cents
10688 21482 377 146 betrü-

8633 21665 257 147 gen.
9040 21665 230 147 Auf
9315 21665 367 147 welche
9780 21665 210 147 Art
10088 21665 242 147 unb
10438 21665 357 147 Weise
10888 21665 189 147 ber

8628 21865 694 147 strafenden
9363 21865 770 147 Gerechtigkeit
10270 21865 232 147 von
10667 21865 405 147 solchen

8628 22048 575 147 Schurken
9242 22048 238 147 in's
9525 22048 425 147 Gesicht
10055 22048 625 147 geschlagen
10763 22048 315 147 wirb,

8617 22232 218 146 bas
8875 22248 415 129 beweist
9348 22232 222 146 bas
9642 22232 658 146 Folgenbe:

8748 22432 227 146 In
9003 22432 525 146 Kentucky
9598 22432 465 146 brachen
10162 22432 243 146 drei
10502 22415 581 165 Schurken

8608 22615 629 147 nächtlicher
9275 22615 360 147 Weile
9697 22615 135 147 in
9882 22615 226 147 bu3
10148 22615 347 147 Heu?
10538 22615 299 147 eines
10872 22598 186 165 ge­

11160 1182 363 146 wissen
11577 1182 583 146 Anberson
12200 1182 232 146 ein,
12492 1182 458 146 wurden
12990 1182 233 146 von
13283 1182 349 146 dessen

11150 1365 657 147 18jähriger
11913 1365 462 147 Tochter
12480 1365 507 147 erkannt,
13068 1365 575 147 erschossen

11168 1565 219 147 das
11510 1565 612 147 Mädchen,
12162 1565 535 147 steckten
12738 1565 222 147 das
13060 1565 357 147 Haus
13515 1565 137 147 in

11162 1765 470 147 Brand,
11677 1765 456 147 wurden
12192 1765 206 147 vor
12442 1765 441 147 Gericht
12957 1765 403 147 gestellt
13397 1765 243 147 und

11182 1948 888 147 freigesprochen.
12137 1948 256 147 Der
12438 1948 880 147 Staatsanwalt
13363 1948 289 147 Kin-

11180 2148 257 147 ney,
11477 2148 190 147 der
11705 2148 575 147 Detective
12348 2148 312 147 Cave
12698 2148 240 147 unb
12978 2148 195 147 ber
13182 2148 471 147 Polizist

11178 2348 355 147 Ellis,
11642 2348 375 147 welche
12050 2348 178 147 bie
12338 2348 975 147 übeiftihrenbsten
13410 2348 228 147 Be-

11192 2532 298 146 weise
11622 2532 626 146 gesammelt
12285 2532 433 146 hatten,
12860 2532 530 146 erklärten
13428 2532 217 146 da-

11187 2732 345 146 ganze
11622 2732 921 146 Proßverfahren
12652 2732 183 146 für
12945 2732 237 146 eine
13290 2732 363 146 eleiibv

11200 2915 987 147 Spiegelfechterei.
12330 2915 417 147 Lauter
12822 2915 526 147 Freunde
13465 2915 190 147 bei

11195 3098 743 147 Angeklagten
11977 3098 331 147 saßen
12377 3098 123 147 tu
12542 3098 190 147 ber
12768 3098 374 147 Jury,
13190 3098 177 147 bte
13403 3098 267 147 über

11188 3298 219 147 Das
11512 3298 813 147 freisprechende
12385 3298 448 147 Verdict
12945 3298 317 147 schon
13322 3298 348 147 einig,

11188 3482 179 146 ehe
11420 3482 182 146 ein
11640 3482 380 146 Zeuge
12075 3482 383 146 gehört
12497 3482 291 146 war.
12938 3482 400 146 Durch
13380 3482 270 146 par-

11187 3665 396 147 teiische
11617 3665 490 147 Leitung
12150 3665 197 147 des
12382 3665 510 147 Richters
12905 3665 730 147 MaeMana-

11182 3865 238 147 ma,
11460 3865 192 147 ber
11763 3865 309 147 jeben
12108 3865 312 147 Kniff
12485 3865 193 147 ber
12772 3865 883 147 Vertheibiguna

11192 4048 380 147 zuließ,
11673 4048 529 147 während
12242 4048 110 147 er
12468 4048 249 147 dem
12753 4048 550 147 Ankläger
13420 4048 242 147 und

11182 4248 343 147 dessen
11578 4248 462 147 Zeugen
12140 4248 218 147 ben
12395 4248 397 147 Munb
12910 4248 395 147 schloß,
13340 4248 287 147 wur-

11185 4448 207 147 den
11510 4448 178 147 bie
11820 4448 682 147 belastenben
12635 4448 137 147 zu
12923 4448 730 147 entlastenden

11193 4632 699 146 Nomenten.
11965 4632 393 146 Gegen
12397 4632 281 146 sechs
12735 4632 185 146 der
12957 4632 681 146 Beschwöre-

11183 4815 212 147 neu
11432 4815 208 147 hat
11683 4815 727 147 nachträglich
12430 4815 298 147 Herr
12772 4815 678 147 Montsord,
13465 4815 187 147 bei

11183 5015 455 147 Anwalt
11682 5015 203 147 bes
11940 5015 462 147 County
12458 5015 454 147 Caroll,
12933 5015 495 147 Beweise
13465 5015 182 147 ge-

11185 5198 537 147 sammelt,
11760 5198 200 147 um
12002 5198 145 147 sie
12208 5198 375 147 wegen
12660 5198 590 147 Meineibs
13308 5198 334 147 anzu-

11187 5382 425 146 sagen.

11328 5598 529 147 Dasselbe
11893 5598 355 147 solltte
12312 5598 208 147 mit
12565 5598 208 147 den
12840 5598 812 147 gewissenlosen

11180 5798 842 147 Geschworenen
12157 5798 140 147 zu
12333 5798 584 147 Elizabeth
13052 5798 608 147 geschehen,

11183 5982 205 146 die,
11493 5982 202 146 wie
11797 5982 406 146 erzählt
12263 5982 419 146 wurde,
12783 5982 205 146 sich
13020 5982 332 146 burch
13475 5982 173 146 ein

11177 6165 686 147 Kartenspiel
11902 6165 270 147 über
12232 6165 318 147 einen
12662 6165 745 147 Wahrspruch
13463 6165 175 147 ge-

11177 6365 338 147 einigt
11620 6365 412 147 haben.
12182 6365 433 147 Richter
12717 6365 700 147 Dalrymple
13517 6365 121 147 ist

11177 6548 176 147 Der
11488 6548 380 147 Sache
11907 6548 265 147 auch
12205 6548 410 147 bereits
12680 6548 348 147 näher
13168 6548 474 147 getreten

11168 6732 234 146 unb
11442 6732 201 146 hat
11685 6732 178 146 bie
11932 6732 801 146 Vernehmung
12833 6732 202 146 bes
13088 6732 179 146 bie
13305 6732 318 146 Jury

11165 6932 600 146 überwacht
11803 6932 579 146 Habenben
12445 6932 663 146 Constables
13145 6932 243 146 unb
13430 6932 205 146 bei

11185 7115 612 147 Advokale.i
11893 7115 457 147 Bolton
12453 7115 482 147 verfügt.
13135 7115 493 147 Letzterer

11165 7315 190 147 hat
11448 7315 370 147 eidlich
11923 7315 575 147 bekundet,
12535 7315 223 147 daß
12857 7315 185 147 ein
13082 7315 545 147 Mitgleib

11167 7498 283 147 jener
11580 7498 370 147 Jury,
12000 7498 180 147 ein
12218 7498 292 147 Herr
12647 7498 358 147 Eller,
13050 7498 243 147 ihm
13410 7498 212 147 ben

11160 7698 473 147 frivolen
11737 7698 468 147 Vorfall
12252 7698 190 147 als
12548 7698 340 147 guten
12945 7698 272 147 Witz
13323 7698 289 147 selbst

11147 7882 640 146 mitgetheilt
11827 7882 330 146 habe.

11297 8082 238 146 Ein
11638 8082 470 146 anberes
12145 8082 670 146 Prachtstück
12935 8082 228 146 von
13267 8082 343 146 einem

11150 8265 738 147 Wahrspruch
12015 8265 825 147 Geschworener
12975 8265 275 147 wirb
13385 8265 222 147 von

11143 8448 525 147 Indiana
11715 8448 597 147 gemeldet:

11300 8648 250 147 Vor
11595 8648 440 147 einigen
12092 8648 580 147 Monaten
12738 8648 370 147 wurde
13148 8648 137 147 in
13333 8648 275 147 New

11152 8832 496 146 Albany,
11692 8832 350 146 Jnb.,
12060 8832 182 146 ein
12280 8832 398 146 Greis,
12685 8832 515 146 Namens
13240 8832 377 146 Wolfe

11155 9032 220 146 von
11413 9032 399 146 seinem
11883 9032 419 146 Sohne
12343 9032 325 146 unter
12708 9032 587 146 folgenben
13332 9032 276 146 Um-

11160 9215 460 147 ständen
11658 9215 197 147 auf
11913 9215 547 147 gräuliche
12568 9215 357 147 Weise
12962 9215 640 147 gemordet:

11160 9415 240 147 Der
11490 9415 370 147 Sohn
11938 9415 309 147 hatte
12287 9415 186 147 feit
12547 9415 406 147 einiger
13047 9415 255 147 Zeit
13408 9415 214 147 viel

11162 9598 691 147 gebummelt
11933 9598 190 147 ber
12192 9598 353 147 Vater
12627 9598 303 147 hatte
12970 9598 417 147 barauf
13447 9598 166 147 bie

11167 9798 471 147 Wirthe,
11682 9798 181 147 bei
11902 9798 346 147 benett
12307 9798 185 147 ber
12593 9798 369 147 Sohn
13007 9798 136 147 zu
13198 9798 419 147 verkeh-

11160 9998 197 147 ren
11395 9998 452 147 pflegte,
11975 9998 445 147 ersucht,
12518 9998 237 147 ihm
12797 9998 286 147 keine
13138 9998 482 147 starken

11168 10182 549 146 Getränke
11845 10182 298 146 mehr
12202 10182 136 146 zu
12473 10182 782 146 verabreichen.
13417 10182 216 146 Als

11182 10365 185 147 ber
11503 10365 369 147 Sohn
11917 10365 240 147 bies
12193 10365 364 147 hörte,
12665 10365 257 147 stieß
12977 10365 106 147 er
13215 10365 358 147 Rache

11163 10548 722 147 Drohungen
11927 10548 343 147 gegen
12305 10548 215 147 ben
12557 10548 351 147 Vater
12970 10548 277 147 aus.
13315 10548 308 147 Bald

11168 10765 400 128 Darauf
11625 10748 303 147 holte
11968 10765 110 128 er
12115 10748 192 147 sich
12362 10748 221 147 aus
12622 10748 355 147 einem
13013 10748 615 147 Schuppen

11168 10932 125 146 in
11338 10932 185 146 der
11560 10932 330 146 Nähe
11993 10932 209 146 bei
12245 10932 637 146 väterlichen
12977 10932 448 146 Hauses
13483 10932 100 146 ci

11167 11132 216 146 nen
11513 11132 514 146 schweren
12062 11132 573 146 Knüppel,
12677 11132 468 146 überfiel
13282 11132 356 146 banti.

11168 11315 205 147 den
11502 11315 165 147 im
11787 11315 695 147 Obstgarten
12522 11315 133 147 in
12778 11315 350 147 einem
13265 11315 370 147 Stüh'

11172 11515 495 147 sitzenden
11730 11515 352 147 Vater
12123 11515 239 147 unb
12428 11515 359 147 schlug
12875 11515 120 147 so
13050 11515 343 147 lange
13433 11515 195 147 auf

11168 11698 345 147 dessen
11617 11698 351 147 Kopf,
12012 11698 195 147 bis
12310 11698 188 147 ber
12563 11698 497 147 Schädel
13163 11698 482 147 gänzlich

11167 11882 743 146 zertrümmert
11970 11882 415 146 wurde,
12447 11882 243 146 und
12732 11882 215 146 das
13007 11882 375 146 Opfer
13425 11882 192 146 auf

11168 12082 180 146 der
11405 12082 380 146 Stelle
11828 12082 370 146 starb.
12330 12082 200 146 Zu
12580 12082 482 146 leugnen
13128 12082 232 146 war
13420 12082 222 146 von

11165 12265 242 147 dem
11508 12265 817 147 Thatbestande
12428 12265 407 147 nichts.
12980 12265 252 147 Die
13343 12265 287 147 Vcr-

11167 12448 648 147 theidigung
11945 12448 257 147 griff
12338 12448 340 147 daher
12792 12448 191 147 zur
13113 12448 529 147 beliebten

11165 12648 1300 147 Wahnsinns-Theorie.
12608 12648 259 147 Der
12970 12648 673 147 Angeklagte

11163 12832 147 146 sei
11407 12832 131 146 in
11587 12832 371 146 Folge
12038 12832 349 146 seines
12480 12832 547 146 Saasens
13132 12832 281 146 nicht
13450 12832 180 146 be.

11165 13015 478 147 Sinnen
11687 13015 520 147 gewesen,
12313 13015 109 147 er
12458 13015 292 147 habe
12872 13015 191 147 am
13103 13015 510 147 Säufer-

11165 13215 587 147 wahnsinn
11792 13215 253 147 oder
12100 13215 157 147 an
12298 13215 212 147 den
12547 13215 686 147 Nachwehen
13272 13215 363 147 dessel-

11162 13415 210 147 ben
11477 13415 456 147 gelitten
11973 13415 245 147 unb
12262 13415 348 147 könne
12713 13415 184 147 für
12942 13415 283 147 seine
13332 13415 310 147 That

11175 13598 287 147 nicht
11597 13598 873 147 verantwortlich
12563 13598 479 147 gemacht
13175 13598 468 147 werben.

11170 13798 508 147 Wirklich
11720 13798 370 147 sprach
12150 13798 177 147 bie
12413 13798 320 147 Jury
12817 13798 221 147 bas
13098 13798 544 147 Scheusal

11168 13982 482 146 gänzlich
11688 13982 254 146 frei.

12758 14148 460 147 M.^Fr.
13265 14148 243 147 Pr.

11318 14415 74 147 E
11770 14415 48 147 a
13462 14415 56 147 a

11172 14598 225 147 ter
11505 14598 382 147 scheint
11992 14598 188 147 ber
12285 14598 450 147 kürzlich
12813 14598 140 147 in
13003 14598 279 147 New
13322 14598 310 147 9)ort

11172 14765 588 147 verhaftete
11852 14765 435 147 Patrick
12393 14765 362 147 Warb
12852 14765 135 147 zu
13043 14765 274 147 sein.
13463 14765 169 147 Ei

11170 14915 372 147 wurde
11598 14915 625 147 eingesteckt,
12273 14915 250 147 weil
12565 14915 113 147 er
12733 14915 325 147 unter
13098 14915 172 147 die
13305 14915 332 147 seiner

11165 15082 463 146 Tochter
11667 15082 343 146 Ellen
12053 15082 414 146 Butler
12543 15082 685 146 gehörenden
13310 15082 308 146 Koh-

11167 15232 185 146 len
11410 15232 533 146 Säckchen
11978 15232 207 146 mit
12228 15232 439 146 Pulver
12735 15232 350 146 gelegt
13177 15232 241 146 unb
13510 15232 115 146 so

11163 15398 237 147 eine
11437 15398 613 147 Explosion
12152 15398 165 147 im
12410 15398 557 147 Kochofen
13063 15398 539 147 herbeige-

11170 15548 302 147 führt
11573 15548 350 147 hatte,
12027 15548 500 147 wodurch
12632 15548 215 147 das
12965 15548 662 147 dreijährige

11158 15715 312 147 Kind
11567 15715 190 147 der
11852 15715 335 147 Frau
12297 15715 360 147 fchwer
12758 15715 397 147 verletzt
13212 15715 411 147 wurde.

11157 15865 178 147 Es
11378 15865 544 147 erscheint,
12005 15865 222 147 daß
12320 15865 170 147 die
12593 15865 609 147 schreckliche
13307 15865 316 147 Thal

11160 16015 610 147 religiösem
11807 16015 768 147 Fanatismus
12617 16015 651 147 entsprang.
13343 16015 260 147 Pa-

11167 16182 223 146 trick
11447 16182 368 146 Ward
11860 16182 138 146 ist
12078 16182 192 146 als
12372 16182 553 146 Jrländec
13023 16182 180 146 ein
13310 16182 303 146 guter

11155 16332 573 146 Katholik.
11885 16332 372 146 Seine
12387 16332 458 146 Tochter
12955 16332 322 146 Ellen
13383 16332 229 146 hei-

11167 16482 416 146 rathete
11622 16482 466 146 Butler,
12133 16482 314 146 einen
12482 16482 835 146 Protestanten.
13380 16482 245 146 Die

11168 16648 232 147 drei
11438 16648 334 147 ersten
11830 16648 463 147 Kinder,
12335 16648 367 147 welche
12763 16648 182 147 ber
13040 16648 240 147 Ehe
13372 16648 240 147 ent-

11165 16815 520 147 sprossen,
11718 16815 454 147 würben
12235 16815 570 147 katholisch
12860 16815 472 147 getauft,
13395 16815 225 147 bas

11167 16965 326 147 vierte
11530 16965 317 147 Kind
11892 16965 350 147 jedoch
12312 16965 331 147 nicht,
12722 16965 146 147 da
12960 16965 192 147 ber
13260 16965 355 147 Vater

11163 17115 405 147 darauf
11608 17115 492 147 bes'oid,
12142 17115 226 147 baß
12427 17115 466 147 dasselbe
12988 17115 142 147 in
13222 17115 405 147 seinem

11168 17282 532 146 Glauben
11740 17282 430 146 getauft
12285 17282 238 146 unb
12627 17282 460 146 erzogen
13193 17282 427 146 werden

11163 17432 352 146 sollte.
11657 17432 250 146 Die
11955 17432 443 146 Mutter
12443 17432 232 146 war
12743 17432 354 146 damit
13190 17432 415 146 eiuvcr-

11165 17598 495 147 standen,
11697 17598 190 147 ber
11940 17598 687 147 Großvater,
12667 17598 420 147 welcher
13142 17598 183 147 bei
13363 17598 245 147 bem

11157 17765 513 147 Ehepaar
11732 17765 480 147 wohnte,
12250 17765 357 147 jedoch
12642 17765 331 147 nicht.
13120 17765 468 147 Famiii-

11157 17915 473 147 enhader
11687 17915 235 147 war
11963 17915 179 147 bie
12180 17915 407 147 nächste
12683 17915 415 147 Folge.
13240 17915 383 147 Dann

11158 18065 209 147 zog
11403 18065 194 147 ber
11652 18065 223 147 alte
11945 18065 407 147 Mann
12437 18065 275 147 aus.
12858 18065 164 147 Er
13112 18065 308 147 hatte
13493 18065 130 147 in

11163 18232 209 146 uen
11427 18232 221 146 vier
11703 18232 455 146 Jahren
12233 18232 239 146 kein
12547 18232 520 146 Kostgeld
13153 18232 467 146 bezahlt,

11168 18382 259 146 noch
11460 18382 393 146 irgend
11912 18382 405 146 Etwas
12358 18382 250 146 zum
12718 18382 599 146 Unterhalt
13420 18382 193 146 des

11160 18532 777 146 Hausstandes
12035 18532 758 146 beigetragen.
12982 18532 620 146 Deßwegei-

11173 18698 545 147 wunderte
11757 18698 191 147 sich
12015 18698 283 147 seine
12352 18698 456 147 Tochter
12847 18698 281 147 nicht
13218 18698 360 147 wenig

11165 18865 182 147 als
11387 18865 110 147 er
11567 18865 193 147 sich
11790 18865 205 147 »or
12035 18865 398 147 seinem
12485 18865 465 147 Auszug
12990 18865 355 147 erbot,
13383 18865 222 147 eint

11163 19015 405 147 Tonne
11610 19015 442 147 Kohlen
12108 19015 395 147 fahren
12590 19015 132 147 zu
12813 19015 390 147 lassen.
13352 19015 250 147 Der

11163 19182 217 146 alte
11477 19182 406 146 Mann
11983 19182 570 146 schaufelte
12652 19182 525 146 dieselben
13212 19182 136 146 in
13398 19182 210 146 ben

11157 19332 525 146 Behälter
11782 19332 166 146 im
12045 19332 410 146 Keller.
12600 19332 383 146 Kaum
13075 19332 308 146 hatte
13467 19332 106 146 st

11162 19482 463 146 mehrere
11677 19482 553 146 Schaufel
12270 19482 237 146 voll
12552 19482 133 146 in
12733 19482 214 146 ben
12983 19482 332 146 Ofen
13413 19482 180 146 ge-

11170 19648 457 147 worfen,
11667 19648 190 147 als
11937 19648 181 147 ein
12212 19648 400 147 Knall,
12708 19648 837 147 glücklicherweif

11202 19798 180 147 ein
11442 19798 858 147 „Todesknall",
12377 19798 506 147 erfolgte,
12950 19798 182 147 bie
13228 19798 337 147 Decke

11180 19965 133 147 in
11362 19965 215 147 ben
11613 19965 522 147 Plafond
12180 19965 237 147 und
12457 19965 175 147 die
12692 19965 268 147 noch
12995 19965 282 147 nicht
13362 19965 216 147 eilt-

11153 20115 527 147 zündeten
11717 20098 441 165 K'hlen
12203 20115 155 147 int
12398 20115 487 147 Zimmer
12997 20115 605 147 umherflo-

11167 20265 241 147 gen.
11557 20265 291 147 Das
11948 20265 662 147 dreijährige
12707 20265 365 147 Kind,
13173 20265 404 147 weichet

11165 20432 182 146 )ur
11388 20432 252 146 Zeit
11703 20432 202 146 vor
11945 20432 253 146 bem
12292 20432 326 146 Ofen
12720 20432 413 146 spielte,
13170 20432 378 146 rourdi

11177 20582 321 146 jcgcti
11538 20582 174 146 bie
11772 20582 383 146 Wanb
12197 20582 696 146 gejchleubert
12953 20582 237 146 unb
13230 20582 318 146 inner

11202 20748 146 147 ich
11407 20748 443 147 verletzt,
11887 20748 323 147 sowie
12275 20748 227 147 von
12602 20748 215 147 ben
12923 20748 199 147 auf
13240 20748 325 147 seine,

11167 20898 406 147 Körper
11632 20898 553 147 fallenden
12223 20898 699 147 brennenben
12975 20898 607 147 Holzspäh-

11167 21065 203 147 len
11413 21065 370 147 schwer
11847 21065 643 147 verbrannt.
12620 21065 220 147 In
12915 21065 213 147 ben
13165 21065 427 147 Kohlen

11183 21215 419 147 ourben
11680 21215 167 147 13
11930 21215 335 147 kleine
12360 21215 207 147 mit
12610 21215 435 147 Pulver
13152 21215 385 147 gefüll!

11162 21382 765 146 Zeberfäckchen
12052 21382 553 146 gefunben
12703 21382 237 146 unb
13037 21382 271 146 nach
13407 21382 180 146 bei

11170 21532 810 146 Zolizeistation
12037 21532 543 146 gebracht.
12720 21532 218 146 Da
12988 21532 369 146 Ward
13418 21532 119 146 d.

11152 21682 268 165 letzte
11452 21698 450 147 Person
11942 21698 285 147 war,
12270 21698 367 147 welche
12700 21698 213 147 den
12950 21698 628 147 Kohlenkel-

11140 21832 157 165 ler
11335 21832 475 165 betreten
11845 21832 312 165 hatte
12242 21832 236 165 unb
12582 21832 188 165 der
12875 21832 227 165 alte
13192 21832 396 165 Mann

11307 21998 190 147 ner
11553 21998 712 147 Drolnmgen
12307 21998 336 147 gegen
12735 21998 283 147 seine
13098 21998 439 147 Fam.ü

11142 22148 720 165 ausgestoßen
11935 22148 242 165 und
12262 22148 460 165 versucht
12798 22148 355 165 hatte,
13227 22148 360 165 seinen

11193 22315 752 147 ^lutegerjohn
11983 22315 337 147 arßer
12390 22315 557 147 Stellung
13043 22315 137 147 zu
13270 22315 252 147 bin:

11170 22482 232 146 len,
11442 22482 125 146 sn
11617 22482 353 146 schritt
12007 22482 276 146 man
12398 22482 137 146 zu
12633 22482 339 146 seiner
13090 22482 425 146 Verhaf

11138 22615 330 165 tung.

13890 6232 375 238 Der
14323 6232 732 238 Magen
15117 6232 370 238 und
15563 6232 462 238 fchte

14135 6532 1668 201 Unregelmäßigkeit«

13835 6948 257 129 Eine
14150 6948 405 129 gesunde
14615 6948 640 129 re.ielmäßicie
15363 6948 615 129 Verdauung
16082 6948 116 129 ist

13703 7065 162 128 dir
13892 7065 595 128 Grundstein
14540 7065 162 128 ber
14735 7065 580 128 Gesnndlieit
15348 7065 169 128 des
15547 7065 645 128 menschlichen

13718 7198 445 129 iTörDers.
14285 7198 213 129 Die
14538 7198 382 129 meisten
14952 7198 685 129 Krankt?eilen,
15670 7198 310 129 denen
16035 7198 162 129 der

13725 7332 357 128 Vinnen
14115 7332 650 128 unterworfen
14823 7332 164 128 ist,
15053 7332 607 128 entspringen
15693 7332 492 128 gestörtem

13702 7465 1258 128 I^erdannnq?-Verniögen
14995 7465 208 128 unb
15282 7465 411 128 dadurch
15725 7465 458 128 eingetre-

13705 7615 253 128 tener
14052 7615 651 128 Verstopfung
14737 7615 123 128 zu
14893 7615 344 128 heben,
15335 7615 372 128 werde»
15777 7615 231 128 aber
16042 7615 145 128 oft

13700 7732 405 128 -eisende
14210 7732 562 128 Medianen
14808 7732 667 128 angewendet,
15528 7732 317 128 welche
15950 7732 243 128 nicht

13710 7865 260 128 Vlteit
14003 7865 212 128 eilte
14303 7865 667 128 Entznndnng
15005 7865 160 128 der
15278 7865 644 128 Dnrnliäute
15985 7865 223 128 her-

13713 7998 450 129 lorrufeii
14265 7998 220 129 und
14522 7998 185 129 den
14763 7998 372 129 Körper
15252 7998 535 129 schwächen.
15908 7998 292 129 Kraft

13715 8132 197 128 mtfc
13962 8132 116 128 in
14122 8132 150 128 die
14322 8132 420 128 Organe
14777 8132 420 128 gebracht
15250 8132 220 128 und
15542 8132 288 128 deren
15862 8132 326 128 Funk-

13690 8265 330 128 'ion»-,,
14052 8265 411 128 rnulivt
14507 8265 418 128 werden.

13810 8382 137 146 5lt
14050 8382 155 146 c5"
15243 8382 544 146 ^rni'Totor
15823 8382 429 146 stellen

13677 8532 210 128 Dr.
13930 8532 372 128 August
14337 8532 423 128 König's
14797 8532 621 128 Hainburger
15537 8532 143 128 Tr

15723 8532 110 128 l-r

15890 8532 68 128 rt
16010 8532 190 128 "n-

13675 8665 577 128 übertroffen
14287 8665 175 128 da.
14567 8665 596 128 Dieselben
15253 8665 444 128 reinigen
15732 8665 190 128 den
15953 8665 265 128 Ma-

13682 8798 221 129 gen.
13935 8798 357 129 stärken
14323 8798 150 129 die
14568 8798 287 129 Leber
14973 8798 145 129 nd
15155 8798 350 129 stellen
15557 8798 198 129 das
15790 8798 153 129 ge,
15992 8798 208 129 orte

13685 8932 1267 128 Verdanungs-Verinögen
14987 8932 341 128 wieder
15397 8932 221 128 her.

14482 9232 923 183 Leberleiden.

13823 9648 210 129 Die
14073 9648 290 129 Leber
14465 9648 117 129 ist
14615 9648 265 129 eines
14933 9648 162 129 der
15147 9648 555 129 wichtigsten
15777 9648 423 129 Organe

13760 9782 97 128 es
13902 9782 428 128 Körpers
14365 9782 210 128 und
14690 9782 260 128 sollte
14982 9782 250 128 man
15268 9782 299 128 datier
15668 9782 269 128 allen
15973 9782 230 128 Un»

13718 9915 849 128 /egelmäßigkeiten
14598 9915 300 128 dieses
15012 9915 426 128 Organs
15475 9915 708 128 Ausnierksam-

13745 10048 123 129 eit
13948 10048 449 129 schenken.
14520 10048 595 129 Leberleiden
15217 10048 395 129 nmsastt
15723 10048 470 129 entweder

13723 10182 255 128 •tuen
14010 10182 435 128 gewissen
14475 10182 290 128 Grad
14803 10182 194 128 von
15015 10182 463 128 Trägheit
15515 10182 167 128 des
15712 10182 476 128 Organs,

13713 10315 137 128 ie
13878 10315 105 128 es
14038 10315 574 128 nnbcsähigt
14645 10315 148 128 die
14845 10315 388 128 nölhige
15268 10315 369 128 Menge
15672 10315 298 128 Galle
16007 10315 178 128 ab-

13717 10448 510 129 '.»sondern
14258 10448 220 129 oder
14537 10448 206 129 eine
14855 10448 645 129 Verstopfung
15535 10448 117 129 in
15695 10448 183 129 den
15910 10448 272 129 Eal-

13712 10582 596 128 iengesäpen,
14338 10582 315 128 welche
14705 10582 295 128 Galle
15035 10582 373 128 hindert
15443 10582 119 128 in
15575 10582 183 128 den
15788 10582 390 128 Dan»-

13753 10715 249 128 anal
14107 10715 118 128 zu
14258 10715 522 128 gelangen.
14915 10715 210 128 Die
15223 10715 280 128 Haut
15540 10715 312 128 erhält
15980 10715 210 128 eine

13713 10832 420 128 gelbliche
14237 10832 360 128 Farbe,
14702 10832 103 128 es
14833 10832 212 128 sind
15130 10832 562 128 Schmerzen
15797 10832 125 128 in
16025 10832 162 128 der

13722 10965 331 128 .echten
14103 10965 285 128 Seite
14423 10965 217 128 und
14678 10965 347 128 rechten
15135 10965 448 128 Schulter
15618 10965 570 128 vorhanden

13717 11098 203 129 und
13955 11098 160 129 der
14145 11098 393 129 Appetit
14593 11098 352 129 nimmt
14983 11098 169 129 ab.

13838 11232 220 128 Dr.
14105 11232 368 128 August
14547 11232 423 128 König's
15035 11232 623 128 Hamburger
15750 11232 445 128 Tropfen

13725 11365 347 128 "tätfen
14147 11365 213 128 und
14397 11365 501 128 reguliren
14935 11365 150 128 die
15157 11365 335 128 Leber,
15525 11365 440 128 reinigen
16000 11365 183 128 den

13722 11498 371 129 Mäzen
14130 11498 217 129 und
14383 11498 500 129 entfernen
14917 11498 200 129 ans
15218 11498 180 129 den
15428 11498 569 129 Gedärmen
16030 11498 155 129 die

13713 11615 292 128 Darin
14038 11615 669 128 angehäuften
14742 11615 621 128 (Srubitiitcii.

13755 11948 747 184 Zcropheln
14548 11948 285 184 und
14905 11948 477 184 andere
15425 11948 750 184 Krankhci-

14410 12182 225 183 teil
14685 12182 225 183 des
14970 12182 547 183 Blutes

13848 12598 564 129 Seropheln
14517 12598 458 129 (Iving's
15017 12598 311 129 Evil)
15353 12598 220 129 sind
15683 12598 214 129 eine
15928 12598 252 129 Ver-

13718 12732 359 128 derbnis
14138 12732 162 128 der
14355 12732 310 128 Säfte
14702 12732 168 128 des
14900 12732 480 128 Körpers,
15473 12732 310 128 welche
15812 12732 368 128 densel-

13715 12848 177 129 ben
13922 12848 183 129 mit
14143 12848 404 129 lästigen
14580 12848 218 129 und
14835 12848 572 129 bösartigen
15423 12848 774 129 Unrctnigfeiten

13712 12982 573 128 überladen.
14398 12982 210 128 Die
14718 12982 664 128 Constitution
15488 12982 167 128 des
15760 12982 435 128 Körpers

13718 13132 235 128 wird
13990 13132 562 128 geschwächt,
14582 13132 265 128 selbst
14958 13132 279 128 wenn
15270 13132 152 128 die
15453 13132 422 128 äußeren
15978 13132 210 128 An-

13713 13265 337 128 zeichen
14095 13265 255 128 total
14457 13265 355 128 fehlen,
14880 13265 310 128 welche
15218 13265 277 128 durch
15622 13265 568 128 Ausschläge

13715 13382 178 128 auf
13930 13382 213 128 bem
14175 13382 308 128 Kopfe
14517 13382 220 128 oder
14825 13382 420 128 anderen
15278 13382 404 128 2heile»
15717 13382 171 128 bes
15918 13382 254 128 Kör-

13715 13515 210 128 sers
13955 13515 148 128 bie
14227 13515 643 128 Anwesenheit
14902 13515 195 128 von
15190 13515 563 128 Scropheln
15860 13515 325 128 anzei-

13838 13782 210 128 Die
14088 13782 519 128 Krankheit
14702 13782 113 128 ist
14848 13782 180 128 um
15118 13782 94 128 fo
15327 13782 611 128 gefährlicher
15972 13782 223 128 und

13712 13915 548 128 ernstlicher,
14328 13915 135 128 da
14497 13915 386 128 dieselbe
14988 13915 127 128 in
15160 13915 310 128 vielen
15505 13915 360 128 Fällen
15957 13915 221 128 erb-

13710 14048 167 129 lich
13908 14048 197 129 von
14140 14048 487 129 Geschlecht
14688 14048 180 129 auf
14957 14048 343 129 Geschl-
15328 14048 139 129 cht
15497 14048 688 129 fortgepflanzt

13708 14182 245 128 ivird
14048 14182 214 128 uitb
14300 14182 470 128 schrecklich
14878 14182 212 128 sind
15150 14182 152 128 die
15333 14182 422 128 Folgen,
15862 14182 318 128 welche

13715 14315 675 128 Auszehrung,
14488 14315 747 128 Berschwärung
15345 14315 512 128 der'Leber
15962 14315 225 128 und

13707 14448 346 129 endlich
14085 14448 183 129 den
14298 14448 222 129 Tod
14557 14448 238 129 nach
14845 14448 162 129 sich
15033 14448 355 129 ziehen.

13838 14582 230 128 Nur
14167 14582 686 128 vegetabilische
14950 14582 610 128 Medizinen,
15597 14582 320 128 welche
16023 14582 155 128 die

13715 14698 307 129 3äste
14057 14698 171 129 bes
14328 14698 425 129 Körpers
14788 14698 437 129 reinigen
15260 14698 210 129 unb
15507 14698 183 129 den
15740 14698 432 129 Giftstoff

13698 14832 542 128 entfernen,
14275 14832 213 128 sind
14522 14832 196 128 hier
14752 14832 198 128 von
15007 14832 538 128 wirklichem
15577 14832 436 128 USerlhe.

13827 14965 220 128 Dr.
14093 14965 375 128 August
14502 14965 426 128 König's
14967 14965 625 128 Hamburger
15627 14965 551 128 Familien-

13707 15098 548 129 Medizinen
14290 15098 213 129 und
14540 15098 290 129 unter
14867 15098 311 129 diesen
15208 15098 224 129 Dr.
15445 15098 277 129 Aug.
15760 15098 428 129 Mönig's

13690 15232 617 128 Hamburger
14342 15232 441 128 Tropfen
14820 15232 442 128 reinigen
15297 15232 191 128 das
15542 15232 445 128 System,
16022 15232 148 128 er-

13698 15365 365 128 neuem
14098 15365 154 128 die
14303 15365 315 128 Säfte
14718 15365 220 128 und
14975 15365 507 128 entfernen
15557 15365 186 128 das
15775 15365 393 128 Leiden,

13690 15498 318 129 indem
14042 15498 128 129 sie
14198 15498 109 129 es
14365 15498 183 129 mit
14588 15498 159 129 der
14778 15498 395 129 Wnrzei
15210 15498 562 129 ausreißen.

14012 15798 653 184 'Nervöse
14712 15798 1078 184 Kopfschmerzen

13698 16198 369 129 werden
14098 16198 287 129 durch
14417 16198 650 129 Verstopfung
15180 16198 218 129 oder
15430 16198 720 129 Verdauungs-

13698 16332 597 128 Störungen
14332 16332 781 128 hervorgerufen.
15270 16332 598 128 Diejenigen
15903 16332 260 128 Per-

13692 16465 335 128 sonen,
14058 16465 315 128 welche
14423 16465 140 128 an
14652 16465 331 128 diesem
15012 16465 298 128 Hebel
15342 16465 350 128 leiden,
15793 16465 360 128 müsse*

13683 16582 380 128 Kaffee,
14097 16582 318 128 Num,
14452 16582 241 128 Bier
14732 16582 213 128 und
14982 16582 335 128 Tabak
15373 16582 539 128 vermeiden
15945 16582 217 128 und

13692 16732 183 128 den
13905 16732 225 128 Leib
14165 16732 275 128 durch
14472 16732 203 128 Tr.
14688 16732 369 128 August
15090 16732 420 128 König's
15530 16732 622 128 Hamburger

13692 16848 438 129 Tropfen
14167 16848 255 129 offen
14455 16848 375 129 halten.

13818 16982 534 128 Personen,
14385 16982 305 128 welche
14738 16982 255 128 einer
15027 16982 460 128 siKenben
15518 16982 640 128 Lebensweise

13687 17115 650 128 unterworfen
14372 17115 255 128 sind,
14730 17115 333 128 sollten
15095 17115 163 128 sich
15335 17115 227 128 früh
15660 17115 495 128 Morgens

13683 17248 564 129 Bewegung
14342 17248 125 129 in
14573 17248 274 129 freier
14880 17248 232 129 Luft
15152 17248 381 129 machen
15628 17248 205 129 unb
15935 17248 233 129 Dr.

13692 17382 361 128 August
14087 17382 416 128 König's
14510 17382 607 128 Hamburger
15150 17382 437 128 Tropfen
15623 17382 545 128 mehrmals

13692 17515 160 128 des
13902 17515 325 128 Tages
14262 17515 125 128 in
14432 17515 361 128 kleinen
14825 17515 343 128 Dosen
15202 17515 623 128 gebrauchen.

13978 17748 925 184 Geschwülste,
14993 17748 805 184 Geschnjjre

14203 17948 664 184 Flechten,
14912 17948 278 184 Sal
15243 17948 332 184 ftuß

13688 18232 610 128 entspringen
14332 18232 193 128 alle
14560 18232 508 128 unreinem
15103 18232 315 128 Blute
15457 18232 205 128 ttt.d
15695 18232 112 128 ist
15857 18232 293 128 daher

13687 18365 270 128 Durch
13985 18365 183 128 den
14218 18365 659 128 anerkannten
14978 18365 660 128 Blutreinitier
15675 18365 168 128 Tr
15942 18365 206 128 Au-

13685 18498 203 129 gust
13918 18498 419 129 König'-
14375 18498 612 129 Hamburger
15053 18498 620 129 -tropfen'der
15708 18498 427 129 ©Viftuff

13685 18632 192 128 aus
13912 18632 215 128 dem
14160 18632 372 128 Rörp:r
14570 18632 120 128 zu
14818 18632 537 128 entfernen.
15477 18632 191 128 Oft
15710 18632 118 128 ist
15862 18632 101 128 cs
16025 18632 130 128 je

13680 18765 212 128 boch
13918 18765 389 128 nö.hiii,
14345 18765 177 128 um
14558 18765 147 128 die
14737 18765 435 128 Heilung
15255 18765 118 128 zu
15407 18765 740 128 beschleunigen,

13680 18882 510 128 äußerliche
14222 18882 300 128 lokale
14555 18882 347 128 Mittel
14942 18882 688 128 anzuwenden.
15772 18882 185 128 Als
15995 18882 165 128 ein

13680 19032 322 128 solches
14113 19032 114 128 ist
14310 19032 223 128 Dr.
14582 19032 370 128 August
15008 19032 420 128 König's
15533 19032 622 128 Hamburger

13672 19165 851 128 Kräuterpflaster,
14628 19165 352 128 sowohl
15012 19165 163 128 als
15282 19165 265 128 Zug-
15668 19165 174 128 wie
15875 19165 272 128 Heil-

13670 19298 462 129 Pflaster,
14168 19298 197 129 von
14400 19298 273 129 guter
14728 19298 467 129 Wirkung
15232 19298 216 129 und
15485 19298 292 129 leistet
15808 19298 335 129 beson-

13670 19415 222 128 bers
13925 19415 547 128 säuernden
14505 19415 505 128 Müttern",
15135 19415 310 128 weiche
15493 19415 140 128 an
15670 19415 477 128 ge'cl,wol-

13673 19565 289 128 lenen
13997 19565 426 128 Brüsten
14458 19565 352 128 leiben,
14845 19565 715 128 unbezahlbare
15593 19565 449 128 Dienste.

14507 19782 558 183 Cel.su

15087 19798 43 165 I

13810 20082 485 128 Gelbsucht
14387 20082 113 128 ist
14533 20082 205 128 eine
14795 20082 483 128 Störung
15345 20082 163 128 der
15617 20082 288 128 Leber
16018 20082 154 128 nd

13672 20215 406 128 b'.durch
14210 20215 803 128 hervorgebracht
15123 20215 714 128 Ueberfülluiig
15988 20215 169 128 des

13700 20348 333 129 Slutcs
14068 20348 177 129 mit
14332 20348 335 129 Galle.
14787 20348 568 129 Reinigung
15420 20348 167 129 ber
15620 20348 320 129 Säfte
16032 20348 130 129 in

13705 20482 265 128 solge
14002 20482 195 128 von
14247 20482 315 128 tiichti.
14595 20482 148 128 ein
14775 20482 498 128 Abführen
15337 20482 290 128 burch
15678 20482 232 128 Dr.
15940 20482 208 128 An-

13688 20615 189 128 last
13982 20615 421 128 König's
14470 20615 620 128 Hamburger
15178 20615 485 128 Tropfen,
15768 20615 380 128 tägliche

13673 20732 544 128 lauwarme
14317 20732 376 128 Bäder,
14730 20732 217 128 und
15038 20732 572 128 Bewegung
15643 20732 122 128 in
15877 20732 271 128 freier

13683 20865 210 128 viift
13932 20865 215 128 sind
14180 20865 147 128 die
14403 20865 310 128 besten
14742 20865 485 128 Faktoren
15262 20865 213 128 eine
15575 20865 303 128 totale
15913 20865 237 128 Hei-

13670 20998 247 129 lung
13955 20998 125 129 zu
14115 20998 535 129 bezwecken.

14548 21248 255 165 Die
14850 21248 465 165 Flasche

13793 21398 1252 239 "Mmlar,er

15148 21398 824 239 (irflj)ken'

13675 21698 313 165 kostet
14072 21698 170 165 50
14443 21698 314 165 ents,
14855 21698 262 165 oder
15215 21698 328 165 fünf
15623 21698 555 165 Flasche»

13727 21848 310 165 wei
14093 21848 229 165 Do
14370 21848 312 165 !ars,
14753 21848 249 165 sind
15040 21848 182 165 bei
15298 21848 304 165 allen
15640 21848 512 165 Apothe-

13715 22015 200 165 cm
13957 22015 255 165 unb
14312 22015 610 165 Händlern
15022 22015 136 165 in
15247 22015 675 165 5Dlebijir.cn

13740 22148 352 165 oben.

14277 22398 223 239 A.
14562 22398 805 239 Vo£eler
15430 22398 157 239 8?
15653 22398 337 239 Co.

14610 22648 727 165 Valiimore,
15358 22648 305 165 M).
