22484 28812
4752.0 812.0 2016.0 804.0 THE
7952.0 836.0 3472.0 784.0 OMAHA
12576.0 828.0 2832.0 792.0 DAILY

1208.0 2280.0 1616.0 200.0 SIXTEENTH
2952.0 2252.0 864.0 200.0 YEAK.
7728.0 2252.0 1120.0 208.0 OMAHA.
9064.0 2256.0 1112.0 184.0 F1O.DAY
10496.0 2236.0 1360.0 224.0 JIO11NING.
12112.0 2244.0 1032.0 200.0 MARCH
13352.0 2248.0 184.0 200.0 4.
13792.0 2240.0 544.0 208.0 1887.
19984.0 2284.0 1256.0 212.0 NUMBEK
21448.0 2296.0 392.0 192.0 258

1160.0 2800.0 128.0 232.0 A
1400.0 2784.0 920.0 256.0 RAILROAD
2424.0 2768.0 576.0 248.0 LOBBY
3112.0 2748.0 832.0 256.0 VICTORY.

1168.0 3332.0 496.0 164.0 Passage
1780.0 3328.0 168.0 164.0 By
2060.0 3324.0 196.0 128.0 the
2376.0 3320.0 408.0 124.0 Senate
2900.0 3304.0 128.0 132.0 of
3112.0 3300.0 192.0 128.0 the
3408.0 3284.0 568.0 136.0 Forceless

1912.0 3500.0 728.0 136.0 Commission
2716.0 3492.0 540.0 124.0 Measure.

1188.0 3864.0 1304.0 132.0 FILIBUSTERERS
2708.0 3852.0 572.0 112.0 WASTE
3524.0 3844.0 420.0 112.0 TIME

1180.0 4260.0 108.0 96.0 A
1368.0 4248.0 456.0 104.0 Whole
1924.0 4244.0 740.0 100.0 Afternoon
2740.0 4231.0 420.0 124.0 Spoilt
3232.0 4228.0 132.0 96.0 In
3436.0 4220.0 484.0 104.0 Consid-

1360.0 4420.0 392.0 116.0 ering
1860.0 4420.0 232.0 92.0 tlio
2208.0 4412.0 644.0 96.0 Location
2972.0 4404.0 156.0 100.0 of
3224.0 4396.0 228.0 100.0 the
3532.0 4396.0 272.0 92.0 Sol-

1592.0 4584.0 368.0 100.0 UlcrH
1972.0 4580.0 28.0 52.0 *
2080.0 4576.0 420.0 100.0 Home
2640.0 4576.0 444.0 96.0 IIouso
3172.0 4564.0 396.0 104.0 Work

1888.0 4780.0 172.0 72.0 on
2132.0 4744.0 1164.0 128.0 Appioprlatlons.

1848.0 5116.0 492.0 96.0 Scnnto
2400.0 5100.0 932.0 112.0 Proceeding.

1308.0 5260.0 568.0 108.0 LINCOLN
1888.0 5324.0 24.0 52.0 ,
1968.0 5247.0 248.0 108.0 Neb
2256.0 5320.0 28.0 52.0 ,
2396.0 5244.0 384.0 104.0 March
2868.0 5244.0 188.0 96.0 3.-
3104.0 5236.0 28.0 124.0 [
3152.0 5228.0 428.0 128.0 Special
3680.0 5224.0 272.0 104.0 Tele-

1192.0 5428.0 308.0 104.0 gram
1552.0 5404.0 112.0 100.0 to
1748.0 5408.0 188.0 92.0 the
1992.0 5396.0 284.0 104.0 HUB.
2300.0 5388.0 32.0 128.0 ]
2468.0 5384.0 244.0 104.0 The
2796.0 5384.0 392.0 100.0 senate
3240.0 5376.0 240.0 104.0 litst
3528.0 5368.0 264.0 108.0 took
3844.0 5392.0 152.0 100.0 up

1192.0 5536.0 840.0 112.0 consideration
2068.0 5536.0 116.0 100.0 of
2224.0 5528.0 424.0 108.0 thoMr.
2696.0 5512.0 448.0 132.0 .Majors'
3192.0 5524.0 452.0 116.0 protest
3780.0 5512.0 204.0 104.0 Mr.

1200.0 5684.0 500.0 120.0 Keekley
1744.0 5676.0 400.0 108.0 moved
2196.0 5672.0 240.0 104.0 that
2484.0 5668.0 84.0 104.0 It
2612.0 5668.0 132.0 100.0 be
2792.0 5655.0 596.0 140.0 expunged
3460.0 5664.0 292.0 96.0 from
3804.0 5652.0 188.0 104.0 the

1200.0 5824.0 412.0 108.0 record.

1316.0 5972.0 208.0 104.0 Mr.
1584.0 5968.0 412.0 104.0 Hrown
2052.0 5948.0 556.0 120.0 seconded
2616.0 6032.0 28.0 48.0 ,
2700.0 5956.0 464.0 104.0 because
3276.0 5948.0 188.0 104.0 the
3572.0 5944.0 424.0 116.0 protest

1196.0 6108.0 480.0 124.0 charged
1732.0 6108.0 184.0 104.0 the
1992.0 6100.0 640.0 124.0 legislature
2744.0 6096.0 268.0 104.0 with
3100.0 6092.0 276.0 104.0 back
3432.0 6112.0 216.0 104.0 pay
3696.0 6088.0 264.0 112.0 grab-

1200.0 6252.0 272.0 124.0 bing
1524.0 6252.0 324.0 104.0 when
1904.0 6248.0 188.0 104.0 the
2180.0 6244.0 392.0 124.0 people
2676.0 6236.0 220.0 104.0 had
3000.0 6232.0 600.0 128.0 expressed
3712.0 6223.0 292.0 108.0 their

1208.0 6396.0 228.0 104.0 will
1480.0 6400.0 116.0 96.0 at
1640.0 6392.0 188.0 104.0 the
1868.0 6387.0 344.0 104.0 ballot
2256.0 6387.0 212.0 104.0 box
2520.0 6372.0 568.0 116.0 favorable
3192.0 6387.0 112.0 92.0 to
3392.0 6376.0 188.0 100.0 the
3684.0 6392.0 276.0 104.0 ques

1208.0 6536.0 276.0 108.0 tion.

1208.0 6536.0 288.0 248.0 tion.Mr.
1496.0 6751.0 28.0 36.0 .
1584.0 6671.0 732.0 112.0 Vamlemark
2364.0 6671.0 244.0 104.0 said
2632.0 6692.0 32.0 84.0 :
2796.0 6668.0 292.0 104.0 "Let
3128.0 6660.0 88.0 104.0 It
3300.0 6660.0 340.0 108.0 stand
3728.0 6684.0 124.0 76.0 as
3940.0 6688.0 68.0 68.0 a

1204.0 6835.0 672.0 92.0 monument
1984.0 6824.0 176.0 96.0 for
2264.0 6812.0 180.0 108.0 his
2548.0 6812.0 388.0 104.0 shame
2940.0 6884.0 28.0 40.0 ,
3084.0 6808.0 612.0 116.0 Icnorance
3772.0 6795.0 224.0 108.0 and

1204.0 6964.0 644.0 112.0 cowardice.
2036.0 6960.0 244.0 104.0 The
2384.0 6955.0 648.0 120.0 gentleman
3148.0 6952.0 364.0 100.0 wants
3620.0 6948.0 116.0 100.0 to
3816.0 6964.0 140.0 80.0 en-

1204.0 7108.0 456.0 108.0 cumber
1700.0 7132.0 204.0 80.0 our
1948.0 7100.0 512.0 132.0 jouinals
2504.0 7096.0 268.0 108.0 with
2824.0 7096.0 224.0 100.0 this
3124.0 7088.0 420.0 124.0 protest
3548.0 7159.0 24.0 48.0 ,
3628.0 7088.0 188.0 116.0 yet
3864.0 7084.0 140.0 100.0 ho

1204.0 7248.0 336.0 108.0 voted
1592.0 7252.0 180.0 100.0 for
1816.0 7248.0 188.0 104.0 the
2052.0 7239.0 480.0 120.0 original
2584.0 7228.0 692.0 132.0 proposition
3332.0 7236.0 112.0 92.0 to
3532.0 7228.0 472.0 100.0 recount

1204.0 7392.0 192.0 104.0 the
1440.0 7392.0 404.0 104.0 ballots
1892.0 7384.0 220.0 108.0 and
2164.0 7380.0 572.0 108.0 aiithorl/o
2784.0 7376.0 140.0 120.0 by
2968.0 7372.0 216.0 104.0 law
3232.0 7368.0 188.0 104.0 the
3488.0 7363.0 464.0 116.0 proceed-

1208.0 7536.0 256.0 120.0 ings
1508.0 7532.0 236.0 124.0 Just
1788.0 7527.0 400.0 108.0 closed.
2320.0 7520.0 284.0 104.0 Now
2660.0 7520.0 132.0 100.0 ho
2844.0 7512.0 408.0 108.0 wishes
3300.0 7508.0 228.0 100.0 this
3576.0 7508.0 428.0 120.0 protest

1204.0 7676.0 400.0 120.0 spread
1656.0 7696.0 296.0 100.0 upon
2008.0 7668.0 184.0 100.0 the
2236.0 7660.0 440.0 104.0 records
2680.0 7731.0 28.0 44.0 ,
2764.0 7656.0 244.0 100.0 that
3052.0 7656.0 140.0 96.0 ho
3236.0 7676.0 256.0 92.0 may
3540.0 7647.0 296.0 100.0 icfer
3884.0 7647.0 116.0 96.0 to

1208.0 7816.0 88.0 100.0 It
1332.0 7820.0 112.0 96.0 at
1488.0 7836.0 304.0 76.0 some
1844.0 7811.0 376.0 96.0 future
2260.0 7804.0 220.0 116.0 day
2528.0 7808.0 176.0 92.0 for
2800.0 7788.0 592.0 128.0 campaign
3508.0 7784.0 484.0 128.0 powder.

1200.0 7952.0 212.0 104.0 Let
1460.0 7952.0 88.0 104.0 It
1588.0 7948.0 336.0 104.0 stand
1968.0 7971.0 124.0 76.0 as
2132.0 7975.0 68.0 72.0 a
2248.0 7940.0 668.0 108.0 monument
2960.0 7940.0 120.0 104.0 of
3148.0 7928.0 852.0 124.0 Inconsistency

1196.0 8092.0 228.0 104.0 and
1472.0 8095.0 416.0 100.0 shame.

1320.0 8236.0 208.0 104.0 Mr.
1580.0 8232.0 412.0 128.0 Casper
2032.0 8228.0 220.0 108.0 had
2300.0 8219.0 492.0 136.0 opposed
2840.0 8228.0 184.0 104.0 the
3072.0 8219.0 732.0 108.0 amendment
3884.0 8212.0 112.0 108.0 In

1200.0 8379.0 304.0 128.0 joint
1584.0 8372.0 680.0 112.0 convention
2356.0 8372.0 472.0 108.0 because
2904.0 8368.0 140.0 100.0 ho
3128.0 8364.0 220.0 104.0 had
3440.0 8368.0 200.0 100.0 not
3720.0 8360.0 284.0 120.0 fully

1208.0 8520.0 400.0 108.0 looked
1664.0 8520.0 244.0 104.0 Into
1948.0 8520.0 188.0 104.0 the
2184.0 8520.0 432.0 100.0 matter.
2752.0 8512.0 176.0 104.0 He
2976.0 8508.0 216.0 108.0 had
3244.0 8508.0 312.0 104.0 since
3644.0 8503.0 360.0 104.0 found

1208.0 8672.0 248.0 96.0 that
1500.0 8663.0 176.0 104.0 his
1780.0 8672.0 420.0 108.0 county
2304.0 8656.0 220.0 108.0 had
2632.0 8656.0 324.0 104.0 voted
3060.0 8652.0 424.0 120.0 largely
3572.0 8652.0 172.0 100.0 lor
3820.0 8648.0 188.0 104.0 the

1208.0 8808.0 740.0 108.0 amendment
1988.0 8808.0 228.0 100.0 and
2260.0 8800.0 236.0 108.0 also
2540.0 8800.0 244.0 104.0 that
2828.0 8800.0 184.0 104.0 the
3084.0 8792.0 644.0 108.0 committee
3808.0 8816.0 140.0 100.0 ap-

1216.0 8947.0 460.0 120.0 pointed
1724.0 8951.0 116.0 100.0 to
1884.0 8956.0 464.0 96.0 recount
2392.0 8944.0 188.0 104.0 the
2608.0 8940.0 400.0 104.0 balloU
3036.0 8964.0 292.0 76.0 vvcro
3356.0 8932.0 652.0 128.0 prejudiced

1216.0 9092.0 452.0 120.0 against
1708.0 9092.0 188.0 104.0 the
1940.0 9092.0 756.0 100.0 amendment.
2828.0 9080.0 176.0 108.0 Ho
3052.0 9104.0 228.0 80.0 was
3328.0 9104.0 256.0 80.0 now
3676.0 9076.0 292.0 108.0 confi-

1220.0 9240.0 272.0 100.0 dent
1540.0 9235.0 240.0 104.0 that
1816.0 9235.0 188.0 104.0 the
2048.0 9228.0 388.0 128.0 people
2484.0 9224.0 444.0 112.0 wanted
3016.0 9220.0 188.0 108.0 the
3280.0 9224.0 432.0 120.0 twenty
3792.0 9224.0 220.0 120.0 day

1216.0 9376.0 596.0 104.0 extension
1864.0 9376.0 224.0 104.0 and
2136.0 9376.0 348.0 100.0 hence
2528.0 9372.0 308.0 100.0 theio
2888.0 9392.0 224.0 80.0 was
3164.0 9388.0 144.0 80.0 no
3348.0 9364.0 440.0 120.0 ground
3840.0 9368.0 176.0 96.0 lor

1220.0 9524.0 192.0 100.0 the
1452.0 9519.0 408.0 112.0 charge
1904.0 9519.0 124.0 100.0 of
2100.0 9515.0 276.0 104.0 back
2468.0 9540.0 216.0 92.0 pay
2768.0 9508.0 580.0 112.0 giabblnir.
3520.0 9504.0 180.0 104.0 Ho
3784.0 9532.0 228.0 76.0 was

1220.0 9643.0 204.0 96.0 not
1468.0 9636.0 488.0 124.0 opposed
2004.0 9643.0 112.0 92.0 to
2160.0 9660.0 68.0 76.0 a
2276.0 9632.0 404.0 124.0 protest
2696.0 9700.0 24.0 48.0 ,
2776.0 9632.0 192.0 96.0 but
3016.0 9632.0 136.0 92.0 ho
3200.0 9648.0 228.0 80.0 was
3512.0 9628.0 500.0 136.0 opposed

1224.0 9759.0 116.0 96.0 to
1404.0 9752.0 248.0 104.0 that
1692.0 9763.0 400.0 100.0 charge
2140.0 9748.0 224.0 104.0 and
2404.0 9756.0 112.0 92.0 to
2564.0 9744.0 184.0 100.0 the
2832.0 9748.0 388.0 96.0 senate
3308.0 9723.0 708.0 136.0 swallowing

1224.0 9872.0 188.0 100.0 the
1456.0 9872.0 268.0 100.0 done
1772.0 9864.0 468.0 108.0 without
2284.0 9892.0 68.0 76.0 a
2396.0 9883.0 508.0 80.0 murmcr.
3036.0 9856.0 108.0 100.0 It
3216.0 9883.0 224.0 72.0 was
3504.0 9883.0 68.0 72.0 a
3668.0 9852.0 348.0 104.0 direct

1228.0 9988.0 356.0 100.0 Insult
1628.0 9988.0 112.0 96.0 to
1784.0 10007.0 328.0 92.0 every
2160.0 9984.0 492.0 100.0 member
2688.0 9976.0 128.0 96.0 of
2860.0 9972.0 184.0 100.0 the
3092.0 9976.0 416.0 96.0 senate.

1344.0 10104.0 204.0 96.0 Mr.
1604.0 10096.0 504.0 128.0 Lindsay
2216.0 10096.0 248.0 100.0 held
2576.0 10091.0 240.0 100.0 that
2900.0 10087.0 188.0 104.0 the
3152.0 10091.0 388.0 96.0 senate
3592.0 10083.0 216.0 100.0 had
3864.0 10112.0 148.0 72.0 no

1224.0 10224.0 300.0 112.0 right
1568.0 10244.0 124.0 72.0 as
1736.0 10244.0 64.0 68.0 a
1844.0 10216.0 292.0 116.0 body
2184.0 10216.0 112.0 96.0 to
2384.0 10232.0 196.0 96.0 say
2668.0 10207.0 244.0 100.0 that
3000.0 10200.0 720.0 120.0 explanation
3780.0 10207.0 120.0 92.0 of
3948.0 10228.0 68.0 72.0 a

1224.0 10335.0 248.0 100.0 vote
1524.0 10327.0 108.0 104.0 In
1692.0 10331.0 184.0 100.0 the
1916.0 10327.0 304.0 124.0 joint
2296.0 10320.0 688.0 104.0 convention
3072.0 10320.0 404.0 100.0 should
3520.0 10344.0 144.0 92.0 go
3708.0 10340.0 300.0 96.0 upon

1224.0 10448.0 188.0 100.0 the
1456.0 10444.0 440.0 104.0 recoids
1936.0 10448.0 124.0 92.0 of
2104.0 10444.0 188.0 100.0 the
2332.0 10440.0 420.0 100.0 senato.

1344.0 10560.0 204.0 104.0 Mr.
1600.0 10560.0 312.0 100.0 Snell
1996.0 10556.0 488.0 124.0 opposed
2576.0 10564.0 184.0 92.0 the
2808.0 10548.0 428.0 104.0 motion
3292.0 10548.0 112.0 104.0 to
3452.0 10571.0 556.0 96.0 expunge.

1216.0 10672.0 368.0 104.0 There
1668.0 10699.0 232.0 76.0 was
2000.0 10676.0 484.0 116.0 nothing
2588.0 10672.0 116.0 100.0 In
2760.0 10668.0 188.0 100.0 the
2992.0 10672.0 424.0 120.0 protest
3468.0 10672.0 112.0 92.0 to
3632.0 10664.0 368.0 124.0 Injure

1228.0 10792.0 232.0 100.0 him
1508.0 10815.0 124.0 76.0 or
1676.0 10815.0 488.0 80.0 anyone
2224.0 10788.0 264.0 100.0 else.

1344.0 10908.0 204.0 104.0 Mr.
1648.0 10908.0 412.0 116.0 Majors
2104.0 10903.0 244.0 104.0 said
2440.0 10903.0 136.0 100.0 he
2620.0 10896.0 220.0 104.0 had
2888.0 10896.0 484.0 116.0 nothing
3420.0 10896.0 436.0 100.0 further
3900.0 10896.0 112.0 100.0 to

1228.0 11048.0 196.0 96.0 say
1472.0 11048.0 124.0 76.0 as
1640.0 11044.0 116.0 80.0 to
1804.0 11027.0 188.0 96.0 the
2040.0 11023.0 444.0 116.0 protest.
2620.0 11016.0 176.0 100.0 Ho
2864.0 11027.0 320.0 92.0 made
3232.0 11016.0 88.0 96.0 It
3368.0 11019.0 460.0 96.0 because
3876.0 11008.0 140.0 104.0 ho

1228.0 11140.0 480.0 116.0 thought
1812.0 11140.0 88.0 100.0 It
2004.0 11164.0 228.0 76.0 was
2380.0 11136.0 296.0 120.0 right
2820.0 11132.0 224.0 100.0 and
3192.0 11128.0 548.0 120.0 proposed
3900.0 11132.0 112.0 96.0 to

1232.0 11260.0 332.0 96.0 stand
1612.0 11256.0 140.0 120.0 by
1804.0 11256.0 116.0 100.0 It.
2056.0 11252.0 172.0 100.0 lie
2276.0 11248.0 512.0 104.0 resented
2896.0 11244.0 184.0 104.0 the
3172.0 11244.0 664.0 120.0 imputation
3892.0 11248.0 124.0 96.0 of

1232.0 11376.0 188.0 96.0 the
1760.0 11372.0 644.0 116.0 gentleman
2788.0 11368.0 284.0 96.0 trom
3452.0 11360.0 564.0 100.0 Saunders

1236.0 11484.0 664.0 124.0 Impunglng
2144.0 11484.0 172.0 100.0 his
2552.0 11480.0 504.0 108.0 motives.
3340.0 11476.0 180.0 100.0 Ho
3796.0 11476.0 220.0 100.0 bad

1240.0 11604.0 320.0 100.0 stood
1960.0 11624.0 148.0 96.0 up
2500.0 11600.0 248.0 96.0 tour
3160.0 11616.0 316.0 76.0 veais
3896.0 11591.0 116.0 100.0 in

1232.0 11715.0 464.0 104.0 defense
1744.0 11719.0 124.0 96.0 of
1936.0 11715.0 172.0 100.0 his
2152.0 11715.0 476.0 116.0 country
2712.0 11708.0 376.0 104.0 before
3152.0 11708.0 232.0 120.0 Just
3436.0 11704.0 264.0 104.0 such
3756.0 11732.0 252.0 76.0 men

1232.0 11860.0 124.0 76.0 as
1440.0 11828.0 136.0 104.0 ho
1580.0 11908.0 28.0 40.0 ,
1700.0 11831.0 224.0 100.0 and
2020.0 11831.0 212.0 100.0 had
2328.0 11852.0 340.0 80.0 never
2752.0 11831.0 184.0 112.0 yet
2992.0 11824.0 276.0 104.0 been
3360.0 11824.0 464.0 100.0 accused
3896.0 11824.0 124.0 100.0 of

1232.0 11948.0 648.0 104.0 cowardice.
2016.0 11944.0 104.0 104.0 It
2168.0 11968.0 224.0 76.0 was
2444.0 11948.0 240.0 96.0 true
2728.0 11944.0 240.0 96.0 that
3040.0 11944.0 132.0 96.0 ho
3212.0 11940.0 320.0 100.0 voted
3588.0 11940.0 176.0 96.0 for
3828.0 11940.0 188.0 100.0 the

1232.0 12064.0 196.0 100.0 bill
1476.0 12060.0 704.0 120.0 authort/lng
2228.0 12072.0 188.0 92.0 the
2468.0 12064.0 456.0 100.0 iceount
2932.0 12132.0 24.0 36.0 ,
3008.0 12056.0 200.0 100.0 but
3252.0 12060.0 188.0 96.0 the
3492.0 12056.0 308.0 100.0 Ideas
3836.0 12079.0 180.0 76.0 ox-

1236.0 12188.0 448.0 124.0 juessed
1780.0 12180.0 112.0 100.0 In
1988.0 12176.0 176.0 104.0 his
2240.0 12184.0 424.0 116.0 protest
2740.0 12196.0 284.0 80.0 vvero
3112.0 12172.0 188.0 100.0 the
3364.0 12172.0 352.0 100.0 result
3756.0 12176.0 124.0 92.0 of
3956.0 12199.0 64.0 72.0 a

1236.0 12304.0 356.0 92.0 better
1636.0 12296.0 904.0 108.0 understanding
2628.0 12287.0 224.0 104.0 and
2928.0 12319.0 64.0 68.0 a
3040.0 12287.0 436.0 100.0 further
3516.0 12287.0 336.0 120.0 study
3896.0 12292.0 124.0 92.0 of

1236.0 12412.0 516.0 100.0 thecas'i.
1836.0 12412.0 104.0 96.0 It
1988.0 12432.0 228.0 76.0 was
2264.0 12416.0 200.0 92.0 not
2512.0 12412.0 112.0 96.0 In
2676.0 12403.0 188.0 100.0 the
2896.0 12403.0 376.0 100.0 mouth
3316.0 12403.0 120.0 96.0 of
3480.0 12424.0 224.0 96.0 any
3756.0 12428.0 212.0 76.0 mai
3980.0 12432.0 28.0 52.0 >

1232.0 12527.0 256.0 96.0 who
1596.0 12523.0 320.0 100.0 stood
2032.0 12527.0 116.0 96.0 In
2260.0 12552.0 64.0 72.0 a
2428.0 12516.0 544.0 108.0 senator's
3120.0 12520.0 308.0 120.0 place
3536.0 12544.0 144.0 72.0 on
3796.0 12516.0 224.0 104.0 this

1232.0 12640.0 280.0 100.0 lloor
1512.0 12712.0 24.0 44.0 ,
1648.0 12640.0 228.0 100.0 and
1988.0 12664.0 228.0 76.0 was
2360.0 12636.0 624.0 112.0 charitably
3116.0 12632.0 656.0 120.0 recogni/ed
3896.0 12660.0 124.0 72.0 as-

1228.0 12780.0 64.0 76.0 a
1336.0 12764.0 456.0 92.0 senator
1896.0 12752.0 116.0 100.0 to
2060.0 12780.0 196.0 88.0 say
2308.0 12752.0 240.0 104.0 that
2596.0 12752.0 136.0 100.0 ho
2784.0 12771.0 228.0 80.0 was
3056.0 12780.0 64.0 72.0 a
3228.0 12748.0 472.0 100.0 coward.
3840.0 12748.0 180.0 100.0 No

1232.0 12891.0 256.0 76.0 man
1540.0 12868.0 252.0 100.0 who
1840.0 12868.0 212.0 100.0 had
2104.0 12868.0 268.0 120.0 long
2416.0 12868.0 224.0 100.0 and
2692.0 12868.0 696.0 120.0 notoriously
3432.0 12864.0 584.0 100.0 embodied

1232.0 12988.0 188.0 100.0 the
1460.0 12979.0 888.0 108.0 characteristics
2392.0 12988.0 108.0 92.0 ot
2556.0 13008.0 140.0 76.0 an
2748.0 12979.0 504.0 104.0 Imbecile
3284.0 12984.0 340.0 96.0 uaied
3676.0 12984.0 332.0 96.0 stand

1232.0 13104.0 372.0 96.0 before
1648.0 13099.0 228.0 100.0 him
1928.0 13095.0 268.0 104.0 with
2284.0 13099.0 192.0 100.0 the
2568.0 13099.0 460.0 100.0 clmiges
3132.0 13099.0 124.0 96.0 of
3360.0 13099.0 644.0 100.0 cowardice.

1232.0 13215.0 172.0 104.0 He
1456.0 13215.0 364.0 100.0 would
1868.0 13219.0 372.0 100.0 resent
2292.0 13215.0 84.0 100.0 It
2440.0 13240.0 124.0 76.0 as
2628.0 13236.0 140.0 80.0 an
2820.0 13208.0 636.0 108.0 individual
3536.0 13212.0 232.0 104.0 and
3872.0 13236.0 128.0 80.0 as-

1228.0 13364.0 64.0 72.0 a
1340.0 13343.0 480.0 92.0 senator.

1344.0 13448.0 244.0 100.0 'Iho
1632.0 13448.0 420.0 120.0 protest
2100.0 13472.0 228.0 76.0 was
2368.0 13448.0 596.0 120.0 oxpungcd
3016.0 13444.0 284.0 100.0 from
3348.0 13444.0 192.0 104.0 the
3584.0 13444.0 420.0 104.0 record.

1228.0 13560.0 240.0 104.0 The
1512.0 13564.0 200.0 100.0 bill
1756.0 13564.0 844.0 120.0 appropiiatltig
2644.0 13564.0 344.0 108.0 feW
2748.0 13572.0 20.0 80.0 \
2812.0 13568.0 28.0 88.0 (
3028.0 13568.0 120.0 88.0 bO
3192.0 13568.0 172.0 96.0 for
3412.0 13564.0 184.0 96.0 the
3688.0 13560.0 320.0 104.0 icllct

1236.0 13680.0 120.0 96.0 of
1404.0 13680.0 336.0 100.0 Chas.
1804.0 13680.0 140.0 96.0 A.
2016.0 13676.0 520.0 100.0 Johnson
2648.0 13700.0 232.0 76.0 was
2984.0 13676.0 400.0 124.0 passed
3488.0 13676.0 228.0 100.0 and
3820.0 13676.0 192.0 100.0 the

1236.0 13800.0 388.0 92.0 senate
1668.0 13796.0 268.0 96.0 took
1980.0 13820.0 64.0 72.0 a
2092.0 13816.0 356.0 76.0 recess
2496.0 13791.0 168.0 100.0 till
2716.0 13796.0 60.0 92.0 'J
2840.0 13787.0 460.0 108.0 o'clock.

1932.0 13928.0 756.0 84.0 AKIUI.VOON
2792.0 13928.0 528.0 80.0 srssiov.

1368.0 14012.0 104.0 100.0 A
1540.0 14024.0 948.0 92.0 communication
2540.0 14020.0 768.0 92.0 iiuiuiltl/ciis
3352.0 14012.0 124.0 100.0 of
3520.0 14012.0 460.0 104.0 Mllford
3992.0 14088.0 28.0 44.0 ,

1240.0 14124.0 452.0 104.0 Seward
1732.0 14132.0 420.0 116.0 county
2156.0 14195.0 24.0 40.0 ,
2240.0 14144.0 228.0 84.0 was
2540.0 14132.0 288.0 96.0 lead.
2968.0 14128.0 100.0 104.0 It
3112.0 14128.0 340.0 100.0 offers
3492.0 14132.0 188.0 92.0 f.io
3720.0 14155.0 308.0 76.0 acres

1236.0 14244.0 124.0 100.0 of
1404.0 14239.0 264.0 100.0 land
1716.0 14268.0 144.0 76.0 on
1916.0 14244.0 184.0 100.0 the
2160.0 14224.0 368.0 120.0 banks
2572.0 14248.0 116.0 92.0 ot
2800.0 14239.0 188.0 100.0 the
3060.0 14239.0 544.0 100.0 beautiful
3704.0 14244.0 276.0 96.0 liluo
3992.0 14315.0 24.0 48.0 ,

1232.0 14355.0 592.0 112.0 Including
1864.0 14355.0 448.0 112.0 springs
2320.0 14431.0 24.0 40.0 ,
2420.0 14355.0 440.0 100.0 natural
2960.0 14355.0 248.0 96.0 lake
3212.0 14428.0 24.0 44.0 ,
3296.0 14355.0 376.0 96.0 Umbel
3696.0 14424.0 24.0 28.0 ,
3768.0 14359.0 200.0 96.0 etc.
3988.0 14428.0 28.0 28.0 .

1232.0 14472.0 236.0 100.0 also
1584.0 14475.0 280.0 112.0 0,000
1904.0 14496.0 124.0 76.0 as
2072.0 14492.0 144.0 80.0 an
2276.0 14468.0 724.0 104.0 Inducement
3044.0 14472.0 172.0 96.0 for
3264.0 14468.0 188.0 100.0 the
3500.0 14460.0 504.0 112.0 soldleis'

1232.0 14588.0 324.0 100.0 homo
1604.0 14588.0 116.0 100.0 to
1768.0 14584.0 128.0 100.0 be
1944.0 14588.0 424.0 100.0 located
2440.0 14588.0 340.0 100.0 there.

1348.0 14704.0 204.0 100.0 Mr.
1648.0 14700.0 640.0 120.0 Wilghtlot
2340.0 14696.0 228.0 104.0 Sew
2596.0 14696.0 192.0 104.0 aril
2820.0 14696.0 420.0 108.0 offered
3284.0 14723.0 68.0 76.0 a
3396.0 14700.0 616.0 104.0 resolution

1232.0 14811.0 524.0 120.0 agreeing
1796.0 14824.0 112.0 96.0 to
1948.0 14816.0 408.0 104.0 extend
2412.0 14816.0 188.0 100.0 the
2628.0 14816.0 428.0 104.0 Cession
3108.0 14820.0 188.0 96.0 ton
3348.0 14816.0 276.0 120.0 days
3676.0 14820.0 112.0 100.0 In
3840.0 14820.0 140.0 100.0 ad-

1236.0 14936.0 360.0 96.0 dition
1692.0 14927.0 116.0 104.0 to
1904.0 14936.0 188.0 96.0 the
2200.0 14936.0 292.0 112.0 forty
2588.0 14931.0 280.0 116.0 days
2944.0 14931.0 480.0 104.0 without
3488.0 14956.0 216.0 92.0 pay
3708.0 15003.0 24.0 48.0 ,
3788.0 14931.0 232.0 104.0 and

1240.0 15051.0 244.0 96.0 that
1524.0 15051.0 188.0 96.0 the
1816.0 15051.0 460.0 96.0 recount
2380.0 15043.0 468.0 112.0 making
2944.0 15047.0 88.0 96.0 It
3112.0 15043.0 392.0 104.0 lawful
3556.0 15051.0 116.0 96.0 to
3764.0 15047.0 260.0 104.0 hold

1240.0 15160.0 552.0 136.0 Hlxtv-day
1844.0 15163.0 496.0 100.0 sessions
2384.0 15163.0 132.0 96.0 bo
2596.0 15156.0 660.0 108.0 considered
3320.0 15184.0 124.0 76.0 as
3488.0 15160.0 540.0 124.0 applying

1240.0 15280.0 116.0 100.0 to
1400.0 15276.0 144.0 104.0 all
1592.0 15280.0 376.0 100.0 future
2008.0 15284.0 492.0 96.0 sessions
2524.0 15299.0 32.0 88.0 ;
2604.0 15276.0 196.0 104.0 but
2880.0 15304.0 124.0 72.0 as
3052.0 15276.0 188.0 104.0 the
3288.0 15280.0 464.0 100.0 recount
3800.0 15284.0 228.0 96.0 and

1240.0 15392.0 800.0 124.0 pinclamatlon
2120.0 15396.0 600.0 116.0 enforcing
2764.0 15392.0 188.0 100.0 the
2996.0 15392.0 632.0 124.0 piovlslons
3672.0 15400.0 124.0 92.0 ot
3844.0 15396.0 188.0 100.0 thu

1236.0 15508.0 856.0 104.0 constitutional
2192.0 15508.0 732.0 100.0 amendment
3012.0 15531.0 288.0 76.0 were
3396.0 15512.0 204.0 96.0 not
3708.0 15508.0 324.0 104.0 made

1240.0 15623.0 296.0 104.0 until
1580.0 15651.0 280.0 76.0 near
1896.0 15628.0 188.0 100.0 the
2124.0 15628.0 300.0 100.0 close
2456.0 15628.0 112.0 96.0 ot
2604.0 15623.0 228.0 100.0 this
2860.0 15623.0 436.0 100.0 session
3332.0 15623.0 260.0 120.0 they
3628.0 15623.0 404.0 104.0 should

1240.0 15739.0 336.0 124.0 apply
1620.0 15743.0 272.0 128.0 only
1940.0 15747.0 116.0 92.0 to
2108.0 15743.0 372.0 96.0 future
2528.0 15739.0 528.0 100.0 sessions.

1360.0 15840.0 208.0 120.0 Mr.
1632.0 15840.0 436.0 132.0 WrfcUt
2112.0 15855.0 396.0 104.0 moved
2556.0 15855.0 184.0 100.0 the
2768.0 15852.0 528.0 124.0 adoption
3336.0 15852.0 128.0 100.0 of
3504.0 15852.0 188.0 104.0 the
3736.0 15880.0 244.0 80.0 reso

1240.0 15972.0 396.0 104.0 lution.

1368.0 16084.0 204.0 104.0 Mr.
1688.0 16084.0 404.0 104.0 llrovvn
2228.0 16084.0 196.0 104.0 Mr.
2540.0 16080.0 588.0 108.0 President
3140.0 16160.0 24.0 44.0 ,
3280.0 16088.0 224.0 100.0 this
3616.0 16088.0 96.0 100.0 Is
3816.0 16111.0 184.0 80.0 cer-

1248.0 16200.0 364.0 136.0 tainly
1652.0 16204.0 188.0 96.0 out
1892.0 16204.0 120.0 96.0 of
2056.0 16200.0 352.0 104.0 order.
2540.0 16200.0 48.0 100.0 1
2640.0 16200.0 276.0 104.0 have
2968.0 16227.0 208.0 100.0 pay
3224.0 16227.0 120.0 76.0 in
3400.0 16227.0 184.0 96.0 my
3628.0 16208.0 400.0 112.0 pocket

1248.0 16320.0 176.0 100.0 for
1488.0 16311.0 192.0 108.0 tlio
1720.0 16315.0 632.0 104.0 additional
2404.0 16324.0 428.0 112.0 twenty
2872.0 16320.0 324.0 112.0 days.

1368.0 16431.0 204.0 104.0 Mr.
1624.0 16435.0 448.0 124.0 Conger
2192.0 16435.0 148.0 96.0 So
2392.0 16431.0 276.0 104.0 have
2736.0 16439.0 84.0 96.0 1.

1368.0 16551.0 208.0 96.0 Mr.
1696.0 16547.0 444.0 112.0 Wright
2244.0 16547.0 244.0 104.0 said
2600.0 16547.0 136.0 100.0 he
2824.0 16547.0 380.0 104.0 would
3240.0 16551.0 136.0 96.0 bo
3428.0 16547.0 436.0 112.0 willing
3912.0 16555.0 112.0 96.0 to

1264.0 16667.0 288.0 108.0 work
1604.0 16671.0 188.0 96.0 ten
1840.0 16664.0 284.0 124.0 days
2228.0 16664.0 476.0 104.0 without
2808.0 16688.0 212.0 104.0 pay
3128.0 16667.0 96.0 100.0 if
3328.0 16667.0 188.0 100.0 the
3584.0 16667.0 436.0 104.0 session

1252.0 16780.0 320.0 112.0 Tuuld
1620.0 16784.0 264.0 96.0 then
1932.0 16788.0 136.0 96.0 bo
2108.0 16776.0 396.0 108.0 closed.

1368.0 16900.0 204.0 100.0 Mr.
1628.0 16900.0 344.0 120.0 Colby
2024.0 16896.0 396.0 104.0 moved
2472.0 16896.0 240.0 104.0 that
2756.0 16896.0 188.0 104.0 the
3024.0 16896.0 612.0 108.0 resolution
3688.0 16904.0 344.0 120.0 apply

1252.0 17020.0 268.0 108.0 only
1568.0 17016.0 112.0 96.0 to
1716.0 17012.0 188.0 100.0 the
1944.0 17012.0 644.0 124.0 gentleman
2644.0 17016.0 284.0 100.0 from
2996.0 17012.0 492.0 104.0 Seward.

1368.0 17112.0 216.0 120.0 Mr.
1636.0 17127.0 312.0 104.0 Snell
2024.0 17127.0 396.0 108.0 moved
2488.0 17136.0 112.0 96.0 to
2644.0 17131.0 184.0 120.0 lay
2872.0 17152.0 144.0 80.0 on
3056.0 17127.0 188.0 104.0 the
3288.0 17131.0 328.0 104.0 table.
3752.0 17131.0 220.0 104.0 Car

1252.0 17243.0 268.0 104.0 ried.

1252.0 17243.0 536.0 220.0 ried..Senate

1368.0 17363.0 420.0 100.0 .Senate
1836.0 17356.0 176.0 104.0 file
2056.0 17359.0 104.0 100.0 41
2176.0 17436.0 24.0 40.0 ,
2256.0 17356.0 188.0 104.0 the
2532.0 17359.0 536.0 104.0 forceless
3168.0 17359.0 468.0 116.0 railway
3728.0 17392.0 244.0 76.0 coin

1252.0 17479.0 464.0 100.0 mission
1768.0 17476.0 188.0 104.0 bill
1972.0 17548.0 24.0 52.0 ,
2112.0 17504.0 228.0 76.0 was
2384.0 17476.0 268.0 104.0 then
2728.0 17479.0 264.0 100.0 read
3076.0 17504.0 68.0 76.0 a
3188.0 17476.0 300.0 108.0 third
3540.0 17483.0 268.0 100.0 time
3856.0 17487.0 176.0 96.0 for

1252.0 17619.0 472.0 100.0 passage

1368.0 17712.0 204.0 100.0 Mr.
1744.0 17704.0 492.0 108.0 Stcrlina
2368.0 17716.0 396.0 100.0 moved
2872.0 17708.0 244.0 104.0 that
3216.0 17712.0 188.0 100.0 the
3492.0 17712.0 540.0 120.0 enacting

1248.0 17823.0 372.0 104.0 clause
1704.0 17828.0 124.0 96.0 of
1912.0 17823.0 188.0 104.0 the
2200.0 17823.0 196.0 104.0 bill
2512.0 17836.0 132.0 88.0 bo
2688.0 17823.0 496.0 104.0 stricken
3292.0 17836.0 228.0 104.0 out.
3596.0 17832.0 196.0 100.0 but
3840.0 17828.0 192.0 104.0 the

1244.0 17939.0 308.0 104.0 chair
1596.0 17939.0 312.0 104.0 inlcd
1956.0 17939.0 224.0 104.0 him
2232.0 17948.0 192.0 96.0 out
2460.0 17943.0 124.0 96.0 ot
2624.0 17943.0 352.0 100.0 order.

1360.0 18059.0 208.0 96.0 Air.
1636.0 18055.0 368.0 104.0 Fuller
2088.0 18063.0 396.0 96.0 moved
2576.0 18059.0 112.0 96.0 to
2756.0 18055.0 576.0 104.0 recommit
3396.0 18055.0 192.0 104.0 the
3660.0 18055.0 196.0 108.0 bill
3908.0 18063.0 120.0 104.0 to

1240.0 18171.0 636.0 104.0 committee
1920.0 18171.0 124.0 100.0 of
2088.0 18175.0 188.0 100.0 the
2312.0 18171.0 356.0 104.0 whole
2676.0 18248.0 24.0 44.0 ,
2756.0 18171.0 360.0 104.0 which
3172.0 18200.0 228.0 76.0 was
3444.0 18175.0 248.0 100.0 lost.

1360.0 18292.0 244.0 100.0 The
1652.0 18288.0 196.0 104.0 bill
1900.0 18316.0 228.0 76.0 was
2176.0 18292.0 260.0 100.0 then
2492.0 18299.0 200.0 92.0 nut
2736.0 18311.0 300.0 92.0 upon
3096.0 18288.0 144.0 104.0 Its
3284.0 18316.0 472.0 100.0 passage
3760.0 18368.0 28.0 44.0 ,
3840.0 18292.0 192.0 108.0 the

1248.0 18412.0 256.0 96.0 vote
1552.0 18404.0 548.0 120.0 resulting
2144.0 18431.0 128.0 72.0 as
2316.0 18404.0 444.0 100.0 follows
2784.0 18431.0 32.0 76.0 :

1376.0 18515.0 296.0 104.0 Yeas
1804.0 18520.0 580.0 100.0 Honesteel
2396.0 18587.0 28.0 48.0 ,
2480.0 18520.0 400.0 100.0 Hrown
2900.0 18591.0 24.0 48.0 ,
2976.0 18511.0 612.0 112.0 Duinhani.
3644.0 18520.0 352.0 120.0 Camp

1252.0 18631.0 212.0 100.0 bell
1476.0 18703.0 28.0 44.0 ,
1616.0 18631.0 376.0 120.0 Colby.
2108.0 18635.0 440.0 104.0 Conger
2548.0 18703.0 28.0 44.0 ,
2704.0 18631.0 608.0 104.0 Heaitvvell
3324.0 18707.0 24.0 48.0 ,
3524.0 18635.0 464.0 104.0 Holmes
3996.0 18711.0 24.0 48.0 ,

1260.0 18743.0 296.0 104.0 Kent
1556.0 18816.0 40.0 36.0 ,
1708.0 18747.0 504.0 116.0 Lindsay
2220.0 18816.0 28.0 48.0 ,
2360.0 18747.0 296.0 100.0 Linn
2672.0 18820.0 28.0 68.0 ,
2812.0 18755.0 420.0 112.0 Majors
3240.0 18823.0 28.0 44.0 ,
3380.0 18747.0 616.0 108.0 McNamar
3996.0 18827.0 24.0 40.0 ,

1252.0 18860.0 384.0 104.0 Moore
1644.0 18932.0 24.0 44.0 ,
1732.0 18860.0 488.0 104.0 Uobbius
2228.0 18936.0 28.0 44.0 ,
2328.0 18863.0 616.0 100.0 Schmlnke
2948.0 18936.0 28.0 48.0 ,
3072.0 18867.0 476.0 100.0 Sbervln
3564.0 18936.0 24.0 52.0 ,
3680.0 18867.0 320.0 104.0 Sncll
4008.0 18940.0 28.0 52.0 ,

1252.0 18972.0 740.0 112.0 Vandomark
2120.0 18980.0 156.0 100.0 10.

1376.0 19092.0 228.0 124.0 Nay
1640.0 19092.0 620.0 124.0 s-Casper.
2320.0 19092.0 352.0 100.0 Duras
2676.0 19163.0 28.0 44.0 ,
2800.0 19092.0 376.0 104.0 Fuller
3180.0 19168.0 28.0 44.0 ,
3324.0 19092.0 492.0 132.0 Hlgglns
3920.0 19107.0 128.0 92.0 ot

1260.0 19208.0 268.0 100.0 Cass
1536.0 19279.0 24.0 44.0 ,
1624.0 19208.0 652.0 120.0 Hlgglnsof
2320.0 19208.0 392.0 104.0 Colfax
2724.0 19279.0 24.0 48.0 ,
2836.0 19208.0 492.0 128.0 Keckley
3332.0 19283.0 28.0 52.0 ,
3464.0 19212.0 548.0 120.0 Linlngcr
4012.0 19287.0 28.0 48.0 ,

1256.0 19319.0 736.0 128.0 Molklejohn.
2160.0 19323.0 396.0 112.0 Sprlck
2564.0 19395.0 24.0 48.0 ,
2744.0 19323.0 496.0 128.0 Steillng
3244.0 19399.0 28.0 52.0 ,
3424.0 19323.0 536.0 112.0 T/schucl
3964.0 19355.0 40.0 76.0 :

1264.0 19435.0 1300.0 124.0 WolbacbVrlght13.
2568.0 19511.0 28.0 28.0 .

1376.0 19555.0 224.0 104.0 Mr.
1664.0 19555.0 492.0 116.0 Lindsay
2208.0 19555.0 652.0 108.0 Introduced
2908.0 19588.0 64.0 72.0 a
3016.0 19555.0 188.0 104.0 bill
3260.0 19563.0 116.0 100.0 to
3480.0 19559.0 292.0 104.0 limit
3856.0 19563.0 192.0 104.0 the

1260.0 19675.0 472.0 104.0 number
1772.0 19675.0 120.0 100.0 of
1932.0 19675.0 424.0 104.0 otllccrs
2400.0 19675.0 224.0 104.0 and
2668.0 19679.0 564.0 120.0 employes
3276.0 19679.0 124.0 100.0 of
3432.0 19679.0 192.0 100.0 the
3652.0 19687.0 396.0 100.0 senate

1260.0 19799.0 116.0 96.0 to
1424.0 19796.0 280.0 120.0 Idly.

1376.0 19904.0 212.0 108.0 Mr.
1640.0 19908.0 440.0 104.0 Conirer
2124.0 19904.0 264.0 108.0 then
2448.0 19908.0 392.0 104.0 moved
2888.0 19908.0 240.0 104.0 that
3176.0 19912.0 348.0 100.0 house
3572.0 19912.0 204.0 104.0 roll
3824.0 19916.0 180.0 100.0 247
4012.0 19984.0 28.0 52.0 ,

1260.0 20024.0 188.0 100.0 the
1492.0 20024.0 504.0 104.0 soldiers'
2048.0 20024.0 324.0 100.0 homo
2420.0 20024.0 188.0 104.0 bill
2620.0 20095.0 28.0 36.0 ,
2700.0 20024.0 132.0 100.0 bo
2936.0 20028.0 340.0 104.0 taken
3376.0 20036.0 196.0 96.0 out
3672.0 20036.0 120.0 92.0 ot
3900.0 20039.0 144.0 96.0 its

1260.0 20139.0 312.0 124.0 place
1612.0 20139.0 228.0 104.0 and
1876.0 20139.0 656.0 108.0 consideied
2608.0 20144.0 264.0 100.0 Hist.

1372.0 20255.0 208.0 108.0 Mr.
1632.0 20255.0 352.0 124.0 Colby
2032.0 20255.0 392.0 104.0 moved
2468.0 20259.0 244.0 104.0 that
2772.0 20259.0 84.0 100.0 it
2900.0 20259.0 132.0 104.0 bo
3080.0 20255.0 320.0 108.0 made
3484.0 20283.0 68.0 80.0 a
3632.0 20259.0 416.0 128.0 npccial

1252.0 20375.0 328.0 100.0 order
1628.0 20371.0 176.0 104.0 for
1836.0 20371.0 600.0 124.0 Thursday
2484.0 20375.0 308.0 100.0 next.

1376.0 20491.0 200.0 100.0 Mr.
1636.0 20491.0 416.0 116.0 Casper
2092.0 20491.0 540.0 120.0 objected.
2764.0 20487.0 176.0 104.0 He
3024.0 20487.0 216.0 112.0 had
3328.0 20491.0 276.0 104.0 been
3712.0 20495.0 296.0 128.0 capti-

1264.0 20611.0 316.0 96.0 vated
1628.0 20608.0 144.0 120.0 by
1816.0 20611.0 224.0 100.0 tills
2124.0 20608.0 412.0 112.0 special
2624.0 20608.0 332.0 104.0 eider
3072.0 20611.0 124.0 100.0 of
3300.0 20608.0 516.0 108.0 business
3924.0 20619.0 116.0 96.0 at

1260.0 20728.0 228.0 96.0 hist
1500.0 20796.0 24.0 44.0 ,
1576.0 20724.0 196.0 100.0 but
1812.0 20724.0 140.0 100.0 ho
2000.0 20724.0 212.0 104.0 had
2268.0 20724.0 444.0 104.0 teamed
2760.0 20756.0 64.0 72.0 a
2868.0 20724.0 320.0 108.0 tilck.
3360.0 20728.0 368.0 104.0 Them
3816.0 20756.0 232.0 80.0 was

1264.0 20852.0 144.0 84.0 no
1444.0 20840.0 268.0 100.0 such
1760.0 20831.0 320.0 108.0 tlilnz
2128.0 20867.0 120.0 72.0 as
2292.0 20867.0 68.0 76.0 a
2404.0 20844.0 436.0 108.0 regular
2912.0 20840.0 324.0 108.0 order
3332.0 20867.0 148.0 76.0 on
3592.0 20848.0 452.0 112.0 general

1264.0 20951.0 208.0 100.0 lilo.
1600.0 20955.0 344.0 100.0 Some
1988.0 20955.0 120.0 100.0 of
2156.0 20960.0 184.0 96.0 the
2384.0 20964.0 508.0 96.0 senators
2956.0 20979.0 288.0 80.0 vvero
3296.0 20960.0 464.0 108.0 favored
3804.0 20964.0 240.0 104.0 and

1256.0 21063.0 328.0 104.0 could
1632.0 21075.0 184.0 104.0 get
1860.0 21067.0 268.0 104.0 theli
2192.0 21067.0 248.0 104.0 bills
2488.0 21096.0 148.0 100.0 up
2680.0 21088.0 112.0 84.0 at
2860.0 21071.0 224.0 104.0 will
3100.0 21143.0 24.0 52.0 ,
3176.0 21075.0 228.0 100.0 and
3452.0 21080.0 308.0 100.0 there
3812.0 21103.0 228.0 76.0 was

1268.0 21204.0 148.0 76.0 no
1460.0 21204.0 392.0 80.0 reason
1920.0 21187.0 256.0 116.0 why
2228.0 21183.0 344.0 104.0 house
2612.0 21187.0 208.0 104.0 roll
2856.0 21191.0 188.0 100.0 317
3104.0 21187.0 408.0 108.0 should
3604.0 21204.0 204.0 92.0 not
3912.0 21195.0 132.0 100.0 be

1264.0 21296.0 660.0 104.0 considered
1952.0 21303.0 112.0 96.0 at
2096.0 21323.0 308.0 80.0 once.
2792.0 21355.0 48.0 44.0 v

1388.0 21412.0 180.0 100.0 Mr
1568.0 21479.0 24.0 36.0 ,
1652.0 21412.0 500.0 104.0 Kobblns
2196.0 21416.0 240.0 104.0 Mild
2488.0 21416.0 308.0 108.0 there
2844.0 21443.0 228.0 80.0 was
3120.0 21443.0 152.0 76.0 no
3316.0 21448.0 400.0 80.0 reason
3788.0 21423.0 264.0 120.0 why

1284.0 21528.0 224.0 100.0 this
1784.0 21528.0 192.0 100.0 bill
2276.0 21532.0 400.0 104.0 should
3016.0 21536.0 132.0 100.0 bo
3472.0 21540.0 576.0 104.0 advanced

1272.0 21643.0 324.0 100.0 when
1648.0 21643.0 308.0 100.0 there
2000.0 21667.0 184.0 76.0 are
2252.0 21643.0 236.0 104.0 halt
2532.0 21671.0 64.0 76.0 a
2640.0 21647.0 348.0 100.0 docn
3080.0 21671.0 300.0 80.0 more
3436.0 21652.0 616.0 120.0 Impmtant

1272.0 21759.0 256.0 100.0 bills
1652.0 21759.0 536.0 116.0 claiming
2304.0 21759.0 820.0 104.0 consideration
3260.0 21767.0 264.0 100.0 first.
3712.0 21772.0 348.0 100.0 Other

1272.0 21875.0 764.0 124.0 pioposltlons
2120.0 21875.0 400.0 100.0 should
2608.0 21879.0 128.0 100.0 bo
2820.0 21875.0 656.0 108.0 considered
3564.0 21883.0 244.0 100.0 that
3868.0 21887.0 192.0 100.0 the

1268.0 21995.0 292.0 96.0 state
1604.0 21991.0 360.0 104.0 might
2040.0 21995.0 408.0 96.0 choose
2528.0 21991.0 188.0 100.0 the
2824.0 21999.0 292.0 96.0 most
3220.0 21995.0 560.0 104.0 favorable
3844.0 22024.0 216.0 80.0 QUO

1268.0 22104.0 480.0 108.0 oiferlng
1852.0 22108.0 188.0 100.0 thu
2128.0 22112.0 288.0 96.0 most
2488.0 22131.0 436.0 92.0 money.
3052.0 22108.0 280.0 104.0 This
3416.0 22112.0 644.0 116.0 legislature

1280.0 22247.0 228.0 76.0 was
1628.0 22220.0 608.0 124.0 proposing
2360.0 22232.0 112.0 92.0 to
2592.0 22247.0 256.0 104.0 pass
2972.0 22228.0 900.0 124.0 appropriations
3996.0 22259.0 68.0 76.0 a

1276.0 22335.0 428.0 104.0 million
1756.0 22339.0 224.0 100.0 and
2028.0 22367.0 64.0 72.0 a
2140.0 22335.0 236.0 104.0 half
2428.0 22339.0 112.0 104.0 In
2592.0 22367.0 384.0 80.0 excess
3016.0 22344.0 124.0 100.0 of
3224.0 22344.0 316.0 104.0 those
3600.0 22348.0 120.0 100.0 of
3812.0 22371.0 248.0 100.0 pie-

1284.0 22479.0 44.0 80.0 v
1360.0 22455.0 248.0 100.0 Ions
1652.0 22455.0 732.0 120.0 legislatures.

1388.0 22571.0 208.0 108.0 Mr.
1696.0 22559.0 720.0 120.0 Vandemark
2504.0 22571.0 236.0 104.0 said
2816.0 22603.0 64.0 72.0 a
2944.0 22575.0 492.0 112.0 peculiar
3496.0 22575.0 376.0 108.0 streak
3940.0 22583.0 124.0 96.0 of

1272.0 22712.0 540.0 84.0 economy
1860.0 22683.0 216.0 108.0 bad
2120.0 22716.0 316.0 76.0 come
2480.0 22716.0 264.0 80.0 over
2788.0 22695.0 188.0 100.0 the
3016.0 22695.0 684.0 108.0 centluuian.

1384.0 22803.0 204.0 108.0 Mr.
1648.0 22803.0 692.0 128.0 Melklujohn
2396.0 22807.0 456.0 104.0 favored
2900.0 22807.0 184.0 108.0 thu
3172.0 22811.0 192.0 100.0 bill
3440.0 22836.0 128.0 76.0 us
3656.0 22811.0 400.0 124.0 passed

1264.0 22920.0 140.0 120.0 by
1456.0 22924.0 188.0 100.0 the
1684.0 22920.0 376.0 108.0 house.
2188.0 22924.0 248.0 100.0 The
2480.0 22924.0 508.0 104.0 methods
3072.0 22927.0 492.0 104.0 resoitcd
3616.0 22931.0 112.0 96.0 to
3776.0 22956.0 284.0 76.0 weio

1272.0 23036.0 380.0 140.0 purely
1704.0 23047.0 116.0 92.0 to
1860.0 23040.0 376.0 104.0 defeat
2288.0 23040.0 188.0 104.0 the
2564.0 23040.0 188.0 104.0 bill
2844.0 23044.0 116.0 100.0 In
3048.0 23044.0 188.0 100.0 the
3324.0 23051.0 424.0 100.0 senate.
3880.0 23044.0 180.0 104.0 Ho

1272.0 23143.0 356.0 124.0 Imped
1676.0 23160.0 204.0 100.0 Mr.
1932.0 23156.0 540.0 120.0 Conner's
2524.0 23156.0 420.0 104.0 motion
3004.0 23160.0 368.0 100.0 would
3420.0 23160.0 456.0 108.0 prevail.

1396.0 23255.0 200.0 116.0 Mr.
1688.0 23275.0 436.0 112.0 Conger
2208.0 23275.0 348.0 100.0 spoke
2640.0 23275.0 124.0 100.0 of
2872.0 23280.0 188.0 100.0 thu
3144.0 23280.0 692.0 116.0 advantages
3940.0 23280.0 124.0 100.0 of

1276.0 23379.0 384.0 104.0 Grand
1712.0 23383.0 416.0 108.0 Island.
2252.0 23375.0 364.0 120.0 There
2660.0 23415.0 292.0 80.0 were
3032.0 23391.0 528.0 124.0 probably
3616.0 23415.0 144.0 76.0 no
3844.0 23391.0 180.0 104.0 bet

1280.0 23495.0 168.0 96.0 ter
1488.0 23503.0 496.0 104.0 grounds
2028.0 23507.0 172.0 96.0 for
2284.0 23507.0 188.0 100.0 the
2556.0 23511.0 324.0 100.0 home
2972.0 23507.0 112.0 104.0 In
3168.0 23507.0 192.0 104.0 the
3444.0 23519.0 288.0 92.0 state
3736.0 23583.0 28.0 44.0 ,
3836.0 23507.0 224.0 104.0 and

1284.0 23608.0 264.0 116.0 they
1600.0 23612.0 320.0 100.0 could
1972.0 23627.0 192.0 84.0 not
2212.0 23616.0 124.0 104.0 be
2380.0 23623.0 612.0 120.0 purchased
3044.0 23623.0 160.0 104.0 foi
3284.0 23623.0 220.0 104.0 less
3556.0 23623.0 264.0 104.0 than
3868.0 23627.0 200.0 104.0 830

1296.0 23743.0 184.0 80.0 per
1520.0 23747.0 292.0 80.0 acre.
1940.0 23723.0 280.0 108.0 This
2308.0 23755.0 228.0 80.0 was
2636.0 23736.0 188.0 104.0 the
2924.0 23739.0 504.0 104.0 soldiers'
3540.0 23739.0 516.0 112.0 location.

1316.0 23831.0 284.0 124.0 Ihey
1704.0 23839.0 280.0 100.0 have
2088.0 23843.0 308.0 104.0 ofti-n
2508.0 23848.0 276.0 104.0 been
2896.0 23856.0 344.0 104.0 tlure.
3376.0 23856.0 104.0 104.0 It
3568.0 23863.0 96.0 100.0 Is
3768.0 23863.0 296.0 100.0 their

1284.0 23951.0 408.0 100.0 choice.
1816.0 23951.0 24.0 44.0 '
1848.0 23951.0 44.0 104.0 1
1924.0 23951.0 172.0 104.0 his
2148.0 23959.0 188.0 100.0 bill
2384.0 23967.0 392.0 112.0 passed
2820.0 23967.0 184.0 108.0 the
3052.0 23972.0 344.0 104.0 house
3444.0 23976.0 116.0 120.0 by
3620.0 23976.0 396.0 124.0 ninety
4032.0 24023.0 32.0 32.0 *

1292.0 24063.0 252.0 100.0 four
1592.0 24067.0 304.0 100.0 votes
1896.0 24140.0 28.0 44.0 ,
1984.0 24067.0 356.0 104.0 which
2420.0 24075.0 448.0 104.0 showed
2952.0 24107.0 140.0 76.0 an
3184.0 24092.0 876.0 116.0 overwhelming

1288.0 24180.0 616.0 104.0 sentiment
2008.0 24184.0 176.0 100.0 for
2284.0 24187.0 376.0 104.0 Grand
2752.0 24191.0 408.0 108.0 Island.
3400.0 24203.0 368.0 104.0 There
3836.0 24235.0 228.0 80.0 was

1292.0 24296.0 396.0 100.0 hardlv
1732.0 24323.0 64.0 72.0 a
1840.0 24300.0 68.0 100.0 d
1968.0 24304.0 508.0 112.0 Sbontlng
2564.0 24300.0 336.0 116.0 voice.
3060.0 24311.0 104.0 100.0 It
3268.0 24336.0 176.0 80.0 wo
3524.0 24323.0 376.0 104.0 defeat
3968.0 24327.0 92.0 104.0 It

1288.0 24407.0 260.0 104.0 here
1596.0 24411.0 84.0 104.0 It
1732.0 24411.0 224.0 104.0 will
2004.0 24424.0 196.0 108.0 put
2244.0 24447.0 60.0 72.0 a
2352.0 24407.0 320.0 116.0 cloud
2720.0 24443.0 264.0 84.0 over
3028.0 24424.0 88.0 104.0 It
3184.0 24428.0 236.0 104.0 that
3488.0 24435.0 184.0 104.0 the
3716.0 24439.0 344.0 104.0 house

1288.0 24527.0 228.0 100.0 will
1572.0 24531.0 192.0 100.0 not
1808.0 24527.0 296.0 104.0 clear
2144.0 24559.0 152.0 72.0 aw
2324.0 24559.0 168.0 96.0 ay.
2616.0 24535.0 368.0 104.0 There
3032.0 24540.0 92.0 104.0 Is
3176.0 24551.0 476.0 112.0 nothing
3688.0 24563.0 376.0 100.0 meant

1292.0 24639.0 116.0 104.0 In
1460.0 24643.0 224.0 104.0 this
1736.0 24643.0 740.0 128.0 pettifogging
2548.0 24651.0 188.0 104.0 but
2780.0 24655.0 356.0 124.0 delay.
3268.0 24655.0 56.0 104.0 1
3376.0 24672.0 304.0 96.0 want
3724.0 24668.0 84.0 100.0 it
3852.0 24672.0 172.0 100.0 dis-

1292.0 24759.0 404.0 120.0 tinctly
1796.0 24759.0 672.0 108.0 understood
2556.0 24771.0 236.0 104.0 that
2868.0 24771.0 188.0 104.0 the
3140.0 24771.0 484.0 108.0 location
3692.0 24788.0 124.0 96.0 of
3880.0 24788.0 188.0 100.0 the

1288.0 24872.0 500.0 108.0 soldiers'
1880.0 24875.0 324.0 104.0 homo
2292.0 24879.0 92.0 104.0 Is
2468.0 24891.0 196.0 96.0 not
2752.0 24891.0 176.0 100.0 for
3008.0 24887.0 264.0 108.0 sale.
3420.0 24891.0 392.0 108.0 Whcro
3880.0 24903.0 188.0 100.0 the

1292.0 24988.0 388.0 116.0 people
1732.0 24996.0 304.0 96.0 want
2084.0 24992.0 80.0 104.0 It
2212.0 24992.0 84.0 104.0 It
2352.0 24983.0 388.0 124.0 should
2792.0 25032.0 168.0 80.0 1:0.

1412.0 25095.0 220.0 116.0 Mr.
1696.0 25107.0 416.0 116.0 Majors
2164.0 25135.0 224.0 76.0 was
2432.0 25139.0 312.0 96.0 sorry
2792.0 25131.0 112.0 88.0 to
2948.0 25147.0 180.0 80.0 see
3172.0 25147.0 224.0 88.0 any
3444.0 25123.0 620.0 108.0 exhibition

1292.0 25215.0 124.0 100.0 of
1504.0 25227.0 424.0 112.0 temper
1964.0 25243.0 140.0 80.0 on
2156.0 25227.0 184.0 100.0 the
2388.0 25243.0 240.0 108.0 part
2708.0 25240.0 124.0 96.0 of
2936.0 25240.0 176.0 104.0 his
3160.0 25240.0 484.0 124.0 military
3696.0 25243.0 372.0 108.0 friend

1296.0 25331.0 284.0 100.0 ftom
1632.0 25335.0 184.0 100.0 the
1884.0 25339.0 284.0 104.0 sand
2224.0 25343.0 188.0 100.0 bar
2448.0 25343.0 464.0 112.0 district.
3036.0 25356.0 240.0 104.0 The
3340.0 25363.0 548.0 112.0 senators.
3940.0 25363.0 120.0 104.0 In-

1292.0 25447.0 828.0 108.0 consideration
2168.0 25455.0 120.0 100.0 of
2332.0 25455.0 220.0 104.0 this
2596.0 25467.0 504.0 112.0 question
3116.0 25543.0 24.0 40.0 ,
3176.0 25471.0 216.0 104.0 had
3444.0 25484.0 196.0 96.0 not
3688.0 25484.0 380.0 96.0 struck

1292.0 25571.0 112.0 96.0 at
1452.0 25564.0 188.0 104.0 the
1728.0 25567.0 380.0 108.0 merits
2192.0 25571.0 124.0 100.0 of
2420.0 25575.0 120.0 100.0 It.
2664.0 25579.0 24.0 40.0 '
2688.0 25579.0 48.0 100.0 1
2768.0 25587.0 132.0 92.0 ho
2948.0 25587.0 384.0 124.0 people
3380.0 25615.0 292.0 80.0 were
3712.0 25595.0 360.0 104.0 called

1288.0 25691.0 304.0 140.0 Jipon
1708.0 25695.0 116.0 92.0 to
1908.0 25684.0 352.0 108.0 li/cate
2300.0 25715.0 64.0 76.0 a
2416.0 25695.0 316.0 100.0 homo
2824.0 25699.0 168.0 104.0 tor
3036.0 25720.0 456.0 92.0 veteran
3556.0 25707.0 508.0 108.0 soldiers.

1312.0 25799.0 48.0 96.0 I
1396.0 25799.0 136.0 96.0 he
1580.0 25804.0 588.0 116.0 taxpayers
2216.0 25827.0 284.0 80.0 vvero
2536.0 25808.0 352.0 108.0 called
2936.0 25839.0 296.0 100.0 upon
3276.0 25823.0 176.0 100.0 for
3488.0 25844.0 144.0 80.0 an
3684.0 25851.0 388.0 96.0 anpro-

1296.0 25911.0 480.0 108.0 Dilation
1864.0 25919.0 556.0 104.0 sulllclcnt
2508.0 25928.0 112.0 96.0 to
2704.0 25928.0 324.0 108.0 make
3068.0 25935.0 240.0 104.0 that
3372.0 25935.0 332.0 104.0 homo
3760.0 25968.0 240.0 80.0 com

1296.0 26027.0 500.0 108.0 fortable.
1920.0 26035.0 68.0 104.0 'I
2032.0 26035.0 184.0 104.0 hat
2264.0 26035.0 96.0 104.0 Is
2412.0 26039.0 180.0 100.0 thu
2636.0 26048.0 508.0 116.0 question
3276.0 26059.0 196.0 92.0 not
3520.0 26055.0 240.0 104.0 that
3808.0 26059.0 92.0 100.0 It
3940.0 26063.0 132.0 100.0 bo

1288.0 26139.0 428.0 112.0 located
1824.0 26155.0 112.0 96.0 at
2036.0 26151.0 388.0 108.0 Grand
2512.0 26155.0 376.0 108.0 Island
2904.0 26231.0 24.0 44.0 ,
3016.0 26163.0 460.0 104.0 Mllford
3588.0 26195.0 132.0 80.0 or
3804.0 26172.0 272.0 120.0 Wy-

1292.0 26283.0 336.0 84.0 nioie.
1884.0 26263.0 100.0 108.0 It
2068.0 26271.0 396.0 100.0 should
2536.0 26271.0 236.0 108.0 first
2880.0 26279.0 132.0 100.0 Iw
3072.0 26279.0 696.0 108.0 determined
3832.0 26292.0 248.0 104.0 that

1292.0 26379.0 192.0 104.0 the
1576.0 26383.0 524.0 108.0 financial
2188.0 26387.0 576.0 108.0 condition
2836.0 26395.0 124.0 96.0 of
3060.0 26395.0 192.0 100.0 the
3328.0 26403.0 292.0 96.0 state
3708.0 26407.0 364.0 104.0 would

1284.0 26496.0 416.0 144.0 Justify
1748.0 26523.0 140.0 80.0 an
1980.0 26503.0 832.0 136.0 appropriation
2892.0 26503.0 120.0 112.0 of
3076.0 26507.0 244.0 108.0 that
3404.0 26511.0 312.0 104.0 kind.
3904.0 26519.0 168.0 104.0 He

1288.0 26607.0 368.0 112.0 would
1708.0 26620.0 324.0 104.0 favor
2116.0 26623.0 388.0 104.0 Grand
2596.0 26620.0 384.0 108.0 Island
3048.0 26623.0 92.0 104.0 If
3204.0 26627.0 240.0 104.0 that
3532.0 26631.0 324.0 104.0 could
3944.0 26635.0 132.0 104.0 be

1288.0 26731.0 288.0 104.0 show
1608.0 26759.0 72.0 80.0 n
1732.0 26740.0 112.0 100.0 to
1892.0 26735.0 132.0 104.0 be
2068.0 26740.0 188.0 104.0 the
2300.0 26735.0 240.0 104.0 best
2584.0 26735.0 344.0 120.0 place.
3052.0 26740.0 244.0 104.0 The
3340.0 26740.0 320.0 108.0 other
3692.0 26771.0 344.0 104.0 propo-

1292.0 26843.0 404.0 112.0 sitions
1736.0 26855.0 400.0 108.0 should
2188.0 26860.0 236.0 100.0 first
2464.0 26855.0 136.0 104.0 bo
2640.0 26847.0 688.0 116.0 considered.
3452.0 26855.0 240.0 108.0 The
3740.0 26887.0 340.0 80.0 anai-

1300.0 26971.0 304.0 92.0 meut
1644.0 26971.0 120.0 100.0 ot
1828.0 26975.0 188.0 100.0 the
2092.0 26971.0 648.0 120.0 centlcman
2856.0 26975.0 284.0 100.0 from
3228.0 26971.0 544.0 108.0 Sherman
3848.0 27003.0 192.0 92.0 pre-

1296.0 27083.0 544.0 108.0 supposed
1924.0 27091.0 244.0 100.0 that
2252.0 27091.0 380.0 104.0 Grand
2728.0 27083.0 384.0 112.0 Island
3200.0 27111.0 232.0 84.0 was
3552.0 27095.0 196.0 96.0 the
3804.0 27095.0 272.0 116.0 only

1300.0 27192.0 336.0 112.0 place.
1768.0 27195.0 172.0 108.0 He
1980.0 27207.0 496.0 108.0 believed
2520.0 27207.0 84.0 108.0 It
2656.0 27235.0 228.0 80.0 was
2936.0 27232.0 396.0 108.0 proper
3376.0 27211.0 112.0 100.0 to
3540.0 27207.0 540.0 108.0 tc.kocaro

1296.0 27312.0 120.0 84.0 01
1484.0 27312.0 184.0 88.0 the
1712.0 27312.0 172.0 100.0 old
1936.0 27327.0 512.0 100.0 veterans
2496.0 27327.0 252.0 104.0 who
2792.0 27319.0 320.0 108.0 made
3192.0 27323.0 228.0 104.0 this
3464.0 27331.0 480.0 120.0 country
4008.0 27355.0 68.0 76.0 a

1300.0 27415.0 656.0 116.0 Possibility.
2136.0 27435.0 168.0 104.0 He
2352.0 27467.0 228.0 76.0 was
2624.0 27455.0 200.0 92.0 not
2864.0 27467.0 260.0 80.0 sute
3128.0 27516.0 28.0 48.0 ,
3208.0 27439.0 528.0 108.0 however
3736.0 27516.0 40.0 52.0 *
3836.0 27435.0 240.0 116.0 that

1304.0 27535.0 148.0 92.0 'jr
1532.0 27531.0 148.0 100.0 nd
1740.0 27527.0 372.0 120.0 Isfund
2156.0 27571.0 228.0 84.0 was
2428.0 27559.0 188.0 100.0 the
2656.0 27579.0 396.0 104.0 proper
3096.0 27556.0 340.0 124.0 place.

1412.0 27639.0 204.0 112.0 Mr.
1660.0 27647.0 492.0 128.0 Sterling
2196.0 27667.0 468.0 120.0 thought
2704.0 27679.0 188.0 96.0 the
2936.0 27676.0 272.0 104.0 time
3252.0 27676.0 116.0 112.0 In
3408.0 27671.0 188.0 104.0 the
3640.0 27671.0 428.0 108.0 session

1296.0 27751.0 220.0 112.0 bad
1560.0 27767.0 424.0 108.0 arrived
2036.0 27779.0 320.0 104.0 when
2408.0 27783.0 192.0 104.0 the
2632.0 27787.0 404.0 104.0 claims
3080.0 27796.0 180.0 100.0 for
3340.0 27791.0 552.0 128.0 adhering
3960.0 27796.0 116.0 108.0 to

1300.0 27871.0 56.0 108.0 k
1404.0 27880.0 440.0 112.0 n-Kular
1888.0 27887.0 324.0 108.0 order
2260.0 27895.0 396.0 104.0 should
2704.0 27907.0 200.0 100.0 not
2948.0 27903.0 296.0 108.0 hold.

1400.0 28004.0 188.0 160.0 pr
1584.0 28063.0 32.0 56.0 ,
1664.0 27995.0 352.0 144.0 toll/
2056.0 28004.0 248.0 116.0 said
2348.0 28011.0 244.0 120.0 Utl
2428.0 28035.0 40.0 108.0 )
2636.0 28015.0 324.0 116.0 when
3004.0 28023.0 192.0 104.0 the
3260.0 28031.0 292.0 100.0 tute
3612.0 28023.0 280.0 112.0 offer
3892.0 28063.0 60.0 68.0 *
4012.0 28051.0 68.0 80.0 a

1856.0 28619.0 80.0 44.0 k-
2024.0 28652.0 28.0 12.0 .
2204.0 28627.0 32.0 36.0 =
2320.0 28603.0 84.0 60.0 ili
2480.0 28575.0 148.0 88.0 Jii

4148.0 2748.0 320.0 96.0 home
4520.0 2752.0 112.0 88.0 to
4680.0 2744.0 184.0 100.0 the
4912.0 2736.0 176.0 116.0 old
5144.0 2740.0 468.0 108.0 soldiers
5660.0 2748.0 224.0 104.0 and
5936.0 2740.0 396.0 112.0 sailors
6380.0 2748.0 220.0 104.0 and
6660.0 2744.0 292.0 108.0 their

4148.0 2860.0 484.0 112.0 faiuijiis
4640.0 2932.0 24.0 44.0 ,
4724.0 2860.0 240.0 116.0 they
5032.0 2860.0 396.0 104.0 should
5480.0 2868.0 128.0 96.0 be
5688.0 2868.0 588.0 116.0 permitted
6332.0 2872.0 620.0 108.0 tocxpiou

4144.0 2972.0 600.0 104.0 tlielrluvv
4772.0 3004.0 24.0 44.0 <
4800.0 2996.0 56.0 80.0 t.
5024.0 2972.0 316.0 104.0 Thi'V
5420.0 2980.0 216.0 104.0 had
5712.0 2988.0 192.0 92.0 not
5952.0 2980.0 596.0 124.0 expressed
6612.0 2988.0 296.0 96.0 themselves
6920.0 3024.0 40.0 32.0 -

4148.0 3088.0 360.0 100.0 solves
4560.0 3088.0 108.0 104.0 In
4732.0 3092.0 480.0 100.0 fivorof
5276.0 3092.0 388.0 104.0 Grand
5740.0 3080.0 388.0 120.0 Island
6176.0 3124.0 120.0 76.0 or
6364.0 3120.0 220.0 96.0 any
6636.0 3100.0 320.0 100.0 other

4152.0 3200.0 476.0 104.0 location
4648.0 3272.0 24.0 36.0 ,
4848.0 3204.0 164.0 112.0 llu
5064.0 3212.0 160.0 104.0 the
5264.0 3232.0 64.0 80.0 n
5384.0 3212.0 372.0 100.0 tilled
5808.0 3220.0 112.0 96.0 at
5972.0 3212.0 384.0 104.0 Ii-iuth
6412.0 3236.0 300.0 96.0 upon
6764.0 3216.0 192.0 100.0 the

4148.0 3320.0 512.0 120.0 question
4680.0 3392.0 24.0 48.0 ,
4756.0 3320.0 336.0 112.0 bcliu
5184.0 3328.0 632.0 124.0 repeatedly
5912.0 3332.0 696.0 120.0 Interiupted
6680.0 3328.0 272.0 104.0 with

4152.0 3440.0 188.0 100.0 the
4384.0 3436.0 404.0 124.0 charge
4832.0 3440.0 124.0 104.0 of
5024.0 3436.0 440.0 120.0 talking
5512.0 3452.0 444.0 100.0 against
6004.0 3448.0 320.0 100.0 time.

4272.0 3552.0 188.0 104.0 All
4556.0 3556.0 180.0 104.0 the
4840.0 3576.0 640.0 108.0 opponents
5564.0 3560.0 120.0 104.0 of
5756.0 3564.0 184.0 100.0 thu
5984.0 3560.0 196.0 104.0 bill
6272.0 3560.0 348.0 124.0 spoke
6688.0 3556.0 268.0 112.0 long

4156.0 3672.0 220.0 100.0 and
4428.0 3672.0 312.0 104.0 often
4800.0 3696.0 292.0 104.0 upon
5188.0 3684.0 188.0 96.0 the
5460.0 3680.0 516.0 120.0 question
6028.0 3680.0 124.0 100.0 of
6220.0 3676.0 476.0 104.0 location
6716.0 3744.0 24.0 44.0 ,
6812.0 3676.0 104.0 100.0 al-

4160.0 3788.0 420.0 104.0 though
4692.0 3792.0 188.0 100.0 the
4988.0 3796.0 516.0 120.0 question
5612.0 3820.0 224.0 76.0 was
5916.0 3792.0 504.0 104.0 whether
6504.0 3792.0 188.0 100.0 the
6760.0 3788.0 192.0 104.0 bill

4160.0 3904.0 396.0 100.0 should
4604.0 3904.0 132.0 104.0 bo
4784.0 3908.0 652.0 104.0 considered
5488.0 3912.0 112.0 100.0 at
5676.0 3932.0 276.0 80.0 once
6036.0 3908.0 224.0 100.0 and
6352.0 3904.0 336.0 104.0 taken
6760.0 3916.0 200.0 92.0 out

4160.0 4024.0 120.0 96.0 of
4348.0 4020.0 144.0 100.0 Its
4544.0 4024.0 436.0 120.0 regular
5020.0 4028.0 324.0 100.0 order
5396.0 4028.0 172.0 96.0 for
5612.0 4024.0 240.0 104.0 that
5896.0 4044.0 508.0 104.0 purpose.
6524.0 4020.0 428.0 104.0 Motion

4160.0 4140.0 292.0 96.0 after
4496.0 4140.0 420.0 104.0 motion
4976.0 4164.0 228.0 76.0 was
5252.0 4140.0 320.0 100.0 undo
5580.0 4212.0 24.0 44.0 ,
5660.0 4164.0 296.0 116.0 upon
6040.0 4140.0 364.0 100.0 which
6492.0 4140.0 188.0 100.0 the
6764.0 4136.0 196.0 100.0 fill-

4164.0 4252.0 432.0 100.0 blisters-
4696.0 4260.0 268.0 96.0 each
5072.0 4256.0 352.0 112.0 spoke
5528.0 4240.0 292.0 116.0 until
5908.0 4252.0 268.0 104.0 tlmo
6244.0 4280.0 228.0 76.0 was
6556.0 4252.0 352.0 104.0 called
6924.0 4324.0 24.0 48.0 ,

4160.0 4368.0 416.0 112.0 during
4628.0 4372.0 360.0 100.0 which
5044.0 4372.0 184.0 100.0 thu
5276.0 4372.0 192.0 100.0 bill
5524.0 4368.0 836.0 108.0 wasdlscussed
6404.0 4380.0 112.0 92.0 to
6580.0 4372.0 332.0 100.0 death
6924.0 4440.0 28.0 44.0 ,

4164.0 4484.0 196.0 100.0 but
4404.0 4492.0 320.0 92.0 when
4780.0 4516.0 64.0 68.0 a
4896.0 4488.0 416.0 100.0 motion
5372.0 4488.0 172.0 100.0 for
5588.0 4492.0 188.0 96.0 the
5816.0 4488.0 644.0 104.0 committee
6508.0 4488.0 112.0 104.0 to
6668.0 4488.0 292.0 100.0 arise

4164.0 4624.0 232.0 76.0 was
4440.0 4600.0 416.0 100.0 carried
4916.0 4604.0 184.0 100.0 thu
5148.0 4608.0 636.0 96.0 committee
5864.0 4604.0 216.0 100.0 had
6172.0 4624.0 148.0 80.0 no
6404.0 4608.0 376.0 116.0 report
6844.0 4608.0 116.0 96.0 to

4168.0 4716.0 328.0 100.0 make
4500.0 4788.0 24.0 44.0 ,
4576.0 4744.0 128.0 72.0 or
4708.0 4784.0 28.0 48.0 ,
4784.0 4716.0 116.0 100.0 In
4952.0 4716.0 320.0 104.0 other
5312.0 4719.0 360.0 100.0 words
5680.0 4792.0 28.0 48.0 ,
5748.0 4716.0 184.0 104.0 the
5964.0 4719.0 360.0 100.0 whole
6352.0 4719.0 600.0 100.0 afternoon

4168.0 4832.0 212.0 100.0 bad
4436.0 4832.0 272.0 100.0 been
4764.0 4844.0 332.0 108.0 spent
5180.0 4836.0 116.0 100.0 In
5356.0 4832.0 744.0 120.0 fillbiist'-rlng
6176.0 4836.0 220.0 100.0 and
6512.0 4832.0 444.0 104.0 talking

4168.0 4948.0 448.0 116.0 amlnst
4720.0 4952.0 268.0 100.0 tlmo
5096.0 4948.0 476.0 104.0 without
5680.0 4948.0 884.0 128.0 accomplishing
6672.0 4972.0 204.0 100.0 any

4168.0 5068.0 372.0 112.0 thing.

4292.0 5176.0 356.0 104.0 When
4724.0 5180.0 188.0 104.0 the
4992.0 5180.0 644.0 108.0 committee
5724.0 5207.0 324.0 80.0 arose
6156.0 5180.0 204.0 108.0 Sir.
6460.0 5176.0 504.0 120.0 Sterling

4172.0 5308.0 392.0 92.0 moved
4616.0 5296.0 244.0 104.0 that
4908.0 5300.0 344.0 100.0 house
5300.0 5300.0 204.0 100.0 toll
5548.0 5304.0 180.0 96.0 217
5776.0 5300.0 132.0 96.0 ho
5956.0 5296.0 340.0 104.0 taken
6396.0 5300.0 284.0 100.0 from
6768.0 5296.0 192.0 100.0 the

4172.0 5408.0 448.0 124.0 general
4672.0 5416.0 180.0 100.0 file
4896.0 5416.0 224.0 104.0 and
5164.0 5411.0 660.0 104.0 considered
5872.0 5416.0 140.0 120.0 by
6056.0 5416.0 188.0 100.0 tbo
6288.0 5420.0 424.0 96.0 senate.

4292.0 5528.0 172.0 100.0 Mr
4480.0 5600.0 24.0 44.0 ,
4560.0 5528.0 448.0 128.0 Conger
5064.0 5532.0 356.0 100.0 called
5516.0 5536.0 176.0 96.0 for
5776.0 5532.0 188.0 100.0 thu
6052.0 5532.0 520.0 120.0 previous
6648.0 5552.0 316.0 100.0 quo-

4172.0 5640.0 232.0 104.0 tlon
4420.0 5716.0 24.0 44.0 ,
4504.0 5628.0 360.0 124.0 which
4920.0 5668.0 228.0 84.0 vviis
5196.0 5676.0 224.0 76.0 can
5452.0 5644.0 168.0 104.0 led
5632.0 5720.0 24.0 40.0 ,
5708.0 5672.0 120.0 76.0 as
5904.0 5672.0 224.0 80.0 was
6220.0 5648.0 240.0 100.0 also
6548.0 5640.0 240.0 108.0 that
6836.0 5640.0 124.0 104.0 of

4172.0 5760.0 212.0 100.0 Mr.
4448.0 5764.0 504.0 120.0 Sterling
4960.0 5832.0 24.0 36.0 ,

4292.0 5876.0 204.0 104.0 Mr.
4564.0 5876.0 520.0 124.0 Llnlugei
5148.0 5876.0 268.0 108.0 then
5496.0 5876.0 392.0 108.0 moved
5984.0 5876.0 236.0 104.0 that
6312.0 5876.0 348.0 104.0 house
6744.0 5872.0 208.0 104.0 roll

4168.0 5996.0 180.0 92.0 'JIT
4392.0 5996.0 132.0 96.0 bo
4568.0 5992.0 460.0 104.0 ordered
5084.0 6004.0 112.0 92.0 to
5244.0 6004.0 28.0 92.0 (
5296.0 6000.0 248.0 100.0 bird
5592.0 5996.0 464.0 120.0 icidlng
6104.0 5996.0 224.0 100.0 and
6380.0 5988.0 352.0 108.0 called
6788.0 5996.0 176.0 96.0 for

4176.0 6108.0 188.0 104.0 thu
4412.0 6112.0 516.0 104.0 previous
4956.0 6116.0 556.0 120.0 question.
5644.0 6112.0 76.0 100.0 'I
5752.0 6116.0 136.0 96.0 lie
5936.0 6120.0 224.0 92.0 two
6208.0 6108.0 756.0 128.0 propositions

4180.0 6252.0 288.0 76.0 were
4540.0 6228.0 324.0 100.0 voted
4936.0 6256.0 144.0 76.0 on
5172.0 6228.0 628.0 120.0 separately
5808.0 6300.0 28.0 40.0 ,
5924.0 6228.0 240.0 100.0 Ihat
6252.0 6228.0 124.0 96.0 of
6464.0 6228.0 184.0 100.0 the
6736.0 6248.0 232.0 80.0 iiie-

4176.0 6368.0 44.0 76.0 v
4256.0 6340.0 240.0 104.0 Ions
4536.0 6347.0 520.0 108.0 question
5112.0 6344.0 332.0 120.0 being
5488.0 6344.0 428.0 104.0 carried
5964.0 6344.0 140.0 116.0 by
6152.0 6372.0 64.0 72.0 a
6296.0 6352.0 252.0 92.0 vote
6632.0 6347.0 116.0 92.0 of
6836.0 6344.0 124.0 92.0 2."i

4184.0 6464.0 108.0 100.0 to
4336.0 6464.0 84.0 100.0 7.
4548.0 6460.0 248.0 100.0 The
4844.0 6460.0 184.0 100.0 bill
5088.0 6488.0 228.0 76.0 was
5404.0 6460.0 264.0 104.0 then
5764.0 6464.0 468.0 96.0 ordered
6324.0 6467.0 112.0 92.0 to
6524.0 6484.0 60.0 76.0 a
6668.0 6452.0 296.0 104.0 third

4180.0 6572.0 468.0 128.0 leading
4696.0 6580.0 136.0 136.0 by
4880.0 6604.0 64.0 72.0 a
4992.0 6580.0 248.0 100.0 vote
5284.0 6580.0 120.0 96.0 of
5448.0 6584.0 116.0 92.0 80
5612.0 6580.0 112.0 100.0 to
5764.0 6580.0 60.0 96.0 0
5832.0 6652.0 20.0 44.0 ,
5928.0 6576.0 280.0 104.0 aftei
6316.0 6572.0 364.0 108.0 which
6768.0 6572.0 188.0 100.0 thu

4176.0 6700.0 392.0 92.0 senile
4608.0 6696.0 680.0 120.0 adjourned.

4292.0 6804.0 280.0 104.0 This
4624.0 6808.0 88.0 100.0 Is
4760.0 6840.0 64.0 68.0 a
4876.0 6808.0 212.0 100.0 fair
5152.0 6804.0 424.0 124.0 sample
5660.0 6808.0 124.0 96.0 of
5868.0 6804.0 252.0 104.0 how
6212.0 6828.0 172.0 76.0 six
6472.0 6800.0 496.0 104.0 obstiuc-

4180.0 6920.0 704.0 104.0 tlonistscan
4976.0 6928.0 312.0 100.0 cheat
5384.0 6932.0 188.0 88.0 the
5656.0 6928.0 288.0 92.0 state
6016.0 6920.0 200.0 100.0 out
6300.0 6915.0 120.0 100.0 of
6504.0 6944.0 64.0 72.0 a
6656.0 6924.0 308.0 100.0 great

4176.0 7035.0 244.0 100.0 deal
4468.0 7039.0 120.0 96.0 of
4636.0 7039.0 272.0 96.0 tlmo
4940.0 7035.0 224.0 104.0 and
5208.0 7039.0 320.0 96.0 deter
5572.0 7032.0 184.0 104.0 the
5800.0 7032.0 652.0 124.0 expression
6552.0 7035.0 120.0 92.0 ot
6764.0 7032.0 196.0 100.0 the

4180.0 7148.0 224.0 104.0 will
4452.0 7159.0 108.0 88.0 ot
4620.0 7180.0 64.0 68.0 a
4732.0 7152.0 296.0 120.0 largo
5120.0 7148.0 552.0 120.0 majority.
5804.0 7148.0 244.0 100.0 The
6140.0 7159.0 504.0 88.0 outcome
6732.0 7144.0 96.0 100.0 is
6896.0 7176.0 64.0 72.0 a

4176.0 7272.0 312.0 104.0 great
4536.0 7268.0 420.0 120.0 victory
5048.0 7268.0 176.0 96.0 for
5300.0 7260.0 384.0 104.0 Grand
5776.0 7260.0 420.0 104.0 Island.
6328.0 7264.0 244.0 100.0 The
6660.0 7260.0 296.0 112.0 light

4176.0 7403.0 228.0 76.0 was
4452.0 7376.0 184.0 104.0 the
4684.0 7380.0 444.0 104.0 longest
5172.0 7380.0 224.0 100.0 and
5444.0 7380.0 416.0 100.0 hottest
5900.0 7384.0 124.0 92.0 of
6056.0 7403.0 228.0 96.0 any
6312.0 7380.0 192.0 120.0 yet
6552.0 7376.0 400.0 124.0 fought

4200.0 7496.0 140.0 120.0 by
4388.0 7496.0 184.0 100.0 the
4616.0 7504.0 420.0 96.0 senate.

5356.0 7632.0 428.0 84.0 NOTTS.

4292.0 7724.0 204.0 108.0 Mr.
4560.0 7724.0 368.0 104.0 Fuller
4932.0 7800.0 24.0 44.0 ,
5016.0 7724.0 252.0 104.0 who
5312.0 7727.0 196.0 104.0 did
5580.0 7740.0 196.0 92.0 not
5832.0 7740.0 244.0 92.0 vote
6124.0 7752.0 148.0 76.0 on
6324.0 7724.0 192.0 104.0 the
6576.0 7752.0 348.0 100.0 propo-

4172.0 7851.0 340.0 112.0 sition
4568.0 7851.0 112.0 92.0 to
4728.0 7844.0 576.0 120.0 lavorably
5356.0 7844.0 708.0 104.0 iccomuicnd
6132.0 7851.0 392.0 96.0 senate
6612.0 7844.0 340.0 104.0 hie11

4176.0 7960.0 576.0 112.0 favorably
4760.0 8032.0 28.0 44.0 ,
4904.0 7960.0 332.0 104.0 voted
5320.0 7960.0 452.0 128.0 against
5876.0 7960.0 192.0 104.0 the
6152.0 7960.0 192.0 104.0 bill
6432.0 7980.0 148.0 84.0 on
6680.0 7960.0 268.0 104.0 final

4176.0 8100.0 472.0 100.0 passage
4692.0 8076.0 428.0 120.0 to-day.

4292.0 8188.0 240.0 104.0 The
4580.0 8192.0 516.0 120.0 g.illeilcs
5148.0 8219.0 288.0 76.0 were
5484.0 8192.0 212.0 104.0 full
5784.0 8196.0 116.0 100.0 to
5948.0 8196.0 216.0 100.0 dav
6252.0 8204.0 116.0 92.0 to
6456.0 8188.0 248.0 108.0 heai
6788.0 8188.0 188.0 108.0 the

4200.0 8304.0 376.0 108.0 ich.ito
4620.0 8336.0 144.0 76.0 on
4820.0 8312.0 188.0 108.0 the
5056.0 8312.0 504.0 104.0 soldiers'
5612.0 8316.0 328.0 100.0 homo
5984.0 8312.0 232.0 104.0 bill.

4308.0 8424.0 212.0 104.0 Ills
4588.0 8432.0 644.0 120.0 excellency
5240.0 8499.0 28.0 44.0 ,
5360.0 8432.0 188.0 100.0 the
5636.0 8456.0 548.0 80.0 uovurnor
6188.0 8503.0 24.0 40.0 ,
6308.0 8424.0 484.0 108.0 listened
6864.0 8432.0 112.0 100.0 to-

4308.0 8572.0 60.0 72.0 e
4416.0 8539.0 516.0 108.0 soldiers'
4988.0 8543.0 324.0 104.0 home
5344.0 8543.0 396.0 104.0 debate
5788.0 8548.0 224.0 100.0 this
6060.0 8556.0 640.0 96.0 attcrnoon.

4812.0 8756.0 184.0 92.0 Do
5016.0 8756.0 28.0 92.0 I
5068.0 8780.0 236.0 84.0 tics
5380.0 8756.0 124.0 96.0 In
5580.0 8760.0 220.0 92.0 the
5884.0 8756.0 460.0 100.0 House.

4304.0 8888.0 560.0 108.0 LINCOLN
4872.0 8964.0 24.0 44.0 ,
4972.0 8884.0 284.0 112.0 Neb.
5284.0 8964.0 24.0 52.0 ,
5384.0 8888.0 380.0 108.0 March
5916.0 8968.0 24.0 28.0 .
6092.0 8892.0 24.0 120.0 [
6136.0 8892.0 436.0 124.0 Special
6668.0 8892.0 316.0 104.0 Tele-

4184.0 9060.0 236.0 76.0 ram
4504.0 9036.0 112.0 100.0 to
4700.0 9036.0 188.0 100.0 the
4968.0 9036.0 296.0 100.0 Urn.
5284.0 9000.0 36.0 156.0 ]
5460.0 9036.0 172.0 100.0 On
5720.0 9064.0 68.0 72.0 a
5872.0 9031.0 616.0 104.0 resolution
6600.0 9036.0 144.0 120.0 by
6808.0 9036.0 184.0 100.0 Mr

4184.0 9172.0 400.0 124.0 Smyth
4660.0 9180.0 124.0 96.0 of
4876.0 9172.0 488.0 116.0 Doiulas
5376.0 9248.0 24.0 48.0 ,
5460.0 9176.0 112.0 100.0 In
5664.0 9176.0 188.0 100.0 thu
5944.0 9180.0 344.0 96.0 house
6292.0 9252.0 24.0 44.0 ,
6412.0 9172.0 324.0 108.0 Fred.
6860.0 9180.0 116.0 100.0 C.

4188.0 9315.0 280.0 104.0 Kick
4488.0 9315.0 108.0 100.0 In
4672.0 9320.0 228.0 100.0 and
4996.0 9311.0 268.0 108.0 13ert
5328.0 9320.0 456.0 100.0 Conner
5848.0 9344.0 288.0 76.0 vvero
6200.0 9315.0 388.0 124.0 placed
6680.0 9344.0 296.0 96.0 upon

4244.0 9464.0 132.0 96.0 lie
4464.0 9484.0 212.0 100.0 pay
4744.0 9456.0 200.0 108.0 roll
4960.0 9532.0 24.0 44.0 ,
5036.0 9460.0 188.0 100.0 the
5296.0 9460.0 312.0 104.0 lattoi
5668.0 9460.0 424.0 120.0 having
6136.0 9460.0 316.0 104.0 acted
6500.0 9484.0 124.0 80.0 as
6704.0 9488.0 284.0 100.0 page

4196.0 9599.0 296.0 104.0 since
4540.0 9604.0 188.0 100.0 the
4772.0 9599.0 500.0 124.0 opening
5320.0 9608.0 116.0 96.0 of
5484.0 9604.0 188.0 100.0 the
5720.0 9604.0 468.0 100.0 session.

4312.0 9744.0 212.0 104.0 Mr.
4592.0 9744.0 608.0 120.0 Eggleston
5240.0 9748.0 116.0 96.0 ot
5412.0 9744.0 592.0 104.0 Lancaster
6068.0 9744.0 396.0 104.0 moved
6512.0 9744.0 244.0 108.0 that
6800.0 9748.0 188.0 104.0 the

4252.0 9883.0 412.0 104.0 Jncoln
4716.0 9883.0 440.0 104.0 charter
5200.0 9883.0 132.0 104.0 bo
5404.0 9887.0 484.0 100.0 referred
5940.0 9892.0 116.0 96.0 to
6100.0 9887.0 188.0 100.0 the
6380.0 9887.0 612.0 104.0 Lancaster

4188.0 10024.0 668.0 124.0 delegation.
4988.0 10024.0 280.0 104.0 This
5316.0 10028.0 28.0 96.0 (
5352.0 10028.0 440.0 108.0 nought
5828.0 10028.0 204.0 104.0 Mr.
6088.0 10028.0 532.0 108.0 Caldwcll
6660.0 10032.0 116.0 100.0 to
6812.0 10032.0 176.0 100.0 his

4220.0 10171.0 200.0 100.0 'eet
4464.0 10167.0 268.0 104.0 with
4784.0 10171.0 188.0 100.0 the
5016.0 10167.0 284.0 124.0 hope
5348.0 10167.0 244.0 104.0 that
5676.0 10167.0 188.0 100.0 the
5952.0 10171.0 424.0 100.0 motion
6428.0 10171.0 560.0 104.0 wouldn't

4212.0 10308.0 428.0 124.0 prevail.
4712.0 10308.0 348.0 108.0 Their
5088.0 10308.0 640.0 116.0 delegation
5744.0 10384.0 20.0 48.0 ,
5808.0 10308.0 136.0 104.0 ho
5984.0 10335.0 228.0 76.0 was
6248.0 10340.0 312.0 96.0 sorry
6592.0 10316.0 112.0 96.0 to
6744.0 10340.0 200.0 92.0 say
6952.0 10388.0 28.0 48.0 ,

4212.0 10512.0 20.0 40.0 ,
4228.0 10476.0 192.0 76.0 vas
4540.0 10448.0 452.0 116.0 divided
5008.0 10524.0 28.0 48.0 ,
5164.0 10451.0 188.0 100.0 the
5480.0 10448.0 308.0 104.0 three
5872.0 10451.0 480.0 120.0 country
6436.0 10451.0 552.0 104.0 members

4184.0 10592.0 340.0 116.0 being
4576.0 10600.0 112.0 96.0 In
4740.0 10592.0 712.0 124.0 antagonism
5504.0 10596.0 112.0 96.0 to
5660.0 10592.0 192.0 104.0 the
5892.0 10600.0 544.0 92.0 members
6468.0 10596.0 292.0 100.0 from
6796.0 10596.0 192.0 100.0 tbo

4184.0 10735.0 260.0 120.0 city.
4576.0 10735.0 108.0 104.0 It
4732.0 10764.0 232.0 72.0 was
5008.0 10732.0 648.0 104.0 selfishness
5740.0 10760.0 148.0 76.0 on
5972.0 10732.0 196.0 104.0 the
6256.0 10739.0 244.0 104.0 part
6584.0 10739.0 120.0 96.0 ot
6796.0 10739.0 188.0 100.0 the

4188.0 10852.0 440.0 104.0 former.
4760.0 10852.0 180.0 100.0 He
5012.0 10852.0 188.0 100.0 did
5292.0 10859.0 200.0 92.0 not
5580.0 10859.0 304.0 92.0 want
5968.0 10852.0 188.0 100.0 the
6244.0 10855.0 400.0 100.0 matter
6728.0 10859.0 260.0 96.0 sent

4188.0 10968.0 276.0 100.0 back
4540.0 10972.0 112.0 96.0 to
4736.0 10972.0 192.0 96.0 the
5012.0 10968.0 628.0 104.0 delegation
5724.0 10968.0 468.0 104.0 because
6280.0 10968.0 136.0 104.0 he
6504.0 10968.0 208.0 104.0 ielt
6796.0 10972.0 192.0 104.0 the

4228.0 11107.0 300.0 76.0 louse
4592.0 11084.0 324.0 100.0 could
4964.0 11080.0 324.0 108.0 settle
5336.0 11084.0 116.0 100.0 It.

4300.0 11200.0 204.0 104.0 Mr.
4556.0 11200.0 504.0 120.0 Jeaiyot
5128.0 11200.0 280.0 100.0 Cass
5452.0 11196.0 356.0 108.0 asked
5896.0 11196.0 216.0 108.0 Mr.
6176.0 11196.0 168.0 128.0 Kg
6424.0 11200.0 368.0 104.0 leston
6872.0 11208.0 116.0 100.0 to

4184.0 11316.0 448.0 104.0 explain
4688.0 11320.0 172.0 100.0 his
4916.0 11320.0 456.0 100.0 motion.

4304.0 11431.0 204.0 104.0 Mr.
4548.0 11431.0 224.0 112.0 Iteu
4796.0 11431.0 364.0 100.0 lesion
5200.0 11431.0 240.0 100.0 said
5488.0 11427.0 88.0 104.0 It
5604.0 11456.0 228.0 76.0 was
5872.0 11436.0 112.0 96.0 to
6012.0 11431.0 284.0 100.0 have
6336.0 11431.0 184.0 100.0 the
6556.0 11431.0 436.0 116.0 delega-

4284.0 11572.0 144.0 76.0 on
4540.0 11547.0 324.0 100.0 settle
4952.0 11547.0 188.0 100.0 the
5300.0 11547.0 612.0 100.0 difference
6040.0 11551.0 504.0 96.0 between
6684.0 11551.0 304.0 100.0 them

4192.0 11664.0 360.0 104.0 which
4600.0 11664.0 140.0 100.0 ho
4784.0 11660.0 480.0 124.0 thought
5324.0 11664.0 328.0 104.0 could
5756.0 11664.0 240.0 100.0 best
6108.0 11664.0 132.0 100.0 bo
6344.0 11664.0 468.0 104.0 elfected
6864.0 11668.0 116.0 100.0 In

4232.0 11784.0 412.0 100.0 irlvate.

4308.0 11896.0 216.0 100.0 Mr.
4580.0 11892.0 584.0 124.0 Itaymond
5232.0 11892.0 124.0 100.0 of
5404.0 11888.0 612.0 108.0 Lancaster
6076.0 11896.0 248.0 100.0 said
6392.0 11896.0 308.0 100.0 tliero
6760.0 11924.0 228.0 76.0 was

4192.0 12012.0 192.0 100.0 but
4448.0 12035.0 216.0 76.0 ono
4712.0 12012.0 316.0 120.0 point
5072.0 12008.0 124.0 100.0 of
5260.0 12012.0 608.0 100.0 dltlercnce
5872.0 12088.0 24.0 40.0 ,
5972.0 12012.0 228.0 100.0 and
6264.0 12012.0 136.0 100.0 ho
6484.0 12012.0 504.0 104.0 couldn't

4192.0 12156.0 184.0 72.0 see
4412.0 12132.0 188.0 96.0 the
4664.0 12156.0 80.0 72.0 vv
4776.0 12128.0 356.0 100.0 isdom
5184.0 12128.0 124.0 96.0 of
5352.0 12128.0 224.0 100.0 this
5616.0 12128.0 328.0 116.0 delay
5988.0 12128.0 464.0 100.0 because
6488.0 12128.0 188.0 104.0 the
6724.0 12128.0 212.0 104.0 Lin-

4188.0 12243.0 252.0 100.0 coln
4528.0 12243.0 436.0 104.0 council
5072.0 12243.0 216.0 100.0 had
5404.0 12243.0 144.0 100.0 Its
5648.0 12243.0 612.0 100.0 ordinance
6364.0 12243.0 344.0 120.0 ready
6876.0 12252.0 112.0 96.0 to

4200.0 12384.0 632.0 76.0 rommenco
4924.0 12359.0 420.0 120.0 paving
5408.0 12352.0 360.0 108.0 under
5868.0 12359.0 184.0 100.0 the
6160.0 12384.0 256.0 80.0 new
6500.0 12363.0 476.0 104.0 cliaiter.

4200.0 12472.0 228.0 108.0 The
4472.0 12476.0 436.0 104.0 charter
4956.0 12496.0 224.0 80.0 was
5248.0 12476.0 480.0 100.0 icteired
5744.0 12544.0 24.0 36.0 ,

4304.0 12592.0 244.0 100.0 The
4652.0 12592.0 516.0 112.0 question
5268.0 12596.0 116.0 96.0 at
5476.0 12611.0 296.0 80.0 issue
5880.0 12588.0 500.0 104.0 between
6496.0 12592.0 184.0 100.0 the
6752.0 12596.0 224.0 96.0 two

4192.0 12708.0 488.0 104.0 factions
4728.0 12708.0 96.0 96.0 Is
4904.0 12704.0 424.0 104.0 section
5440.0 12708.0 148.0 112.0 53.
5680.0 12704.0 488.0 124.0 relating
6252.0 12716.0 116.0 92.0 to
6476.0 12708.0 188.0 100.0 the
6712.0 12712.0 264.0 100.0 road

4188.0 12824.0 224.0 104.0 and
4468.0 12824.0 380.0 112.0 bridge
4936.0 12820.0 280.0 100.0 tund
5232.0 12895.0 24.0 36.0 ,
5308.0 12820.0 144.0 100.0 all
5552.0 12824.0 116.0 96.0 ot
5780.0 12824.0 364.0 100.0 which
6212.0 12824.0 184.0 100.0 the
6440.0 12828.0 232.0 116.0 city
6724.0 12851.0 252.0 76.0 men

4188.0 12944.0 328.0 100.0 claim
4568.0 12939.0 184.0 96.0 the
4796.0 12944.0 472.0 112.0 country
5304.0 12931.0 304.0 104.0 folks
5648.0 12944.0 332.0 96.0 want.

4304.0 13055.0 204.0 100.0 Mr.
4556.0 13051.0 520.0 104.0 Whitoot
5120.0 13055.0 272.0 96.0 Cass
5428.0 13051.0 356.0 100.0 called
5824.0 13076.0 152.0 96.0 up
6012.0 13051.0 188.0 104.0 the
6236.0 13059.0 368.0 116.0 report
6636.0 13055.0 124.0 96.0 of
6796.0 13055.0 188.0 100.0 the

4188.0 13168.0 412.0 104.0 special
4684.0 13172.0 636.0 100.0 committee
5380.0 13192.0 148.0 72.0 on
5576.0 13172.0 576.0 116.0 employes
6164.0 13244.0 20.0 36.0 ,
6256.0 13172.0 228.0 100.0 and
6584.0 13175.0 400.0 100.0 moved

4188.0 13288.0 244.0 100.0 that
4476.0 13288.0 140.0 108.0 Its
4660.0 13284.0 1020.0 104.0 lecommoudatlon
5776.0 13288.0 244.0 96.0 tint
6124.0 13284.0 148.0 104.0 all
6384.0 13288.0 188.0 100.0 the
6624.0 13288.0 356.0 104.0 house

4184.0 13400.0 568.0 124.0 omploves
4800.0 13400.0 132.0 100.0 be
4976.0 13400.0 660.0 120.0 discharged
5720.0 13404.0 228.0 96.0 and
6040.0 13404.0 752.0 124.0 re-employed
6860.0 13432.0 124.0 76.0 as

4192.0 13520.0 428.0 104.0 needed
4672.0 13516.0 128.0 100.0 bo
4848.0 13516.0 524.0 120.0 adopted.

4308.0 13631.0 204.0 104.0 Mr.
4648.0 13631.0 464.0 104.0 Watson
5220.0 13636.0 124.0 92.0 of
5464.0 13631.0 280.0 100.0 Otoe
5892.0 13631.0 404.0 104.0 moved
6396.0 13631.0 248.0 104.0 that
6796.0 13636.0 188.0 100.0 the

4192.0 13743.0 540.0 120.0 minority
4780.0 13756.0 364.0 112.0 report
5192.0 13740.0 132.0 104.0 bo
5376.0 13751.0 548.0 112.0 accepted.

4316.0 13863.0 216.0 92.0 Mr.
4584.0 13863.0 312.0 108.0 Agco
4940.0 13860.0 488.0 108.0 opposed
5472.0 13860.0 188.0 92.0 the
5708.0 13856.0 580.0 116.0 discharge
6336.0 13860.0 220.0 96.0 and
6612.0 13884.0 380.0 80.0 re-em-

4204.0 13972.0 744.0 116.0 ploynicntof
5012.0 13968.0 364.0 100.0 clerks
5420.0 13980.0 224.0 88.0 and
5732.0 13968.0 596.0 104.0 assistants
6372.0 13995.0 124.0 72.0 us
6540.0 13972.0 404.0 100.0 toollsh
6960.0 14044.0 24.0 48.0 ,

4200.0 14107.0 220.0 80.0 ami
4496.0 14088.0 440.0 100.0 wanted
5044.0 14084.0 188.0 100.0 thu
5332.0 14084.0 644.0 100.0 committee
6072.0 14088.0 112.0 96.0 to
6276.0 14092.0 368.0 116.0 icport
6748.0 14088.0 244.0 104.0 who

4196.0 14204.0 352.0 104.0 ought
4592.0 14204.0 112.0 96.0 to
4752.0 14199.0 132.0 96.0 be
4924.0 14195.0 692.0 120.0 discharged.

4312.0 14315.0 204.0 96.0 Mr.
4592.0 14315.0 264.0 96.0 Cole
4956.0 14311.0 248.0 100.0 said
5300.0 14315.0 184.0 96.0 the
5568.0 14311.0 528.0 116.0 majority
6180.0 14311.0 124.0 96.0 of
6368.0 14311.0 188.0 100.0 the
6640.0 14315.0 352.0 100.0 house

4220.0 14479.0 12.0 48.0 [
4236.0 14428.0 404.0 100.0 Vantcd
4684.0 14428.0 112.0 96.0 to
4840.0 14428.0 144.0 96.0 do
5028.0 14448.0 320.0 96.0 a.vay
5388.0 14448.0 72.0 72.0 u
5500.0 14424.0 156.0 100.0 Kit
5708.0 14428.0 420.0 96.0 useless
6164.0 14428.0 416.0 120.0 employ
6612.0 14431.0 372.0 100.0 esand

4196.0 14540.0 440.0 104.0 wanted
4712.0 14540.0 184.0 100.0 the
4980.0 14540.0 636.0 100.0 committee
5668.0 14544.0 108.0 96.0 to
5820.0 14544.0 288.0 96.0 state
6148.0 14544.0 252.0 96.0 who
6448.0 14544.0 260.0 96.0 thov
6752.0 14567.0 228.0 80.0 aro.

4308.0 14656.0 136.0 100.0 In
4496.0 14652.0 312.0 120.0 reply
4856.0 14664.0 112.0 92.0 to
5012.0 14656.0 200.0 96.0 Mr.
5272.0 14656.0 368.0 100.0 White
5644.0 14723.0 28.0 48.0 ,
5724.0 14656.0 204.0 100.0 Mr.
5992.0 14656.0 420.0 124.0 Wllsey
6456.0 14656.0 240.0 104.0 said
6748.0 14660.0 240.0 100.0 that

4196.0 14860.0 24.0 12.0 .
4244.0 14771.0 40.0 100.0 (
4352.0 14771.0 136.0 100.0 ho
4532.0 14771.0 216.0 100.0 had
4796.0 14771.0 344.0 100.0 asked
5188.0 14767.0 188.0 104.0 the
5424.0 14784.0 544.0 88.0 inemDcrs
6016.0 14771.0 120.0 96.0 of
6220.0 14771.0 188.0 100.0 the
6484.0 14776.0 464.0 100.0 commit-

4196.0 14896.0 172.0 92.0 tee
4416.0 14887.0 440.0 100.0 Instead
4904.0 14883.0 120.0 104.0 ol
5092.0 14883.0 188.0 104.0 the
5364.0 14883.0 572.0 104.0 chairman
5992.0 14896.0 124.0 88.0 of
6176.0 14887.0 188.0 100.0 the
6432.0 14916.0 304.0 76.0 same
6744.0 14963.0 24.0 40.0 ,
6848.0 14891.0 140.0 100.0 he

4196.0 15003.0 372.0 100.0 would
4620.0 15003.0 276.0 100.0 have
4944.0 15003.0 456.0 100.0 leaincd
5448.0 15003.0 232.0 104.0 how
5748.0 15024.0 344.0 100.0 many
6140.0 15003.0 420.0 104.0 useless
6624.0 15007.0 364.0 100.0 clerks

4200.0 15116.0 312.0 104.0 tliero
4560.0 15144.0 324.0 76.0 were.

4324.0 15236.0 204.0 100.0 Mr.
4600.0 15232.0 568.0 104.0 Smvthof
5212.0 15228.0 496.0 120.0 Douglas
5832.0 15228.0 56.0 104.0 1
5964.0 15232.0 332.0 104.0 could
6384.0 15232.0 280.0 104.0 have
6752.0 15236.0 176.0 100.0 dis-

4200.0 15348.0 476.0 120.0 charged
4724.0 15371.0 184.0 96.0 my
4952.0 15344.0 304.0 112.0 clerk
5304.0 15348.0 268.0 112.0 long
5616.0 15371.0 208.0 96.0 ago
5872.0 15348.0 92.0 100.0 If
6008.0 15348.0 140.0 100.0 ho
6192.0 15348.0 216.0 100.0 had
6460.0 15356.0 200.0 96.0 not
6704.0 15348.0 280.0 108.0 been

4204.0 15463.0 524.0 112.0 occupied
4836.0 15472.0 112.0 92.0 In
5060.0 15468.0 624.0 112.0 correcting
5820.0 15463.0 680.0 136.0 Improperly
6596.0 15463.0 392.0 108.0 drawn

4204.0 15579.0 252.0 104.0 bills
4524.0 15579.0 136.0 100.0 bv
4712.0 15575.0 188.0 104.0 thn
4940.0 15579.0 648.0 124.0 gentleman
5640.0 15588.0 284.0 92.0 fiom
5976.0 15575.0 304.0 108.0 Cass.

4320.0 15695.0 208.0 100.0 Mr.
4576.0 15691.0 368.0 116.0 White
4980.0 15695.0 444.0 100.0 refused
5464.0 15699.0 116.0 96.0 to
5608.0 15699.0 176.0 96.0 act
5812.0 15695.0 328.0 120.0 again
6156.0 15768.0 24.0 48.0 ,
6224.0 15695.0 224.0 104.0 and
6492.0 15695.0 184.0 104.0 the
6708.0 15724.0 244.0 76.0 com-

4212.0 15812.0 380.0 100.0 mittee
4636.0 15836.0 236.0 76.0 was
4916.0 15812.0 644.0 100.0 authorl/cd
5604.0 15815.0 116.0 96.0 to
5764.0 15823.0 368.0 112.0 report
6176.0 15812.0 820.0 124.0 allcinplovpes

4208.0 15932.0 200.0 96.0 not
4456.0 15928.0 424.0 100.0 needed
4892.0 15996.0 28.0 40.0 ,
4972.0 15924.0 224.0 108.0 and
5244.0 15928.0 528.0 120.0 onlaiged
5820.0 15932.0 116.0 92.0 to
6036.0 15928.0 432.0 100.0 consist
6568.0 15932.0 132.0 96.0 of
6808.0 15932.0 188.0 100.0 the

4212.0 16044.0 588.0 108.0 tallowing
4824.0 16067.0 28.0 72.0 :
5020.0 16040.0 376.0 100.0 Pt'teis
5404.0 16116.0 24.0 40.0 ,
5600.0 16044.0 492.0 100.0 Gllmoic
6100.0 16116.0 24.0 36.0 ,
6304.0 16044.0 644.0 104.0 Dickenson
6964.0 16120.0 24.0 40.0 ,

4208.0 16160.0 480.0 104.0 Newton
4700.0 16231.0 24.0 40.0 ,
4788.0 16156.0 316.0 100.0 Latta
5116.0 16227.0 24.0 40.0 ,
5220.0 16156.0 448.0 100.0 Mlnnlx
5680.0 16227.0 24.0 40.0 ,
5756.0 16156.0 224.0 100.0 and
6040.0 16143.0 632.0 120.0 Underbill.

4328.0 16280.0 172.0 96.0 On
4560.0 16275.0 420.0 100.0 motion
5032.0 16280.0 116.0 92.0 ot
5200.0 16271.0 204.0 104.0 Mi.
5452.0 16275.0 312.0 116.0 Agee
5772.0 16343.0 24.0 48.0 ,
5852.0 16271.0 448.0 104.0 Minniu
6344.0 16275.0 380.0 104.0 Tidier
6772.0 16303.0 228.0 80.0 was

4212.0 16387.0 384.0 124.0 placed
4644.0 16412.0 144.0 76.0 on
4844.0 16387.0 184.0 104.0 the
5076.0 16412.0 216.0 100.0 pay
5340.0 16387.0 236.0 104.0 loll.

4324.0 16504.0 240.0 104.0 The
4612.0 16504.0 588.0 120.0 following
5248.0 16504.0 256.0 100.0 mils
5552.0 16528.0 284.0 76.0 were
5940.0 16504.0 716.0 104.0 Indefinitely
6704.0 16511.0 248.0 116.0 post-

4212.0 16624.0 364.0 116.0 poned
4608.0 16643.0 28.0 76.0 :
4700.0 16667.0 20.0 24.0 -
4720.0 16620.0 416.0 100.0 JO.Ti'
4848.0 16624.0 28.0 88.0 )
5140.0 16692.0 24.0 48.0 ,
5216.0 16624.0 172.0 96.0 45-1
5400.0 16696.0 24.0 40.0 ,
5480.0 16624.0 172.0 96.0 119
5656.0 16696.0 28.0 44.0 ,
5740.0 16624.0 160.0 96.0 1-M
5912.0 16692.0 28.0 52.0 ,
6000.0 16627.0 172.0 92.0 1OJ
6176.0 16696.0 24.0 44.0 ,
6248.0 16627.0 180.0 96.0 liilS
6432.0 16700.0 24.0 44.0 ,
6508.0 16627.0 452.0 96.0 4CaJ17
6960.0 16696.0 32.0 44.0 ,

4336.0 16744.0 84.0 108.0 S.
4472.0 16744.0 180.0 92.0 MO
4692.0 16736.0 452.0 108.0 BIHN41)
5140.0 16692.0 32.0 148.0 !

4324.0 16852.0 240.0 100.0 'Iho
4620.0 16852.0 588.0 108.0 following
5256.0 16879.0 292.0 76.0 were
5588.0 16852.0 860.0 108.0 recommended
6504.0 16856.0 180.0 100.0 for
6756.0 16883.0 220.0 84.0 pis-

4208.0 16995.0 264.0 76.0 sii7e
4496.0 16995.0 28.0 76.0 :
4604.0 16967.0 376.0 104.0 House
5028.0 16972.0 204.0 100.0 roll
5276.0 16976.0 52.0 92.0 4
5364.0 16976.0 92.0 96.0 i7
5500.0 16967.0 220.0 104.0 and
5764.0 16976.0 164.0 96.0 59.

4324.0 17087.0 240.0 100.0 The
4596.0 17087.0 636.0 100.0 committee
5276.0 17112.0 148.0 76.0 on
5476.0 17083.0 600.0 116.0 privileges
6140.0 17083.0 228.0 104.0 and
6456.0 17087.0 544.0 108.0 elections

4212.0 17203.0 284.0 100.0 maili
4504.0 17228.0 24.0 72.0 )
4620.0 17199.0 528.0 120.0 majority
5232.0 17203.0 228.0 100.0 and
5544.0 17203.0 544.0 120.0 minority
6132.0 17211.0 432.0 112.0 reports
6616.0 17224.0 144.0 80.0 on
6816.0 17207.0 188.0 104.0 the

4212.0 17312.0 956.0 112.0 Snell-McKenna
5248.0 17323.0 444.0 96.0 contest
5756.0 17344.0 252.0 72.0 case
6012.0 17392.0 24.0 44.0 ,
6092.0 17319.0 188.0 108.0 the
6328.0 17319.0 396.0 100.0 formei
6788.0 17348.0 220.0 76.0 icc-

4208.0 17436.0 732.0 116.0 ommo'idlng
4984.0 17432.0 312.0 104.0 Snell
5348.0 17439.0 180.0 96.0 tor
5588.0 17436.0 192.0 100.0 the
5860.0 17439.0 244.0 96.0 scat
6172.0 17460.0 256.0 76.0 now
6520.0 17436.0 252.0 100.0 held
6860.0 17439.0 140.0 120.0 by

4208.0 17548.0 600.0 104.0 McKeuna
4816.0 17624.0 24.0 44.0 ,
4956.0 17548.0 188.0 104.0 the
5236.0 17552.0 316.0 100.0 lattei
5648.0 17548.0 668.0 140.0 suppoitlng
6360.0 17552.0 636.0 104.0 McKenni.

4204.0 17668.0 244.0 104.0 The
4492.0 17664.0 432.0 124.0 subject
4972.0 17687.0 228.0 84.0 was
5252.0 17664.0 320.0 104.0 made
5616.0 17668.0 416.0 120.0 special
6100.0 17664.0 324.0 108.0 older
6508.0 17672.0 180.0 100.0 for
6764.0 17672.0 244.0 100.0 7:130
6848.0 17695.0 28.0 76.0 :

4208.0 17779.0 512.0 124.0 to-night.

4908.0 17939.0 136.0 84.0 Al
5088.0 17943.0 1204.0 92.0 TT.UNOONSF.SSIOX

4316.0 18063.0 244.0 108.0 The
4660.0 18063.0 352.0 108.0 house
5116.0 18072.0 308.0 100.0 wont
5532.0 18067.0 240.0 100.0 Into
5860.0 18067.0 652.0 104.0 committee
6596.0 18072.0 124.0 100.0 of
6812.0 18067.0 192.0 108.0 the

4204.0 18183.0 364.0 100.0 whole
4628.0 18208.0 144.0 76.0 on
4864.0 18187.0 192.0 96.0 the
5132.0 18179.0 908.0 140.0 appropriations
6128.0 18187.0 180.0 100.0 for
6392.0 18187.0 612.0 104.0 chailtablo

4208.0 18299.0 712.0 104.0 Institutions
4928.0 18372.0 24.0 52.0 ,
5008.0 18288.0 276.0 116.0 with
5328.0 18299.0 204.0 104.0 Mi.
5592.0 18295.0 536.0 112.0 Caldwell
6204.0 18299.0 124.0 104.0 of
6376.0 18299.0 616.0 104.0 Lancaster

4208.0 18415.0 116.0 104.0 In
4376.0 18415.0 188.0 100.0 the
4608.0 18415.0 340.0 104.0 chair.

4324.0 18528.0 204.0 104.0 Mr.
4592.0 18528.0 560.0 108.0 Watson's
5196.0 18528.0 348.0 104.0 bouse
5580.0 18528.0 208.0 104.0 roll
5836.0 18532.0 112.0 92.0 13
5956.0 18600.0 24.0 44.0 ,
6036.0 18528.0 172.0 100.0 for
6252.0 18524.0 188.0 108.0 the
6512.0 18532.0 488.0 104.0 erection

4208.0 18648.0 232.0 96.0 and
4488.0 18644.0 652.0 120.0 furnishing
5184.0 18644.0 128.0 96.0 of
5372.0 18671.0 64.0 72.0 a
5484.0 18648.0 304.0 96.0 main
5872.0 18644.0 512.0 112.0 bullUlng
6432.0 18652.0 116.0 92.0 at
6592.0 18644.0 184.0 104.0 thu
6828.0 18652.0 112.0 96.0 In-

4212.0 18759.0 392.0 100.0 stitute
4648.0 18764.0 180.0 96.0 for
4908.0 18755.0 192.0 108.0 the
5196.0 18755.0 316.0 100.0 blind
5580.0 18764.0 116.0 96.0 at
5772.0 18755.0 588.0 104.0 Nebraska
6424.0 18759.0 256.0 120.0 City
6688.0 18831.0 24.0 44.0 ,
6772.0 18764.0 232.0 108.0 and

4212.0 18900.0 68.0 76.0 a
4384.0 18875.0 352.0 100.0 boiler
4836.0 18867.0 228.0 104.0 and
5168.0 18871.0 484.0 120.0 laundry
5720.0 18879.0 616.0 96.0 connected
6452.0 18875.0 280.0 100.0 with
6820.0 18879.0 192.0 104.0 the

4212.0 19012.0 308.0 80.0 same
4524.0 19064.0 28.0 44.0 ,
4668.0 19012.0 224.0 76.0 was
4996.0 18983.0 392.0 108.0 called.
5580.0 18987.0 108.0 100.0 It
5848.0 18987.0 544.0 124.0 provided
6500.0 18995.0 176.0 100.0 for
6840.0 19020.0 148.0 76.0 an

4216.0 19104.0 832.0 120.0 appropriation
5136.0 19107.0 124.0 96.0 of
5324.0 19107.0 448.0 104.0 S50.000.

4336.0 19203.0 216.0 116.0 Mr.
4620.0 19216.0 544.0 108.0 Harrison
5216.0 19220.0 124.0 96.0 of
5372.0 19220.0 572.0 104.0 Saundeis
5992.0 19216.0 396.0 108.0 moved
6436.0 19220.0 116.0 104.0 to
6596.0 19224.0 412.0 108.0 amend

4220.0 19336.0 140.0 120.0 by
4408.0 19336.0 740.0 116.0 substituting
5192.0 19336.0 440.0 112.0 SJO.OOO.

4336.0 19451.0 204.0 104.0 Mr.
4604.0 19451.0 464.0 104.0 Watson
5136.0 19456.0 116.0 92.0 ot
5324.0 19456.0 280.0 96.0 Otoo
5652.0 19447.0 360.0 112.0 hoped
6048.0 19451.0 188.0 104.0 the
6276.0 19451.0 736.0 112.0 amendment

4220.0 19563.0 376.0 108.0 would
4644.0 19576.0 200.0 96.0 not
4896.0 19563.0 416.0 112.0 prevail
5360.0 19567.0 464.0 104.0 because
5832.0 19639.0 24.0 48.0 ,
5916.0 19567.0 116.0 104.0 In
6108.0 19571.0 184.0 100.0 the
6336.0 19571.0 472.0 140.0 opinion
6880.0 19576.0 124.0 104.0 of

4216.0 19683.0 192.0 104.0 the
4456.0 19683.0 340.0 104.0 boaid
4840.0 19683.0 124.0 100.0 of
5028.0 19683.0 376.0 120.0 public
5488.0 19683.0 332.0 104.0 lands
5904.0 19683.0 228.0 104.0 and
6224.0 19672.0 568.0 136.0 buildings
6804.0 19763.0 24.0 48.0 ,
6884.0 19715.0 124.0 80.0 as

4220.0 19799.0 236.0 104.0 also
4500.0 19803.0 124.0 96.0 of
4672.0 19799.0 184.0 104.0 the
4900.0 19824.0 556.0 96.0 governor
5460.0 19872.0 28.0 48.0 ,
5580.0 19811.0 188.0 92.0 thu
5816.0 19799.0 876.0 108.0 improvements
6740.0 19832.0 208.0 92.0 sug-

4212.0 19919.0 388.0 116.0 gested
4708.0 19939.0 292.0 80.0 weie
5104.0 19916.0 544.0 116.0 requited.
5844.0 19916.0 108.0 104.0 It
6056.0 19916.0 368.0 108.0 would
6512.0 19919.0 136.0 104.0 bo
6748.0 19948.0 268.0 100.0 poor

4224.0 20032.0 360.0 124.0 policy
4636.0 20036.0 112.0 96.0 to
4796.0 20032.0 448.0 128.0 ex-pond
5292.0 20059.0 64.0 72.0 a
5396.0 20032.0 452.0 104.0 smaller
5888.0 20039.0 500.0 96.0 amount.

4336.0 20148.0 204.0 104.0 Mr.
4600.0 20148.0 544.0 104.0 Harilson
5196.0 20152.0 244.0 100.0 said
5480.0 20148.0 184.0 104.0 the
5716.0 20160.0 456.0 108.0 present
6216.0 20152.0 516.0 104.0 Institute
6780.0 20179.0 164.0 76.0 wa

4216.0 20268.0 436.0 100.0 erected
4700.0 20272.0 184.0 96.0 tun
4944.0 20291.0 316.0 84.0 vears
5304.0 20291.0 212.0 88.0 ago
5588.0 20268.0 152.0 96.0 foi
5812.0 20268.0 408.0 108.0 512,000
6224.0 20339.0 24.0 44.0 ,
6296.0 20268.0 324.0 100.0 when
6668.0 20272.0 344.0 104.0 Itwa.

4220.0 20383.0 248.0 100.0 well
4580.0 20379.0 424.0 108.0 known
5128.0 20383.0 244.0 100.0 that
5460.0 20379.0 312.0 104.0 labor
5852.0 20379.0 228.0 104.0 and
6168.0 20383.0 508.0 104.0 material
6728.0 20411.0 288.0 80.0 vvero

4220.0 20524.0 304.0 76.0 moio
4564.0 20495.0 608.0 124.0 expensive
5220.0 20499.0 272.0 100.0 than
5588.0 20512.0 116.0 88.0 at
5752.0 20503.0 452.0 116.0 present
6204.0 20571.0 28.0 44.0 ,
6288.0 20499.0 228.0 100.0 and
6568.0 20499.0 136.0 100.0 he
6792.0 20503.0 220.0 108.0 had

4220.0 20640.0 148.0 76.0 no
4408.0 20615.0 344.0 100.0 doubt
4792.0 20615.0 240.0 100.0 that
5076.0 20619.0 416.0 116.0 520,000
5528.0 20615.0 368.0 100.0 would
5944.0 20611.0 132.0 104.0 bo
6116.0 20619.0 372.0 124.0 ample
6536.0 20623.0 112.0 96.0 to
6688.0 20623.0 328.0 104.0 make

4216.0 20735.0 188.0 100.0 the
4456.0 20731.0 880.0 124.0 Implements
5380.0 20731.0 640.0 120.0 suggested.

4332.0 20844.0 240.0 108.0 The
4616.0 20844.0 732.0 108.0 amendment
5400.0 20875.0 224.0 76.0 was
5708.0 20871.0 228.0 80.0 can
5960.0 20848.0 168.0 104.0 led
6212.0 20848.0 140.0 120.0 by
6400.0 20875.0 68.0 76.0 a
6556.0 20855.0 252.0 104.0 vote
6888.0 20852.0 120.0 108.0 of

4212.0 20968.0 124.0 92.0 49
4380.0 20972.0 112.0 92.0 to
4532.0 20968.0 152.0 100.0 B.J.

4336.0 21080.0 456.0 100.0 Section
4840.0 21075.0 524.0 112.0 4suttlng
5392.0 21075.0 188.0 104.0 the
5616.0 21075.0 304.0 108.0 bond
5964.0 21080.0 124.0 100.0 of
6132.0 21080.0 184.0 104.0 the
6364.0 21088.0 640.0 104.0 contractor

4220.0 21199.0 108.0 96.0 at
4440.0 21195.0 440.0 116.0 S.n.ooo.
4992.0 21212.0 232.0 84.0 was
5324.0 21191.0 556.0 108.0 amended
6020.0 21199.0 140.0 116.0 by
6268.0 21204.0 744.0 116.0 substituting

4224.0 21311.0 440.0 108.0 SrlOOtw.

4340.0 21427.0 156.0 100.0 Mi
4520.0 21500.0 24.0 36.0 ,
4612.0 21423.0 372.0 104.0 White
5028.0 21423.0 128.0 100.0 of
5220.0 21423.0 268.0 100.0 Cass
5536.0 21423.0 244.0 104.0 said
5832.0 21427.0 240.0 100.0 that
6116.0 21427.0 188.0 100.0 the
6376.0 21435.0 324.0 108.0 plans
6752.0 21456.0 252.0 84.0 now

4224.0 21567.0 140.0 76.0 on
4424.0 21543.0 176.0 100.0 hie
4648.0 21543.0 112.0 100.0 In
4820.0 21543.0 184.0 104.0 the
5108.0 21540.0 312.0 104.0 otllce
5524.0 21547.0 116.0 92.0 ol
5732.0 21547.0 184.0 96.0 tnu
6028.0 21543.0 332.0 100.0 board
6436.0 21551.0 120.0 92.0 ol
6632.0 21551.0 380.0 116.0 public

4224.0 21656.0 328.0 104.0 lands
4660.0 21660.0 224.0 100.0 and
4996.0 21656.0 572.0 108.0 buildings
5640.0 21683.0 284.0 76.0 vveiu
6016.0 21660.0 320.0 104.0 made
6428.0 21683.0 296.0 100.0 upon
6824.0 21664.0 180.0 108.0 the

4232.0 21772.0 300.0 100.0 basis
4560.0 21776.0 124.0 100.0 of
4748.0 21799.0 68.0 72.0 a
4856.0 21776.0 244.0 96.0 cost
5144.0 21776.0 124.0 96.0 of
5332.0 21776.0 440.0 120.0 SsiO.OOO.

4348.0 21887.0 212.0 100.0 Mi.
4628.0 21883.0 464.0 108.0 Watwn
5144.0 21891.0 112.0 96.0 ot
5312.0 21891.0 276.0 100.0 Otoe
5632.0 21887.0 244.0 104.0 said
5924.0 21887.0 240.0 104.0 that
6208.0 21887.0 272.0 108.0 such
6552.0 21919.0 228.0 76.0 vvns
6832.0 21891.0 188.0 108.0 the

4228.0 22028.0 248.0 76.0 case
4520.0 22003.0 228.0 100.0 and
4800.0 22007.0 552.0 96.0 regretted
5396.0 22003.0 244.0 100.0 that
5684.0 22007.0 544.0 96.0 members
6276.0 22011.0 332.0 100.0 voted
6704.0 22011.0 268.0 104.0 with-

4232.0 22123.0 196.0 92.0 out
4476.0 22115.0 908.0 108.0 understanding
5432.0 22123.0 184.0 96.0 the
5668.0 22123.0 380.0 96.0 merits
6096.0 22123.0 124.0 96.0 of
6264.0 22127.0 188.0 96.0 the
6496.0 22152.0 280.0 76.0 case.

4352.0 22232.0 216.0 104.0 Mi.
4636.0 22232.0 468.0 120.0 Kenney
5156.0 22235.0 120.0 96.0 of
5332.0 22235.0 504.0 104.0 Webster
5924.0 22239.0 396.0 100.0 moved
6428.0 22243.0 116.0 96.0 to
6652.0 22264.0 324.0 76.0 recon-

4232.0 22348.0 300.0 100.0 sider
4580.0 22352.0 184.0 96.0 thu
4812.0 22356.0 252.0 92.0 vote
5108.0 22352.0 612.0 100.0 amending
5764.0 22352.0 428.0 104.0 section
6252.0 22359.0 40.0 88.0 1
6344.0 22359.0 112.0 92.0 ot
6508.0 22352.0 188.0 108.0 the
6784.0 22356.0 188.0 104.0 bill
6988.0 22432.0 8.0 28.0 ,

4348.0 22464.0 216.0 104.0 Mr.
4616.0 22464.0 808.0 124.0 McConaugliy
5472.0 22464.0 252.0 104.0 held
5776.0 22472.0 240.0 96.0 that
6060.0 22468.0 188.0 100.0 the
6296.0 22468.0 316.0 104.0 blind
6712.0 22472.0 224.0 104.0 lust
6956.0 22476.0 28.0 100.0 !

4236.0 22583.0 236.0 96.0 tute
4524.0 22603.0 224.0 80.0 was
4796.0 22603.0 224.0 84.0 one
5056.0 22583.0 120.0 96.0 of
5224.0 22583.0 188.0 100.0 the
5460.0 22588.0 280.0 96.0 most
5832.0 22583.0 596.0 108.0 deserving
6512.0 22588.0 128.0 100.0 of
6740.0 22596.0 288.0 100.0 state

4232.0 22695.0 708.0 108.0 institutions
4944.0 22775.0 28.0 40.0 ,
5028.0 22708.0 228.0 92.0 and
5308.0 22699.0 80.0 100.0 It
5436.0 22695.0 372.0 104.0 would
5860.0 22699.0 128.0 100.0 he
6084.0 22699.0 280.0 104.0 false
6472.0 22723.0 540.0 108.0 economy

4236.0 22823.0 200.0 92.0 not
4484.0 22823.0 116.0 92.0 to
4644.0 22811.0 328.0 104.0 allow
5016.0 22811.0 188.0 104.0 the
5248.0 22815.0 116.0 104.0 S'
5384.0 22819.0 276.0 112.0 0,000
5704.0 22815.0 440.0 112.0 sought.

4352.0 22927.0 204.0 104.0 Mr.
4620.0 22927.0 328.0 104.0 Kuox
4996.0 22931.0 124.0 100.0 of
5224.0 22927.0 508.0 116.0 Douglas
5836.0 22931.0 224.0 100.0 and
6176.0 22931.0 196.0 104.0 Mr.
6488.0 22931.0 312.0 120.0 Agco
6908.0 22964.0 60.0 76.0 o

4232.0 23044.0 588.0 104.0 Hamilton
4884.0 23047.0 456.0 100.0 favored
5392.0 23047.0 188.0 100.0 the
5624.0 23047.0 988.0 108.0 reconsideration.

4356.0 23164.0 204.0 104.0 Mr.
4616.0 23160.0 372.0 108.0 Miller
5032.0 23168.0 124.0 92.0 of
5256.0 23164.0 384.0 100.0 llutlcr
5716.0 23164.0 196.0 104.0 did
6020.0 23171.0 200.0 92.0 not
6328.0 23168.0 340.0 100.0 know
6772.0 23168.0 236.0 108.0 how

4236.0 23275.0 328.0 104.0 much
4652.0 23275.0 404.0 104.0 should
5144.0 23280.0 132.0 96.0 be
5364.0 23280.0 772.0 120.0 appropilaten
6152.0 23351.0 24.0 52.0 ,
6232.0 23280.0 196.0 104.0 but
6480.0 23284.0 204.0 100.0 telt
6732.0 23307.0 260.0 76.0 mori

4236.0 23391.0 352.0 120.0 ought
4632.0 23395.0 116.0 96.0 to
4796.0 23395.0 128.0 96.0 lie
4992.0 23391.0 468.0 104.0 allowed
5544.0 23391.0 272.0 104.0 than
5936.0 23395.0 212.0 104.0 had
6260.0 23395.0 276.0 104.0 been
6644.0 23400.0 332.0 120.0 given

4244.0 23507.0 168.0 104.0 He
4460.0 23507.0 452.0 104.0 wanted
4960.0 23532.0 312.0 80.0 some
5316.0 23532.0 396.0 92.0 person
5768.0 23519.0 116.0 92.0 to
5932.0 23511.0 500.0 104.0 advance
6520.0 23519.0 288.0 100.0 facts
6912.0 23524.0 116.0 96.0 to

4240.0 23635.0 488.0 92.0 warrant
4772.0 23652.0 68.0 76.0 a
4884.0 23631.0 436.0 108.0 greater
5364.0 23623.0 872.0 124.0 appioprlatlon.

4356.0 23739.0 204.0 108.0 Mr.
4624.0 23736.0 460.0 108.0 Watson
5140.0 23747.0 268.0 92.0 then
5464.0 23739.0 612.0 104.0 submitted
6148.0 23772.0 64.0 72.0 a
6256.0 23747.0 608.0 100.0 statement
6908.0 23747.0 120.0 100.0 of

4240.0 23856.0 184.0 104.0 the
4468.0 23856.0 580.0 108.0 condition
5100.0 23859.0 120.0 100.0 of
5268.0 23856.0 188.0 104.0 the
5508.0 23859.0 520.0 100.0 institute
6032.0 23932.0 24.0 40.0 ,
6120.0 23859.0 356.0 100.0 which
6572.0 23859.0 456.0 108.0 showed

4236.0 23976.0 256.0 100.0 both
4552.0 23976.0 604.0 108.0 Inc.umcltv
5232.0 23972.0 224.0 104.0 and
5508.0 23999.0 60.0 76.0 a
5620.0 23972.0 472.0 104.0 number
6136.0 23976.0 120.0 100.0 of
6300.0 23976.0 476.0 108.0 defects.

4352.0 24092.0 204.0 104.0 Mr.
4624.0 24092.0 368.0 104.0 White
5036.0 24092.0 124.0 96.0 of
5208.0 24092.0 272.0 100.0 Cass
5520.0 24096.0 780.0 100.0 controveitea
6392.0 24092.0 224.0 100.0 this
6700.0 24100.0 288.0 96.0 state-

4236.0 24216.0 312.0 96.0 ment
4592.0 24207.0 140.0 120.0 by
4780.0 24207.0 520.0 108.0 showing
5344.0 24207.0 240.0 100.0 that
5632.0 24207.0 308.0 104.0 there
6032.0 24231.0 288.0 80.0 were
6428.0 24220.0 196.0 92.0 tint
6728.0 24211.0 256.0 120.0 eigh-

4236.0 24331.0 252.0 96.0 teen
4548.0 24327.0 480.0 100.0 Inmates
5076.0 24323.0 336.0 104.0 while
5460.0 24323.0 184.0 104.0 the
5736.0 24319.0 516.0 128.0 building
6356.0 24319.0 216.0 108.0 bad
6684.0 24351.0 64.0 76.0 A
6856.0 24355.0 124.0 76.0 ca-

4232.0 24443.0 372.0 120.0 pacity
4648.0 24443.0 124.0 100.0 of
4816.0 24439.0 348.0 120.0 thirty
5208.0 24443.0 228.0 100.0 and
5488.0 24464.0 232.0 76.0 was
5772.0 24443.0 116.0 100.0 In
5936.0 24431.0 292.0 128.0 good
6272.0 24443.0 628.0 108.0 condition.

4348.0 24559.0 244.0 100.0 Tbo
4628.0 24559.0 424.0 104.0 motion
5100.0 24559.0 120.0 100.0 to
5324.0 24555.0 624.0 104.0 reconsider
6072.0 24584.0 224.0 76.0 was
6404.0 24563.0 220.0 100.0 lost
6728.0 24559.0 140.0 124.0 by
6968.0 24580.0 64.0 84.0 a

4236.0 24683.0 252.0 96.0 vote
4532.0 24679.0 120.0 96.0 of
4692.0 24679.0 24.0 88.0 :
4720.0 24679.0 84.0 92.0 il
4856.0 24683.0 112.0 96.0 to
5008.0 24683.0 20.0 40.0 '
5012.0 24744.0 52.0 24.0 -
5036.0 24675.0 52.0 56.0 "
5076.0 24735.0 28.0 36.0 .
5100.0 24675.0 32.0 84.0 >
5132.0 24744.0 24.0 36.0 .

4356.0 24788.0 200.0 104.0 Mr.
4676.0 24788.0 412.0 124.0 Koipor
5184.0 24788.0 244.0 104.0 said
5512.0 24788.0 140.0 100.0 ho
5736.0 24784.0 196.0 108.0 did
6028.0 24799.0 196.0 88.0 not
6272.0 24792.0 340.0 100.0 know
6660.0 24788.0 252.0 108.0 how
6960.0 24819.0 68.0 76.0 a

4240.0 24908.0 60.0 104.0 f
4320.0 24908.0 32.0 44.0 '
4344.0 24903.0 844.0 124.0 .0,000building
5236.0 24903.0 324.0 104.0 could
5600.0 24908.0 128.0 96.0 bo
5776.0 24908.0 436.0 100.0 eiecti-d
6264.0 24908.0 272.0 100.0 with
6608.0 24931.0 68.0 80.0 a
6760.0 24912.0 272.0 104.0 S'-'O-

4236.0 25023.0 1104.0 124.0 OOOappropilntlon.

4360.0 25135.0 208.0 108.0 Mi.
4616.0 25123.0 476.0 120.0 Newton
5148.0 25143.0 124.0 96.0 of
5316.0 25135.0 276.0 112.0 Clay
5640.0 25131.0 400.0 112.0 moved
6088.0 25135.0 236.0 104.0 that
6416.0 25135.0 324.0 108.0 when
6836.0 25135.0 192.0 112.0 the

4236.0 25251.0 636.0 104.0 committee
4916.0 25255.0 220.0 104.0 rise
5184.0 25251.0 84.0 108.0 It
5316.0 25267.0 368.0 116.0 report
5732.0 25255.0 188.0 104.0 thu
6004.0 25255.0 192.0 100.0 bill
6252.0 25259.0 176.0 96.0 for
6516.0 25280.0 500.0 100.0 passage.

4244.0 25363.0 100.0 104.0 It
4388.0 25391.0 224.0 76.0 was
4656.0 25391.0 124.0 76.0 so
4824.0 25371.0 496.0 104.0 ordered.

4356.0 25476.0 240.0 108.0 The
4644.0 25484.0 188.0 104.0 bill
4888.0 25487.0 116.0 104.0 of
5092.0 25487.0 204.0 104.0 Mr.
5388.0 25484.0 560.0 108.0 Andrews
5996.0 25484.0 124.0 104.0 of
6236.0 25484.0 444.0 104.0 lluffalo
6788.0 25511.0 200.0 100.0 pro-

4244.0 25591.0 396.0 124.0 viding
4744.0 25600.0 172.0 100.0 for
5000.0 25604.0 192.0 104.0 the
5232.0 25607.0 496.0 100.0 erection
5780.0 25604.0 124.0 112.0 of
5948.0 25607.0 228.0 100.0 two
6224.0 25604.0 396.0 116.0 family
6676.0 25604.0 312.0 104.0 build-

4244.0 25711.0 260.0 116.0 ings
4508.0 25783.0 24.0 40.0 ,
4588.0 25735.0 220.0 76.0 one
4892.0 25715.0 484.0 128.0 laundry
5376.0 25791.0 28.0 40.0 ,
5496.0 25743.0 216.0 80.0 one
5820.0 25720.0 412.0 108.0 bakery
6236.0 25791.0 28.0 48.0 ,
6380.0 25720.0 316.0 104.0 three
6796.0 25728.0 196.0 96.0 out-

4244.0 25831.0 404.0 100.0 houses
4728.0 25831.0 220.0 100.0 and
5032.0 25855.0 220.0 80.0 one
5348.0 25835.0 636.0 104.0 coal-house
6088.0 25831.0 112.0 112.0 at
6312.0 25835.0 192.0 100.0 the
6612.0 25835.0 416.0 108.0 reform

4240.0 25943.0 372.0 100.0 school
4680.0 25955.0 108.0 88.0 at
4848.0 25943.0 516.0 120.0 Kearney
5408.0 25975.0 232.0 80.0 was
5700.0 25951.0 396.0 108.0 called.
6220.0 25951.0 248.0 108.0 The
6556.0 25955.0 480.0 100.0 amount

4240.0 26055.0 348.0 108.0 asVed
4640.0 26083.0 228.0 76.0 vras
4912.0 26063.0 436.0 112.0 jafl.OUO.

4364.0 26176.0 204.0 104.0 Mr.
4620.0 26172.0 556.0 112.0 Andrews
5224.0 26179.0 388.0 108.0 moved
5704.0 26183.0 244.0 108.0 that
6032.0 26183.0 188.0 104.0 the
6328.0 26183.0 200.0 108.0 bill
6632.0 26179.0 136.0 108.0 IKJ
6872.0 26208.0 120.0 84.0 re-

4248.0 26292.0 380.0 128.0 ported
4684.0 26299.0 176.0 92.0 tor
4904.0 26315.0 496.0 96.0 passage.

4360.0 26407.0 204.0 104.0 Mr.
4628.0 26403.0 368.0 108.0 White
5036.0 26407.0 504.0 128.0 objected
5584.0 26435.0 148.0 80.0 on
5780.0 26416.0 192.0 100.0 the
6020.0 26416.0 440.0 120.0 ground
6508.0 26412.0 248.0 108.0 that
6804.0 26420.0 224.0 100.0 two

4248.0 26543.0 316.0 80.0 vcars
4664.0 26547.0 212.0 96.0 ago
4956.0 26547.0 144.0 80.0 an
5188.0 26531.0 840.0 120.0 appropriation
6108.0 26536.0 216.0 104.0 had
6376.0 26536.0 276.0 100.0 boon
6712.0 26531.0 324.0 104.0 made

4244.0 26627.0 176.0 112.0 for
4464.0 26627.0 572.0 120.0 buildings
5080.0 26647.0 112.0 96.0 at
5240.0 26647.0 192.0 96.0 the
5468.0 26667.0 312.0 80.0 sumo
5844.0 26647.0 308.0 116.0 place
6252.0 26651.0 232.0 104.0 and
6596.0 26656.0 140.0 100.0 he
6836.0 26643.0 200.0 108.0 did

4248.0 26759.0 196.0 96.0 not
4492.0 26755.0 220.0 104.0 feel
4760.0 26755.0 240.0 104.0 that
5044.0 26759.0 268.0 116.0 they
5372.0 26759.0 400.0 104.0 should
5848.0 26763.0 296.0 124.0 keep
6256.0 26787.0 148.0 80.0 on
6520.0 26763.0 516.0 128.0 erecting

4244.0 26871.0 608.0 100.0 bliue'ures
4904.0 26871.0 308.0 104.0 there
5252.0 26900.0 332.0 92.0 every
5632.0 26883.0 224.0 92.0 two
5900.0 26900.0 360.0 84.0 vears.

4364.0 26984.0 208.0 104.0 Mr.
4696.0 26984.0 416.0 112.0 Wllsey
5216.0 26991.0 140.0 100.0 of
5436.0 26988.0 580.0 108.0 Hamilton
6088.0 26991.0 244.0 108.0 said
6372.0 26991.0 184.0 108.0 the
6608.0 26995.0 424.0 104.0 reform

4244.0 27095.0 380.0 104.0 school
4676.0 27127.0 228.0 72.0 was
4944.0 27104.0 348.0 116.0 doing
5380.0 27104.0 276.0 116.0 good
5748.0 27108.0 308.0 104.0 work
6144.0 27111.0 176.0 104.0 for
6420.0 27111.0 280.0 120.0 boys
6808.0 27108.0 224.0 108.0 and

4248.0 27211.0 268.0 120.0 girls
4524.0 27287.0 24.0 28.0 ,
4664.0 27211.0 488.0 124.0 keeping
5260.0 27219.0 300.0 104.0 them
5656.0 27223.0 288.0 100.0 from
5992.0 27223.0 188.0 100.0 the
6228.0 27223.0 800.0 124.0 penitentiary.

4244.0 27323.0 244.0 108.0 Thu
4532.0 27323.0 576.0 124.0 buildings
5156.0 27335.0 408.0 116.0 sought
5608.0 27359.0 292.0 80.0 weiu
5948.0 27339.0 428.0 104.0 needed
6420.0 27339.0 232.0 104.0 and
6720.0 27363.0 312.0 84.0 some

4244.0 27443.0 124.0 100.0 of
4412.0 27443.0 188.0 104.0 the
4644.0 27451.0 448.0 116.0 present
5136.0 27451.0 612.0 104.0 structures
5796.0 27476.0 288.0 80.0 weie
6160.0 27455.0 116.0 104.0 lu
6364.0 27479.0 68.0 76.0 a
6496.0 27455.0 496.0 104.0 demoral

4252.0 27559.0 236.0 104.0 ised
4536.0 27559.0 632.0 112.0 condition.

4372.0 27676.0 200.0 108.0 Mr.
4624.0 27679.0 312.0 120.0 Ague
4980.0 27679.0 448.0 104.0 showed
5480.0 27679.0 188.0 104.0 the
5716.0 27679.0 468.0 108.0 number
6224.0 27683.0 124.0 100.0 of
6392.0 27679.0 480.0 112.0 inmates
6920.0 27707.0 124.0 80.0 as

4256.0 27796.0 180.0 100.0 I'A
4432.0 27867.0 24.0 40.0 ,
4508.0 27800.0 224.0 96.0 and
4824.0 27796.0 236.0 104.0 that
5148.0 27796.0 380.0 108.0 beiore
5628.0 27807.0 188.0 92.0 the
5924.0 27803.0 268.0 96.0 next
6300.0 27819.0 116.0 84.0 se
6484.0 27800.0 252.0 104.0 sloi
6848.0 27803.0 196.0 100.0 the

4244.0 27907.0 372.0 104.0 school
4628.0 27979.0 24.0 48.0 ,
4708.0 27915.0 380.0 96.0 unless
5128.0 27911.0 532.0 116.0 enlarged
5676.0 27987.0 24.0 44.0 ,
5756.0 27915.0 372.0 100.0 would
6196.0 27911.0 140.0 104.0 bo
6416.0 27923.0 188.0 92.0 too
6712.0 27915.0 332.0 104.0 small

4248.0 28031.0 112.0 104.0 to
4404.0 28019.0 824.0 120.0 accommodate
5264.0 28035.0 312.0 108.0 luoie
5608.0 28027.0 248.0 128.0 wlio
5900.0 28027.0 448.0 120.0 Ucslrvd
6376.0 28027.0 620.0 148.0 admission
7000.0 28103.0 36.0 56.0 ,

7128.0 2740.0 112.0 112.0 In
7296.0 2744.0 360.0 108.0 which
7704.0 2756.0 340.0 100.0 event
8092.0 2748.0 260.0 120.0 they
8420.0 2756.0 372.0 104.0 would
8880.0 2756.0 132.0 112.0 be
9104.0 2756.0 616.0 128.0 compelled
9816.0 2768.0 112.0 96.0 to-

7124.0 2892.0 140.0 92.0 go
7316.0 2872.0 112.0 92.0 to
7476.0 2864.0 188.0 104.0 the
7716.0 2872.0 792.0 124.0 penitentiary.

7248.0 2980.0 204.0 104.0 Mr.
7508.0 2980.0 264.0 104.0 Coin
7816.0 2988.0 124.0 96.0 of
7984.0 2988.0 428.0 104.0 Adams
8460.0 2984.0 240.0 108.0 sild
8756.0 2984.0 132.0 108.0 he
8936.0 2984.0 336.0 112.0 knew
9312.0 2996.0 188.0 100.0 the
9536.0 2988.0 372.0 104.0 school

7140.0 3120.0 228.0 76.0 was
7420.0 3096.0 248.0 104.0 well
7740.0 3120.0 336.0 80.0 nmna
8156.0 3104.0 136.0 104.0 ed
8340.0 3108.0 224.0 96.0 aud
8676.0 3104.0 244.0 100.0 that
9028.0 3108.0 108.0 100.0 In
9252.0 3104.0 668.0 108.0 November.

7136.0 3212.0 260.0 96.0 lbN3.
7456.0 3212.0 308.0 100.0 there
7816.0 3240.0 228.0 76.0 was
8080.0 3216.0 216.0 104.0 less
8344.0 3224.0 244.0 96.0 that
8632.0 3224.0 228.0 100.0 S.UX
8860.0 3228.0 28.0 84.0 )
8932.0 3224.0 112.0 100.0 to
9092.0 3232.0 188.0 92.0 the
9384.0 3228.0 356.0 100.0 credit
9804.0 3224.0 124.0 100.0 of

7136.0 3328.0 188.0 100.0 the
7376.0 3316.0 644.0 116.0 Institution
8080.0 3336.0 108.0 96.0 In
8248.0 3332.0 184.0 104.0 the
8480.0 3344.0 284.0 92.0 state
8816.0 3340.0 528.0 104.0 troasnrv.

7248.0 3440.0 220.0 104.0 Mr.
7528.0 3448.0 560.0 100.0 Andiews
8136.0 3452.0 124.0 96.0 of
8312.0 3448.0 440.0 104.0 Buffalo
8856.0 3456.0 180.0 100.0 ald
9148.0 3456.0 244.0 100.0 that
9500.0 3452.0 84.0 100.0 it
9692.0 3476.0 232.0 76.0 was

7132.0 3580.0 600.0 100.0 nccwaiy
7780.0 3564.0 112.0 104.0 In
7944.0 3560.0 320.0 108.0 order
8312.0 3572.0 112.0 96.0 to
8468.0 3564.0 540.0 112.0 continue
9048.0 3572.0 188.0 100.0 thu
9280.0 3564.0 644.0 108.0 usefulness

7128.0 3680.0 112.0 96.0 ol
7300.0 3680.0 188.0 96.0 the
7532.0 3680.0 372.0 100.0 school
7956.0 3680.0 240.0 104.0 tiial
8244.0 3680.0 184.0 104.0 the
8472.0 3680.0 576.0 120.0 buildings
9156.0 3684.0 544.0 128.0 proposed
9792.0 3684.0 132.0 104.0 bo

7140.0 3792.0 432.0 104.0 creclid
7588.0 3864.0 24.0 44.0 ,
7732.0 3792.0 468.0 108.0 because
8304.0 3804.0 188.0 96.0 the
8604.0 3804.0 264.0 100.0 Incn
8908.0 3828.0 192.0 76.0 asu
9200.0 3804.0 124.0 100.0 of
9424.0 3804.0 460.0 100.0 commit-

7140.0 3912.0 372.0 100.0 ments
7560.0 3932.0 228.0 76.0 was
7844.0 3916.0 108.0 96.0 In
8008.0 3936.0 384.0 80.0 excess
8440.0 3916.0 120.0 100.0 of
8608.0 3916.0 184.0 100.0 the
8860.0 3912.0 1056.0 112.0 accommodations.

7252.0 4024.0 216.0 100.0 Mr.
7532.0 4024.0 548.0 104.0 Nlcholof
8136.0 4032.0 564.0 120.0 Antelope
8752.0 4032.0 496.0 104.0 believed
9300.0 4032.0 188.0 104.0 tlio
9536.0 4032.0 372.0 100.0 school

7136.0 4140.0 356.0 104.0 might
7544.0 4144.0 276.0 96.0 need
7868.0 4168.0 220.0 76.0 ono
8132.0 4164.0 252.0 84.0 new
8432.0 4144.0 512.0 124.0 building
8952.0 4220.0 24.0 28.0 ,
9032.0 4148.0 200.0 100.0 but
9320.0 4152.0 132.0 96.0 ho
9548.0 4144.0 364.0 104.0 would

7132.0 4256.0 372.0 100.0 rather
7612.0 4268.0 248.0 92.0 vole
7964.0 4260.0 180.0 100.0 for
8252.0 4284.0 300.0 80.0 none
8656.0 4272.0 116.0 92.0 at
8876.0 4244.0 144.0 120.0 ail
9124.0 4268.0 268.0 100.0 than
9452.0 4264.0 176.0 100.0 for
9696.0 4272.0 224.0 92.0 two

7136.0 4368.0 572.0 136.0 buildings
7760.0 4396.0 288.0 84.0 now.
8180.0 4372.0 320.0 116.0 They
8544.0 4376.0 192.0 104.0 did
8788.0 4376.0 280.0 104.0 need
9164.0 4384.0 188.0 96.0 the
9440.0 4376.0 480.0 124.0 laundry

7132.0 4488.0 228.0 96.0 aud
7464.0 4475.0 572.0 140.0 bakeshop
8040.0 4564.0 32.0 48.0 ,
8184.0 4492.0 200.0 104.0 but
8484.0 4492.0 280.0 116.0 only
8872.0 4516.0 220.0 84.0 one
9196.0 4500.0 124.0 96.0 of
9368.0 4496.0 192.0 100.0 the
9600.0 4496.0 320.0 100.0 other

7136.0 4600.0 600.0 108.0 buildings.

7252.0 4716.0 200.0 104.0 Mi.
7516.0 4719.0 660.0 104.0 Pemberton
8228.0 4724.0 124.0 96.0 of
8392.0 4716.0 568.0 108.0 Jefferson
9020.0 4724.0 456.0 104.0 favored
9524.0 4719.0 400.0 116.0 taking

7132.0 4860.0 68.0 72.0 a
7248.0 4840.0 244.0 132.0 pirt
7532.0 4840.0 128.0 92.0 of
7704.0 4840.0 188.0 100.0 thu
7936.0 4864.0 400.0 92.0 money
8384.0 4836.0 340.0 104.0 axked
8772.0 4836.0 232.0 108.0 and
9096.0 4840.0 452.0 116.0 putting
9652.0 4840.0 88.0 100.0 It
9812.0 4848.0 108.0 96.0 to

7132.0 4940.0 404.0 124.0 taking
7640.0 4976.0 252.0 76.0 care
7988.0 4956.0 124.0 96.0 of
8216.0 4976.0 376.0 96.0 voung
8696.0 4956.0 508.0 100.0 children
9300.0 4963.0 108.0 92.0 to
9460.0 4968.0 468.0 112.0 prevent

7136.0 5064.0 296.0 100.0 them
7488.0 5052.0 288.0 112.0 from
7824.0 5068.0 344.0 116.0 going
8236.0 5072.0 112.0 96.0 to
8452.0 5076.0 188.0 92.0 the
8748.0 5076.0 412.0 96.0 relouu
9268.0 5072.0 408.0 108.0 sxhool.
9812.0 5072.0 112.0 100.0 If

7132.0 5180.0 192.0 100.0 the
7372.0 5180.0 204.0 100.0 full
7628.0 5188.0 468.0 96.0 amount
8152.0 5207.0 284.0 76.0 were
8484.0 5184.0 476.0 104.0 allowed
9016.0 5188.0 140.0 100.0 ho
9260.0 5192.0 372.0 100.0 would
9740.0 5216.0 140.0 92.0 op-

7136.0 5316.0 260.0 112.0 pose
7444.0 5296.0 396.0 124.0 giving
7884.0 5320.0 228.0 100.0 any
8160.0 5308.0 112.0 92.0 to
8324.0 5308.0 184.0 92.0 the
8556.0 5304.0 324.0 100.0 home
8932.0 5304.0 176.0 100.0 for
9192.0 5300.0 192.0 108.0 the
9488.0 5304.0 376.0 104.0 friend

7132.0 5411.0 252.0 100.0 less.

7132.0 5411.0 296.0 212.0 less.Mr.

7252.0 5528.0 204.0 100.0 Mr.
7512.0 5524.0 364.0 108.0 Slater
7924.0 5528.0 200.0 104.0 felt
8176.0 5536.0 284.0 96.0 from
8516.0 5532.0 188.0 104.0 the
8748.0 5528.0 544.0 112.0 evidence
9380.0 5536.0 244.0 104.0 that
9708.0 5560.0 220.0 80.0 ono

7136.0 5644.0 520.0 120.0 building
7708.0 5672.0 224.0 76.0 was
7976.0 5648.0 456.0 104.0 needed.

7256.0 5760.0 844.0 104.0 AvotoonMr.
8204.0 5764.0 480.0 104.0 While's
8792.0 5764.0 424.0 104.0 motion
9236.0 5836.0 28.0 52.0 ,
9380.0 5764.0 240.0 108.0 that
9728.0 5768.0 188.0 104.0 the

7144.0 5872.0 188.0 104.0 bill
7376.0 5872.0 144.0 104.0 do
7572.0 5884.0 196.0 96.0 not
7816.0 5904.0 256.0 96.0 pass
8080.0 5956.0 24.0 36.0 ,
8164.0 5904.0 228.0 80.0 was
8440.0 5884.0 252.0 100.0 lost.

7256.0 5992.0 204.0 100.0 Mr.
7528.0 5988.0 616.0 112.0 Whltmoin
8248.0 6000.0 464.0 104.0 favored
8816.0 6024.0 144.0 76.0 an
9076.0 5996.0 844.0 128.0 appropriation

7144.0 6108.0 176.0 100.0 for
7368.0 6108.0 184.0 100.0 the
7600.0 6108.0 568.0 124.0 Dakeshop
8216.0 6112.0 464.0 104.0 because
8732.0 6116.0 136.0 100.0 ho
8916.0 6116.0 316.0 100.0 know
9304.0 6116.0 188.0 104.0 thu
9580.0 6124.0 344.0 96.0 stiuc-

7136.0 6236.0 244.0 88.0 tine
7432.0 6228.0 592.0 104.0 wasllable
8076.0 6240.0 116.0 88.0 to
8236.0 6228.0 420.0 104.0 tumble
8700.0 6232.0 376.0 104.0 down.
9216.0 6232.0 172.0 100.0 He
9468.0 6228.0 456.0 108.0 favoreil

7136.0 6340.0 520.0 116.0 dividing
7704.0 6344.0 184.0 96.0 the
7924.0 6368.0 240.0 76.0 sum
8216.0 6360.0 160.0 84.0 toi
8440.0 6347.0 188.0 96.0 the
8676.0 6344.0 300.0 100.0 main
9032.0 6347.0 572.0 120.0 buildings
9696.0 6347.0 224.0 100.0 and

7132.0 6452.0 396.0 124.0 giving
7576.0 6464.0 248.0 112.0 pait
7872.0 6460.0 156.0 100.0 foi
8088.0 6484.0 64.0 76.0 a
8240.0 6460.0 328.0 100.0 home
8676.0 6460.0 184.0 100.0 fur
8964.0 6460.0 292.0 104.0 little
9364.0 6464.0 560.0 120.0 wayward

7132.0 6572.0 544.0 100.0 children.

7256.0 6688.0 204.0 100.0 Mr.
7516.0 6688.0 368.0 100.0 Slater
7932.0 6684.0 200.0 104.0 felt
8184.0 6684.0 240.0 108.0 tint
8476.0 6688.0 84.0 104.0 It
8604.0 6716.0 228.0 76.0 was
8884.0 6688.0 188.0 104.0 the
9116.0 6716.0 336.0 80.0 sense
9540.0 6692.0 124.0 100.0 of
9728.0 6696.0 192.0 100.0 the

7144.0 6800.0 344.0 104.0 house
7536.0 6804.0 240.0 100.0 that
7820.0 6828.0 216.0 76.0 onu
8080.0 6804.0 124.0 100.0 of
8252.0 6808.0 184.0 96.0 the
8480.0 6804.0 572.0 120.0 buildings
9164.0 6832.0 228.0 76.0 \un
9500.0 6812.0 420.0 104.0 needed

7136.0 6915.0 224.0 100.0 and
7456.0 6915.0 360.0 100.0 would
7888.0 6924.0 828.0 104.0 accommodate
8804.0 6924.0 188.0 104.0 the
9080.0 6920.0 844.0 112.0 commitments

7148.0 7035.0 172.0 92.0 for
7360.0 7032.0 188.0 100.0 the
7596.0 7044.0 272.0 88.0 next
7912.0 7044.0 224.0 92.0 two
8176.0 7064.0 356.0 88.0 years.

7256.0 7148.0 204.0 104.0 Mi.
7512.0 7148.0 600.0 104.0 Andrews'
8168.0 7152.0 420.0 104.0 motion
8648.0 7159.0 112.0 96.0 to
8812.0 7180.0 304.0 104.0 repot
9144.0 7156.0 36.0 104.0 t
9232.0 7156.0 176.0 104.0 for
9456.0 7184.0 472.0 96.0 passage

7144.0 7288.0 228.0 76.0 was
7416.0 7288.0 224.0 76.0 can
7668.0 7264.0 208.0 104.0 led.

7260.0 7380.0 204.0 100.0 Mr.
7532.0 7380.0 532.0 124.0 Liseley's
8112.0 7380.0 188.0 104.0 bill
8352.0 7384.0 848.0 124.0 appropriating
9288.0 7388.0 184.0 112.0 S9"
9452.0 7428.0 28.0 60.0 >
9484.0 7392.0 220.0 116.0 ,700
9808.0 7388.0 112.0 104.0 to

7144.0 7508.0 296.0 92.0 erect
7484.0 7512.0 220.0 88.0 two
7760.0 7500.0 360.0 100.0 vvliigs
8168.0 7508.0 112.0 92.0 to
8328.0 7504.0 188.0 100.0 the
8568.0 7508.0 300.0 96.0 main
8924.0 7504.0 572.0 116.0 buildings
9544.0 7512.0 120.0 96.0 ot
9736.0 7508.0 188.0 100.0 the

7144.0 7607.0 480.0 116.0 hospital
7684.0 7624.0 176.0 92.0 tor
7904.0 7616.0 184.0 100.0 the
8140.0 7616.0 400.0 100.0 insane
8584.0 7628.0 116.0 92.0 at
8748.0 7616.0 484.0 108.0 Noifolk
9324.0 7644.0 308.0 80.0 came
9740.0 7647.0 180.0 96.0 up.

7144.0 7727.0 20.0 40.0 '
7172.0 7727.0 36.0 96.0 1
7248.0 7736.0 136.0 92.0 ho
7436.0 7727.0 324.0 104.0 Items
7804.0 7756.0 188.0 76.0 are
8056.0 7760.0 120.0 72.0 as
8284.0 7731.0 444.0 100.0 follows
8756.0 7756.0 24.0 80.0 :
8920.0 7731.0 392.0 108.0 Wlnirs
9320.0 7811.0 28.0 44.0 ,
9540.0 7744.0 332.0 92.0 4UXW
9896.0 7760.0 28.0 96.0 ;

7148.0 7844.0 448.0 104.0 kitchen
7616.0 7916.0 24.0 44.0 ,
7696.0 7848.0 416.0 120.0 bakery
8152.0 7848.0 224.0 104.0 and
8424.0 7848.0 388.0 116.0 diapel
8824.0 7920.0 24.0 44.0 ,
8924.0 7851.0 388.0 116.0 S14.0W
9312.0 7868.0 28.0 80.0 )
9364.0 7876.0 32.0 96.0 ;
9504.0 7856.0 420.0 104.0 englno

7148.0 7968.0 228.0 92.0 and
7480.0 7960.0 328.0 104.0 bollei
7936.0 7964.0 372.0 108.0 house.
8424.0 7968.0 184.0 100.0 Sl"
8620.0 7971.0 216.0 112.0 ,000
8860.0 7988.0 24.0 100.0 ;
9044.0 7975.0 268.0 92.0 barn
9328.0 8040.0 24.0 44.0 ,
9520.0 7975.0 356.0 116.0 t3,000
9900.0 7992.0 24.0 104.0 ;

7148.0 8076.0 752.0 104.0 smoke-stack
7908.0 8152.0 24.0 48.0 ,
7984.0 8084.0 352.0 108.0 84UW
8360.0 8104.0 32.0 92.0 ;
8444.0 8084.0 404.0 100.0 hollers
8856.0 8156.0 24.0 48.0 ,
8932.0 8088.0 200.0 100.0 etc.
9152.0 8156.0 24.0 52.0 ,
9248.0 8088.0 440.0 104.0 SIO.OJO.

7268.0 8196.0 200.0 100.0 Mr.
7528.0 8192.0 376.0 104.0 White
7952.0 8196.0 392.0 104.0 moved
8396.0 8204.0 112.0 96.0 to
8552.0 8204.0 408.0 96.0 amend
9008.0 8200.0 144.0 104.0 bv
9200.0 8204.0 448.0 124.0 placing
9732.0 8204.0 188.0 104.0 the

7148.0 8320.0 240.0 92.0 cost
7432.0 8312.0 120.0 96.0 of
7600.0 8312.0 184.0 100.0 the
7872.0 8312.0 744.0 108.0 smoke-stack
8720.0 8320.0 116.0 96.0 at
8944.0 8320.0 68.0 108.0 S
9028.0 8320.0 172.0 96.0 'M
9308.0 8320.0 440.0 108.0 Instead
9816.0 8320.0 120.0 100.0 of

7152.0 8428.0 376.0 108.0 S'4.000.

7272.0 8532.0 204.0 116.0 ill.
7532.0 8539.0 380.0 128.0 Klsely
7960.0 8543.0 124.0 104.0 of
8124.0 8543.0 520.0 108.0 Madison
8696.0 8543.0 240.0 104.0 said
8980.0 8543.0 312.0 108.0 theio
9340.0 8576.0 284.0 80.0 weio
9664.0 8556.0 276.0 104.0 1.000

7160.0 8660.0 404.0 104.0 Insane
7648.0 8660.0 392.0 120.0 people
8152.0 8663.0 112.0 100.0 in
8376.0 8667.0 184.0 96.0 the
8668.0 8672.0 312.0 92.0 state.
9112.0 8663.0 240.0 104.0 The
9448.0 8667.0 480.0 104.0 Lincoln

7160.0 8780.0 432.0 116.0 asylum
7668.0 8800.0 92.0 76.0 is
7844.0 8804.0 264.0 76.0 now
8196.0 8780.0 240.0 100.0 full.
8568.0 8776.0 244.0 104.0 Thu
8916.0 8772.0 480.0 112.0 Norfolk
9500.0 8800.0 436.0 108.0 asylum

7152.0 8904.0 424.0 92.0 cannot
7620.0 8904.0 828.0 92.0 accommodate
8492.0 8892.0 184.0 104.0 the
8724.0 8896.0 624.0 104.0 remainder
9392.0 8904.0 112.0 96.0 ol
9552.0 8907.0 184.0 96.0 thu
9780.0 8907.0 112.0 96.0 In-

7156.0 9036.0 280.0 76.0 sane
7520.0 9008.0 424.0 124.0 people.
8072.0 9008.0 244.0 100.0 The
8420.0 9012.0 572.0 120.0 buildings
9100.0 9016.0 344.0 104.0 asked
9456.0 9088.0 24.0 48.0 ,
9596.0 9020.0 348.0 100.0 there-

7160.0 9128.0 240.0 96.0 foie
7408.0 9195.0 24.0 40.0 ,
7488.0 9151.0 184.0 76.0 are
7724.0 9124.0 332.0 124.0 badly
8104.0 9124.0 460.0 108.0 needed.

7276.0 9240.0 204.0 104.0 Mr.
7548.0 9240.0 448.0 104.0 DallarU
8044.0 9244.0 124.0 100.0 of
8216.0 9240.0 484.0 104.0 I'llmoio
8752.0 9244.0 456.0 104.0 favored
9324.0 9252.0 184.0 100.0 the
9616.0 9248.0 280.0 104.0 strik-

7168.0 9355.0 192.0 120.0 ing
7404.0 9364.0 196.0 96.0 out
7668.0 9368.0 120.0 88.0 ot
7892.0 9360.0 188.0 100.0 the
8188.0 9360.0 832.0 124.0 appioptlatloti
9140.0 9368.0 176.0 96.0 for
9420.0 9368.0 188.0 100.0 tlm
9712.0 9388.0 228.0 80.0 two

7164.0 9475.0 392.0 112.0 wings.
7684.0 9472.0 316.0 124.0 They
8048.0 9475.0 216.0 100.0 bad
8312.0 9475.0 456.0 108.0 alreadv
8856.0 9475.0 320.0 104.0 made
9284.0 9504.0 140.0 80.0 an
9544.0 9508.0 352.0 96.0 appro
9904.0 9555.0 36.0 28.0 ,

7164.0 9592.0 488.0 112.0 prlation
7864.0 9592.0 180.0 96.0 for
8244.0 9592.0 188.0 100.0 the
8712.0 9592.0 436.0 104.0 asylum
9436.0 9599.0 176.0 96.0 for
9776.0 9599.0 116.0 100.0 in-

7160.0 9704.0 448.0 104.0 curable
7736.0 9704.0 404.0 104.0 Insine
8260.0 9712.0 116.0 96.0 at
8484.0 9704.0 580.0 124.0 Hastings.
9208.0 9708.0 164.0 104.0 He
9436.0 9712.0 192.0 104.0 did
9704.0 9719.0 200.0 96.0 not

7172.0 9824.0 556.0 100.0 therefore
7732.0 9896.0 28.0 36.0 ,
7856.0 9824.0 220.0 100.0 leel
8144.0 9824.0 240.0 100.0 that
8488.0 9824.0 188.0 100.0 the
8780.0 9824.0 484.0 104.0 Noifolk
9372.0 9828.0 572.0 116.0 buildings

7168.0 9963.0 292.0 76.0 weru
7508.0 9960.0 624.0 96.0 necessaiy.
8264.0 9936.0 180.0 100.0 He
8488.0 9940.0 392.0 100.0 moved
8952.0 9960.0 112.0 80.0 to
9168.0 9944.0 328.0 100.0 allow
9600.0 9948.0 348.0 116.0 SJ.OOO

7164.0 10056.0 160.0 100.0 foi
7384.0 10056.0 392.0 100.0 smoke
7820.0 10056.0 316.0 100.0 stack
8188.0 10056.0 444.0 100.0 instead
8676.0 10060.0 116.0 96.0 ol
8864.0 10060.0 372.0 116.0 i-t.COO.
9368.0 10060.0 280.0 104.0 Mills
9716.0 10087.0 228.0 76.0 was

7160.0 10167.0 468.0 108.0 carried.

7280.0 10284.0 204.0 100.0 Mr.
7536.0 10280.0 508.0 108.0 Mchol's
8084.0 10284.0 732.0 104.0 amendment
8860.0 10284.0 112.0 104.0 to
9020.0 10287.0 328.0 104.0 make
9428.0 10296.0 84.0 100.0 it
9600.0 10291.0 352.0 120.0 81,000

7160.0 10424.0 172.0 80.0 sin
7372.0 10396.0 500.0 104.0 deeded.

7276.0 10516.0 208.0 100.0 Mr.
7540.0 10512.0 448.0 104.0 llallard
8036.0 10516.0 124.0 100.0 of
8236.0 10512.0 520.0 104.0 Fillmore
8868.0 10520.0 396.0 100.0 moved
9380.0 10524.0 112.0 100.0 to
9596.0 10524.0 352.0 100.0 strike-

7160.0 10636.0 196.0 92.0 out
7404.0 10632.0 184.0 100.0 the
7632.0 10632.0 412.0 112.0 SIU.COO
8088.0 10636.0 176.0 92.0 for
8308.0 10640.0 192.0 92.0 tlu
8548.0 10652.0 224.0 80.0 two
8820.0 10636.0 392.0 120.0 wings.

7276.0 10744.0 204.0 108.0 Mr.
7540.0 10744.0 412.0 116.0 Kelper
7996.0 10748.0 120.0 96.0 of
8188.0 10748.0 376.0 100.0 Pierce
8612.0 10748.0 444.0 104.0 wanted
9104.0 10764.0 112.0 88.0 to
9264.0 10752.0 340.0 104.0 know
9648.0 10756.0 308.0 104.0 what

7160.0 10855.0 260.0 124.0 they
7468.0 10888.0 292.0 76.0 were
7804.0 10859.0 344.0 124.0 going
8196.0 10868.0 116.0 92.0 to
8356.0 10863.0 144.0 96.0 do
8568.0 10868.0 272.0 96.0 with
8948.0 10868.0 184.0 100.0 the
9200.0 10872.0 748.0 120.0 unprovided-

7164.0 10979.0 176.0 96.0 for
7388.0 10979.0 428.0 100.0 Insane.
7952.0 10983.0 108.0 92.0 It
8108.0 10979.0 364.0 100.0 would
8524.0 10979.0 256.0 100.0 take
8828.0 10983.0 224.0 96.0 two
9156.0 11008.0 324.0 96.0 ye.us
9568.0 10992.0 380.0 96.0 befoia

7172.0 11092.0 184.0 100.0 the
7396.0 11092.0 364.0 104.0 wines
7808.0 11120.0 124.0 72.0 or
7976.0 11092.0 184.0 100.0 tlio
8204.0 11096.0 432.0 116.0 asylum
8688.0 11099.0 116.0 96.0 at
8856.0 11092.0 544.0 128.0 Hastings
9448.0 11103.0 320.0 100.0 could
9820.0 11103.0 132.0 100.0 bo

7160.0 11208.0 652.0 124.0 completed.
7948.0 11208.0 168.0 140.0 Uy
8160.0 11212.0 240.0 100.0 that
8448.0 11212.0 268.0 100.0 time
8836.0 11212.0 260.0 120.0 they
9200.0 11200.0 364.0 120.0 would
9672.0 11220.0 280.0 104.0 have

7156.0 11332.0 32.0 88.0 !
7196.0 11320.0 1112.0 124.0 KKunpiovldcd-for
7304.0 11332.0 32.0 88.0 )
8372.0 11328.0 400.0 100.0 insane
8840.0 11328.0 108.0 100.0 In
9044.0 11328.0 224.0 104.0 this
9360.0 11343.0 316.0 92.0 state.
9812.0 11340.0 132.0 96.0 In

7164.0 11444.0 232.0 100.0 fact
7444.0 11444.0 312.0 108.0 theio
7804.0 11448.0 292.0 92.0 must
8144.0 11440.0 132.0 100.0 be
8324.0 11464.0 232.0 76.0 now
8636.0 11448.0 20.0 88.0 !
8668.0 11484.0 24.0 48.0 >
8696.0 11448.0 120.0 88.0 00
8884.0 11444.0 560.0 108.0 incurable
9556.0 11452.0 396.0 100.0 Insane

7164.0 11555.0 392.0 120.0 people
7608.0 11555.0 112.0 100.0 in
7780.0 11560.0 184.0 96.0 the
8000.0 11560.0 324.0 100.0 state.
8452.0 11555.0 368.0 104.0 These
8872.0 11564.0 364.0 112.0 wings
9288.0 11568.0 360.0 96.0 would
9720.0 11576.0 236.0 92.0 cost

7164.0 11680.0 196.0 92.0 but
7396.0 11675.0 112.0 92.0 ir
7488.0 11711.0 32.0 56.0 >
7560.0 11680.0 320.0 96.0 cents
7924.0 11700.0 68.0 76.0 a
8036.0 11700.0 256.0 76.0 man
8304.0 11748.0 24.0 44.0 ,
8376.0 11675.0 228.0 100.0 and
8680.0 11671.0 240.0 104.0 that
8956.0 11680.0 324.0 104.0 cc.ild
9368.0 11684.0 344.0 120.0 easily
9824.0 11688.0 132.0 100.0 bo

7160.0 11791.0 528.0 100.0 atlorded.

7280.0 11908.0 176.0 96.0 Mr
7460.0 11972.0 24.0 36.0 ,
7532.0 11904.0 368.0 100.0 Slater
7940.0 11908.0 124.0 96.0 of
8120.0 11900.0 428.0 116.0 Wavno
8596.0 11904.0 240.0 104.0 said
8904.0 11908.0 184.0 104.0 the
9180.0 11908.0 568.0 116.0 buildings
9832.0 11940.0 124.0 76.0 as

7168.0 12024.0 832.0 120.0 contemplated
8092.0 12024.0 364.0 100.0 would
8560.0 12024.0 824.0 104.0 accommodate
9484.0 12035.0 180.0 92.0 SOU
9768.0 12060.0 132.0 96.0 pa

7160.0 12140.0 388.0 100.0 tients.
7684.0 12136.0 296.0 120.0 They
8044.0 12140.0 324.0 100.0 could
8416.0 12148.0 200.0 108.0 put
8668.0 12140.0 180.0 100.0 the
8892.0 12163.0 404.0 100.0 money
9404.0 12148.0 348.0 100.0 asked
9844.0 12156.0 112.0 92.0 tone

7164.0 12276.0 148.0 76.0 no
7360.0 12260.0 356.0 92.0 better
7756.0 12276.0 196.0 76.0 use
8004.0 12256.0 264.0 96.0 than
8360.0 12264.0 112.0 88.0 to
8572.0 12260.0 300.0 96.0 eiect
8976.0 12256.0 184.0 104.0 the
9268.0 12260.0 364.0 120.0 wings
9720.0 12287.0 192.0 96.0 pro

7164.0 12367.0 372.0 120.0 posed.
7664.0 12367.0 244.0 100.0 The
7952.0 12367.0 488.0 100.0 demand
8492.0 12367.0 176.0 100.0 for
8712.0 12372.0 188.0 100.0 the
8984.0 12380.0 960.0 100.0 accommodation

7160.0 12491.0 124.0 92.0 of
7352.0 12480.0 488.0 128.0 patients
7888.0 12483.0 196.0 100.0 has
8136.0 12483.0 272.0 104.0 beeu
8480.0 12483.0 324.0 100.0 made
8904.0 12487.0 228.0 104.0 and
9196.0 12491.0 344.0 120.0 ought
9608.0 12508.0 112.0 88.0 to
9824.0 12496.0 132.0 100.0 bo

7160.0 12600.0 456.0 100.0 heeded.

7280.0 12716.0 204.0 100.0 Mr.
7556.0 12716.0 652.0 100.0 Pemberton
8268.0 12712.0 316.0 104.0 made
8628.0 12716.0 424.0 104.0 several
9128.0 12720.0 820.0 128.0 amendments

7164.0 12855.0 220.0 76.0 one
7424.0 12832.0 664.0 120.0 suggesting
8192.0 12851.0 216.0 80.0 one
8516.0 12832.0 308.0 116.0 wing
8932.0 12832.0 440.0 108.0 InstiMd
9480.0 12844.0 116.0 96.0 ot
9728.0 12855.0 220.0 88.0 two

7164.0 12971.0 364.0 80.0 wings
7536.0 13019.0 24.0 28.0 ,
7696.0 12944.0 176.0 104.0 llu
7916.0 12948.0 192.0 100.0 did
8164.0 12952.0 200.0 92.0 not
8448.0 12944.0 424.0 104.0 believe
8980.0 12948.0 308.0 104.0 theic
9396.0 12979.0 224.0 76.0 was
9728.0 12988.0 224.0 92.0 any

7160.0 13064.0 288.0 100.0 nerd
7500.0 13068.0 184.0 96.0 tor
7728.0 13064.0 192.0 100.0 the
7964.0 13064.0 308.0 100.0 httei
8328.0 13080.0 500.0 84.0 milliner.

7276.0 13179.0 200.0 100.0 Mi.
7592.0 13179.0 404.0 100.0 Nlchol
8092.0 13179.0 112.0 96.0 ot
8332.0 13175.0 568.0 124.0 Antelope
9004.0 13179.0 496.0 104.0 believed
9608.0 13212.0 336.0 96.0 every

7168.0 13292.0 344.0 104.0 ilollar
7556.0 13292.0 344.0 104.0 asked
7956.0 13299.0 176.0 92.0 lor
8220.0 13316.0 228.0 80.0 was
8560.0 13292.0 420.0 104.0 needed
8992.0 13360.0 24.0 44.0 ,
9148.0 13295.0 240.0 104.0 'Iho
9492.0 13312.0 460.0 100.0 present

7160.0 13412.0 516.0 124.0 building
7724.0 13412.0 92.0 96.0 Is
7860.0 13408.0 188.0 104.0 the
8096.0 13412.0 240.0 96.0 best
8376.0 13432.0 220.0 76.0 one
8648.0 13412.0 112.0 96.0 in
8848.0 13412.0 192.0 100.0 Iho
9084.0 13416.0 288.0 100.0 slate
9476.0 13419.0 184.0 96.0 tor
9760.0 13419.0 192.0 100.0 the

7164.0 13552.0 436.0 96.0 money.
7728.0 13524.0 364.0 100.0 Tlieie
8140.0 13552.0 184.0 72.0 sue
8376.0 13547.0 260.0 80.0 now
8712.0 13528.0 184.0 96.0 400
8976.0 13532.0 744.0 120.0 applications
9832.0 13543.0 116.0 88.0 ot

7164.0 13640.0 396.0 104.0 insane
7604.0 13640.0 392.0 124.0 people
8068.0 13640.0 160.0 100.0 foi
8284.0 13640.0 612.0 104.0 admission
8972.0 13648.0 108.0 100.0 to
9188.0 13652.0 188.0 92.0 the
9476.0 13652.0 428.0 116.0 asylum
9924.0 13728.0 20.0 44.0 ,

7160.0 13760.0 228.0 96.0 and
7436.0 13764.0 188.0 92.0 the
7668.0 13764.0 448.0 112.0 piesent
8188.0 13756.0 512.0 112.0 building
8812.0 13780.0 200.0 80.0 can
9128.0 13768.0 828.0 100.0 accommodate

7164.0 13871.0 220.0 100.0 'ess
7428.0 13875.0 268.0 96.0 than
7752.0 13871.0 640.0 100.0 ono-fouith
8432.0 13871.0 248.0 96.0 that
8744.0 13871.0 500.0 100.0 number.

7280.0 13987.0 208.0 92.0 An.
7540.0 13984.0 384.0 96.0 Peters
7968.0 13984.0 120.0 88.0 of
8152.0 13984.0 384.0 96.0 lioonu
8580.0 13980.0 488.0 120.0 opposed
9120.0 13984.0 196.0 104.0 Mr.
9432.0 13987.0 504.0 104.0 Pembci-

7164.0 14092.0 296.0 104.0 ton's
7504.0 14096.0 732.0 100.0 amendment
8336.0 14115.0 148.0 80.0 on
8596.0 14100.0 184.0 92.0 the
8860.0 14104.0 436.0 112.0 ground
9408.0 14104.0 240.0 100.0 that
9756.0 14107.0 188.0 96.0 the

7164.0 14212.0 320.0 116.0 plant
7532.0 14235.0 224.0 72.0 was
7804.0 14208.0 444.0 116.0 alieady
8276.0 14208.0 668.0 100.0 established
8960.0 14284.0 20.0 32.0 ,
9020.0 14216.0 224.0 96.0 and
9288.0 14216.0 236.0 100.0 tli.it
9556.0 14224.0 120.0 92.0 at.
9720.0 14224.0 228.0 92.0 this

7164.0 14323.0 272.0 96.0 tlmo
7484.0 14323.0 188.0 96.0 the
7720.0 14323.0 872.0 120.0 Impiovements
8640.0 14308.0 344.0 112.0 asked
9028.0 14328.0 320.0 96.0 uwlii
9404.0 14332.0 124.0 96.0 he
9636.0 14328.0 320.0 104.0 made

7168.0 14460.0 304.0 76.0 more
7516.0 14431.0 800.0 120.0 economically
8368.0 14435.0 268.0 96.0 than
8688.0 14448.0 112.0 88.0 at
8844.0 14460.0 228.0 92.0 any
9120.0 14439.0 300.0 100.0 othci
9484.0 14435.0 296.0 108.0 lime.

7280.0 14552.0 204.0 104.0 Mr.
7548.0 14548.0 420.0 100.0 llailan
8020.0 14548.0 192.0 100.0 did
8264.0 14552.0 204.0 96.0 not
8516.0 14552.0 212.0 96.0 leel
8780.0 14548.0 232.0 100.0 that
9064.0 14555.0 148.0 96.0 all
9264.0 14555.0 184.0 100.0 the
9560.0 14555.0 388.0 124.0 people

7160.0 14672.0 124.0 92.0 of
7352.0 14664.0 580.0 104.0 Nebraska
7976.0 14664.0 220.0 100.0 had
8248.0 14675.0 188.0 112.0 yet
8484.0 14668.0 112.0 96.0 to
8684.0 14668.0 128.0 96.0 bo
8900.0 14668.0 540.0 120.0 provided
9544.0 14679.0 160.0 92.0 toi
9828.0 14700.0 112.0 76.0 in

7160.0 14780.0 432.0 104.0 lunatic
7636.0 14780.0 528.0 120.0 asylums.
8308.0 14776.0 360.0 108.0 While
8720.0 14784.0 184.0 96.0 the
8960.0 14784.0 396.0 100.0 Insane
9420.0 14788.0 532.0 100.0 deserved

7164.0 14900.0 188.0 100.0 the
7392.0 14900.0 608.0 116.0 sympathy
8048.0 14904.0 116.0 92.0 ol
8216.0 14900.0 188.0 96.0 the
8456.0 14896.0 384.0 120.0 people
8848.0 14967.0 24.0 48.0 ,
8968.0 14908.0 188.0 104.0 vet
9264.0 14908.0 84.0 92.0 It
9456.0 14927.0 224.0 76.0 was
9768.0 14912.0 184.0 92.0 the

7164.0 15024.0 392.0 108.0 people
7564.0 15083.0 24.0 48.0 ,
7644.0 15011.0 184.0 100.0 the
7876.0 15032.0 512.0 80.0 common
8424.0 15011.0 392.0 120.0 people
8824.0 15083.0 20.0 44.0 ,
8900.0 15011.0 252.0 100.0 who
9184.0 15015.0 320.0 100.0 could
9560.0 15024.0 196.0 92.0 not
9800.0 15043.0 156.0 76.0 ic-

7164.0 15135.0 260.0 92.0 tuin
7480.0 15123.0 280.0 104.0 false
7804.0 15135.0 740.0 92.0 assessments
8552.0 15200.0 24.0 28.0 ,
8636.0 15127.0 244.0 96.0 who
8932.0 15127.0 216.0 104.0 had
9236.0 15135.0 116.0 92.0 to
9456.0 15156.0 216.0 96.0 pay
9776.0 15135.0 156.0 100.0 foi

7164.0 15244.0 188.0 100.0 the
7424.0 15244.0 900.0 116.0 Improvements.
8512.0 15228.0 192.0 112.0 All
8816.0 15244.0 308.0 104.0 these
9224.0 15272.0 312.0 76.0 sums
9636.0 15251.0 316.0 112.0 giad-

7168.0 15356.0 300.0 124.0 nally
7512.0 15360.0 368.0 100.0 talsed
7928.0 15364.0 188.0 96.0 the
8160.0 15367.0 588.0 104.0 aggregate
8796.0 15371.0 112.0 84.0 to
8956.0 15388.0 64.0 76.0 a
9060.0 15388.0 192.0 88.0 gie
9292.0 15371.0 84.0 92.0 it
9440.0 15371.0 468.0 96.0 amount
9916.0 15440.0 24.0 44.0 ,

7168.0 15476.0 224.0 104.0 and
7444.0 15476.0 140.0 96.0 ho
7664.0 15499.0 232.0 76.0 was
8004.0 15476.0 488.0 116.0 opposed
8596.0 15484.0 116.0 88.0 to
8816.0 15476.0 184.0 104.0 the
9108.0 15480.0 832.0 120.0 appioprlatlon

7168.0 15592.0 292.0 100.0 until
7508.0 15592.0 140.0 96.0 ho
7696.0 15600.0 332.0 88.0 know
8080.0 15592.0 296.0 100.0 what
8428.0 15611.0 228.0 76.0 was
8760.0 15592.0 336.0 100.0 uolnc
9212.0 15600.0 112.0 92.0 lo
9432.0 15596.0 128.0 100.0 bo
9660.0 15596.0 296.0 104.0 done

7172.0 15707.0 272.0 100.0 with
7492.0 15712.0 188.0 92.0 the
7724.0 15699.0 556.0 124.0 Hastings
8328.0 15703.0 228.0 104.0 bill.
8688.0 15695.0 340.0 108.0 What
9076.0 15688.0 212.0 120.0 had
9336.0 15707.0 188.0 104.0 the
9612.0 15707.0 344.0 104.0 house

7172.0 15823.0 292.0 100.0 done
7512.0 15827.0 160.0 92.0 toi
7728.0 15823.0 188.0 96.0 the
7960.0 15844.0 252.0 92.0 pooi
8276.0 15815.0 392.0 124.0 people
8716.0 15819.0 120.0 100.0 of
8884.0 15823.0 224.0 100.0 this
9156.0 15836.0 288.0 88.0 state
9448.0 15899.0 24.0 40.0 ,
9532.0 15832.0 160.0 96.0 lot
9768.0 15827.0 188.0 100.0 the

7172.0 15935.0 592.0 120.0 pioduccis
7812.0 15947.0 120.0 84.0 ot
8016.0 15935.0 224.0 100.0 this
8344.0 15935.0 348.0 100.0 statoV
8812.0 15932.0 368.0 104.0 Theio
9284.0 15968.0 292.0 76.0 vein
9680.0 15947.0 228.0 96.0 hun-

7168.0 16056.0 336.0 96.0 dreds
7548.0 16056.0 120.0 92.0 of
7736.0 16056.0 300.0 96.0 them
8088.0 16052.0 248.0 100.0 who
8384.0 16052.0 292.0 100.0 lived
8732.0 16048.0 112.0 104.0 In
8892.0 16056.0 192.0 100.0 sod
9140.0 16052.0 396.0 104.0 houses
9584.0 16059.0 360.0 104.0 which

7176.0 16191.0 288.0 76.0 vvero
7572.0 16168.0 556.0 100.0 tiimblinir
8224.0 16164.0 332.0 100.0 down
8668.0 16168.0 340.0 104.0 about
9128.0 16172.0 336.0 104.0 them.
9596.0 16172.0 364.0 104.0 These

7172.0 16284.0 392.0 120.0 people
7608.0 16284.0 320.0 100.0 could
7980.0 16288.0 200.0 96.0 not
8228.0 16284.0 324.0 96.0 make
8596.0 16307.0 144.0 72.0 an
8788.0 16292.0 836.0 120.0 appropriation
9684.0 16292.0 268.0 100.0 with

7172.0 16427.0 64.0 72.0 a
7280.0 16423.0 140.0 76.0 svv
7456.0 16423.0 204.0 100.0 eep
7700.0 16404.0 120.0 92.0 of
7872.0 16399.0 184.0 100.0 the
8100.0 16423.0 212.0 92.0 pen
8364.0 16395.0 224.0 104.0 and
8632.0 16399.0 320.0 120.0 jump
9000.0 16399.0 240.0 104.0 Into
9284.0 16431.0 64.0 72.0 a
9396.0 16408.0 556.0 100.0 mansion.

7164.0 16515.0 372.0 100.0 These
7580.0 16519.0 348.0 112.0 ought
7964.0 16519.0 112.0 96.0 to
8100.0 16500.0 152.0 116.0 lie
8296.0 16515.0 656.0 100.0 considered
9004.0 16515.0 108.0 104.0 In
9228.0 16519.0 224.0 100.0 this
9560.0 16528.0 384.0 96.0 mattoi

7172.0 16635.0 124.0 96.0 of
7356.0 16631.0 188.0 104.0 the
7588.0 16635.0 732.0 116.0 expendittuu
8368.0 16631.0 124.0 96.0 of
8556.0 16631.0 184.0 100.0 the
8788.0 16656.0 384.0 100.0 money
9244.0 16635.0 360.0 104.0 which
9688.0 16639.0 264.0 120.0 they

7180.0 16772.0 284.0 80.0 weio
7512.0 16748.0 372.0 104.0 forced
7936.0 16755.0 112.0 92.0 to
8100.0 16748.0 476.0 100.0 furnish.

7292.0 16864.0 204.0 104.0 Mi.
7560.0 16860.0 404.0 112.0 Kelper
8004.0 16864.0 120.0 96.0 ot
8188.0 16864.0 384.0 108.0 Pierce
8620.0 16860.0 244.0 104.0 said
8968.0 16864.0 244.0 108.0 that
9324.0 16868.0 192.0 100.0 the
9620.0 16896.0 292.0 96.0 oppo-

7184.0 16992.0 336.0 92.0 nents
7564.0 16988.0 120.0 92.0 ol
7768.0 16980.0 180.0 100.0 tha
7996.0 16976.0 188.0 104.0 bill
8232.0 16980.0 416.0 100.0 ottered
8764.0 17003.0 148.0 76.0 no
9016.0 16984.0 576.0 108.0 statistics.
9720.0 16988.0 244.0 100.0 'Ihe

7172.0 17100.0 328.0 100.0 latter
7544.0 17123.0 292.0 76.0 wru
7880.0 17100.0 588.0 116.0 presented
8520.0 17100.0 116.0 116.0 by
8708.0 17100.0 144.0 96.0 its
8900.0 17108.0 672.0 112.0 supporters.
9664.0 17100.0 280.0 104.0 This

7176.0 17211.0 516.0 116.0 building
7740.0 17211.0 368.0 100.0 would
8160.0 17211.0 256.0 120.0 help
8464.0 17211.0 188.0 100.0 the
8700.0 17235.0 248.0 84.0 pooi
9032.0 17220.0 456.0 96.0 because
9528.0 17220.0 188.0 100.0 the
9764.0 17243.0 200.0 76.0 uu-

7180.0 17340.0 572.0 92.0 tortunato
7800.0 17327.0 404.0 100.0 Insane
8284.0 17327.0 328.0 100.0 could
8716.0 17327.0 132.0 100.0 bo
8948.0 17335.0 604.0 116.0 suppoited
9664.0 17359.0 304.0 76.0 moio

7176.0 17447.0 468.0 120.0 cheaply
7696.0 17443.0 396.0 100.0 within
8160.0 17447.0 144.0 96.0 Its
8352.0 17443.0 344.0 100.0 walls.
8836.0 17439.0 176.0 108.0 Ho
9120.0 17447.0 356.0 112.0 hoped
9568.0 17447.0 120.0 104.0 In
9780.0 17451.0 188.0 100.0 the

7180.0 17584.0 332.0 80.0 name
7556.0 17563.0 112.0 96.0 ot
7724.0 17560.0 572.0 120.0 humanlly
8364.0 17560.0 184.0 100.0 the
8636.0 17563.0 840.0 120.0 appioprlatlon
9596.0 17567.0 368.0 104.0 would

7180.0 17680.0 132.0 100.0 be
7400.0 17676.0 500.0 108.0 allowed.

7292.0 17796.0 204.0 100.0 Mr.
7552.0 17792.0 532.0 104.0 Caldwell
8132.0 17792.0 120.0 100.0 of
8296.0 17788.0 620.0 108.0 Lancaster
8956.0 17792.0 240.0 104.0 said
9252.0 17792.0 88.0 104.0 It
9384.0 17823.0 236.0 76.0 was
9664.0 17796.0 288.0 104.0 false

7176.0 17931.0 544.0 100.0 economy
7784.0 17916.0 116.0 96.0 to
7988.0 17916.0 172.0 112.0 tiy
8228.0 17916.0 112.0 92.0 to
8424.0 17916.0 204.0 100.0 put
8736.0 17931.0 116.0 80.0 in
8968.0 17912.0 400.0 100.0 boileis
9376.0 17988.0 24.0 48.0 ,
9512.0 17920.0 420.0 96.0 cnulne
9936.0 17992.0 28.0 44.0 ,

7184.0 18051.0 396.0 96.0 pumps
7620.0 18051.0 228.0 76.0 ami
7900.0 18023.0 648.0 116.0 machinery
8596.0 18028.0 172.0 96.0 for
8808.0 18028.0 356.0 112.0 30,000
9196.0 18028.0 324.0 104.0 when
9560.0 18032.0 412.0 112.0 810,000

7180.0 18168.0 292.0 76.0 were
7520.0 18143.0 476.0 100.0 needed.
8136.0 18143.0 152.0 96.0 So
8332.0 18135.0 272.0 108.0 with
8652.0 18139.0 188.0 104.0 the
8888.0 18147.0 316.0 96.0 other
9252.0 18143.0 352.0 104.0 Items.
9728.0 18147.0 244.0 100.0 The

7176.0 18267.0 616.0 92.0 structures
7864.0 18255.0 224.0 104.0 and
8204.0 18263.0 692.0 96.0 necessaries
9000.0 18259.0 404.0 104.0 should
9512.0 18263.0 132.0 100.0 bo
9720.0 18288.0 256.0 100.0 pio-

7184.0 18375.0 332.0 100.0 vldcd
7568.0 18375.0 272.0 100.0 with
7888.0 18400.0 68.0 72.0 a
8004.0 18375.0 284.0 100.0 view
8332.0 18379.0 116.0 96.0 to
8500.0 18375.0 184.0 96.0 the
8736.0 18379.0 404.0 100.0 future.

7304.0 18488.0 200.0 104.0 Mr.
7560.0 18488.0 668.0 104.0 Pcmbcnton
8284.0 18515.0 52.0 68.0 s
8380.0 18492.0 732.0 104.0 amendment
9160.0 18495.0 116.0 96.0 to
9376.0 18495.0 300.0 104.0 erect
9784.0 18499.0 188.0 100.0 but

7184.0 18627.0 220.0 76.0 onu
7440.0 18604.0 516.0 104.0 building
8008.0 18631.0 224.0 72.0 was
8280.0 18604.0 244.0 104.0 lost.

7304.0 18720.0 204.0 104.0 Mi.
7556.0 18715.0 548.0 104.0 Dalhird's
8152.0 18720.0 732.0 108.0 amendment
8924.0 18724.0 116.0 100.0 to
9088.0 18724.0 352.0 104.0 stilko
9504.0 18728.0 192.0 100.0 out
9784.0 18724.0 192.0 104.0 the

7180.0 18835.0 844.0 124.0 appropriation
8144.0 18844.0 184.0 92.0 tor
8428.0 18839.0 264.0 100.0 both
8804.0 18839.0 572.0 124.0 buildings
9388.0 18915.0 24.0 44.0 ,
9528.0 18844.0 412.0 120.0 349,000
9944.0 18915.0 24.0 48.0 ,

7184.0 18976.0 232.0 76.0 w.is
7460.0 18959.0 240.0 92.0 also
7740.0 18951.0 552.0 104.0 defeated.

7300.0 19067.0 240.0 100.0 The
7592.0 19067.0 204.0 104.0 lull
7844.0 19067.0 836.0 120.0 apptopilation
8776.0 19075.0 124.0 96.0 of
9004.0 19071.0 408.0 112.0 879,000
9516.0 19100.0 232.0 80.0 was
9832.0 19071.0 108.0 104.0 al-

7184.0 19180.0 200.0 100.0 low
7416.0 19184.0 132.0 104.0 ed
7592.0 19184.0 140.0 120.0 by
7776.0 19208.0 68.0 76.0 a
7888.0 19208.0 44.0 72.0 v
7960.0 19191.0 180.0 92.0 oto
8184.0 19187.0 128.0 96.0 of
8348.0 19191.0 120.0 88.0 80
8512.0 19191.0 112.0 96.0 to
8660.0 19191.0 152.0 100.0 'iO.
8888.0 19187.0 204.0 104.0 Mr.
9148.0 19191.0 452.0 100.0 Andres
9648.0 19191.0 332.0 100.0 alone

7184.0 19304.0 120.0 92.0 ot
7352.0 19296.0 188.0 104.0 the
7596.0 19296.0 488.0 120.0 Douglas
8128.0 19300.0 632.0 116.0 delegation
8820.0 19304.0 320.0 100.0 voted
9156.0 19376.0 24.0 44.0 ,
9292.0 19304.0 228.0 100.0 and
9632.0 19308.0 136.0 100.0 he
9856.0 19308.0 116.0 100.0 In

7188.0 19416.0 188.0 100.0 the
7416.0 19416.0 692.0 104.0 affirmative.
8236.0 19416.0 244.0 100.0 The
8560.0 19416.0 196.0 104.0 bill
8804.0 19439.0 232.0 80.0 was
9120.0 19420.0 860.0 104.0 recommended

7188.0 19540.0 112.0 92.0 to
7344.0 19552.0 288.0 88.0 pass.

7300.0 19628.0 244.0 120.0 The
7588.0 19643.0 636.0 104.0 committee
8272.0 19672.0 312.0 76.0 arose
8628.0 19647.0 228.0 104.0 and
8908.0 19647.0 556.0 124.0 reported.

7304.0 19759.0 208.0 104.0 Mr.
7572.0 19759.0 460.0 104.0 Watson
8088.0 19767.0 396.0 100.0 moved
8532.0 19767.0 116.0 96.0 to
8688.0 19767.0 408.0 104.0 amend
9144.0 19767.0 188.0 100.0 the
9380.0 19767.0 372.0 116.0 report
9852.0 19767.0 128.0 100.0 of

7188.0 19876.0 188.0 104.0 the
7416.0 19879.0 644.0 100.0 committee
8100.0 19879.0 120.0 100.0 of
8264.0 19883.0 184.0 100.0 the
8516.0 19879.0 364.0 104.0 whole
8988.0 19879.0 140.0 124.0 by
9232.0 19887.0 468.0 96.0 makinir
9792.0 19883.0 188.0 104.0 the

7188.0 19996.0 840.0 124.0 appioprlatlon
8084.0 19996.0 160.0 100.0 foi
8308.0 19999.0 188.0 96.0 the
8544.0 19996.0 516.0 124.0 blindasy
9092.0 19999.0 228.0 104.0 linn
9360.0 20003.0 180.0 108.0 5J"
9520.0 20039.0 32.0 56.0 >
9556.0 20003.0 216.0 120.0 ,000
9820.0 20003.0 112.0 100.0 In-

7184.0 20112.0 316.0 100.0 stead
7548.0 20112.0 124.0 96.0 of
7720.0 20112.0 64.0 104.0 8
7852.0 20116.0 304.0 112.0 0,000.
8284.0 20112.0 284.0 100.0 This
8616.0 20116.0 596.0 112.0 prevailed.

7308.0 20228.0 204.0 104.0 Mi.
7576.0 20223.0 372.0 104.0 White
7996.0 20228.0 396.0 100.0 moved
8468.0 20228.0 244.0 104.0 that
8796.0 20232.0 188.0 100.0 thu
9092.0 20232.0 364.0 124.0 ropoit
9560.0 20236.0 124.0 96.0 of
9792.0 20232.0 188.0 104.0 the

7184.0 20343.0 644.0 100.0 commltteo
7872.0 20371.0 124.0 72.0 us
8040.0 20343.0 552.0 104.0 amended
8644.0 20343.0 128.0 100.0 bn
8812.0 20348.0 200.0 104.0 not
9104.0 20348.0 616.0 104.0 concurred
9816.0 20352.0 156.0 100.0 In.

7184.0 20459.0 244.0 100.0 The
7520.0 20484.0 264.0 76.0 sues
7856.0 20463.0 228.0 96.0 and
8196.0 20484.0 284.0 96.0 nays
8592.0 20487.0 284.0 76.0 were
8988.0 20463.0 356.0 100.0 call"d
9460.0 20463.0 228.0 104.0 and
9796.0 20467.0 192.0 100.0 the

7192.0 20575.0 424.0 104.0 motion
7672.0 20604.0 76.0 72.0 vv
7776.0 20600.0 124.0 76.0 as
7948.0 20579.0 216.0 100.0 lost
8212.0 20579.0 140.0 116.0 by
8396.0 20604.0 64.0 72.0 a
8512.0 20604.0 40.0 72.0 v
8584.0 20583.0 180.0 92.0 otu
8808.0 20579.0 124.0 96.0 of
8980.0 20583.0 108.0 92.0 'A
9136.0 20592.0 112.0 88.0 to
9288.0 20587.0 56.0 48.0 "
9348.0 20583.0 104.0 100.0 5.

7308.0 20695.0 204.0 100.0 Mi.
7580.0 20691.0 564.0 104.0 Walson's
8252.0 20691.0 428.0 100.0 motion
8796.0 20695.0 560.0 116.0 prevailed
9472.0 20695.0 232.0 104.0 anil
9792.0 20699.0 188.0 100.0 the

7188.0 20808.0 836.0 124.0 appropilation
8080.0 20808.0 172.0 104.0 for
8288.0 20808.0 188.0 104.0 the
8524.0 20808.0 312.0 104.0 blind
8884.0 20812.0 444.0 124.0 asylum
9380.0 20840.0 232.0 76.0 was
9660.0 20815.0 320.0 100.0 made

7188.0 20932.0 32.0 100.0 {
7220.0 20932.0 408.0 104.0 r..i,000.
7292.0 20932.0 28.0 84.0 :

7304.0 21044.0 244.0 100.0 The
7596.0 21048.0 364.0 120.0 report
8012.0 21048.0 120.0 96.0 of
8176.0 21040.0 188.0 104.0 the
8408.0 21040.0 640.0 104.0 committee
9092.0 21067.0 140.0 76.0 on
9288.0 21048.0 188.0 100.0 the
9580.0 21071.0 344.0 96.0 appro-

7188.0 21164.0 488.0 120.0 priation
7724.0 21164.0 116.0 96.0 ot
7896.0 21159.0 176.0 104.0 SU"
8056.0 21195.0 24.0 56.0 >
8084.0 21164.0 216.0 116.0 ,700
8376.0 21164.0 156.0 96.0 foi
8652.0 21159.0 188.0 100.0 the
8944.0 21155.0 488.0 108.0 Noifolk
9552.0 21164.0 432.0 120.0 asylum

7188.0 21279.0 228.0 96.0 and
7460.0 21279.0 68.0 100.0 ?
7536.0 21279.0 540.0 96.0 oOOOOfor
8120.0 21279.0 628.0 100.0 thuicform
8792.0 21275.0 380.0 100.0 school
9212.0 21279.0 628.0 112.0 wasadopti
9880.0 21288.0 64.0 92.0 d
9956.0 21351.0 8.0 24.0 ,

7196.0 21416.0 148.0 80.0 no
7388.0 21391.0 560.0 128.0 objection
8004.0 21395.0 340.0 120.0 being
8392.0 21395.0 352.0 100.0 made.
8872.0 21387.0 660.0 136.0 Adjourned
9544.0 21463.0 24.0 36.0 ,

8364.0 21532.0 428.0 84.0 NOTIS.
8660.0 21532.0 28.0 80.0 :

7308.0 21620.0 364.0 108.0 There
7720.0 21624.0 92.0 100.0 Is
7856.0 21652.0 332.0 96.0 every
8236.0 21631.0 512.0 112.0 prospect
8788.0 21627.0 124.0 100.0 of
8996.0 21647.0 64.0 80.0 a
9108.0 21624.0 340.0 124.0 lively
9492.0 21627.0 500.0 116.0 wrangle

7196.0 21740.0 320.0 100.0 when
7632.0 21744.0 188.0 96.0 tlm
7924.0 21751.0 372.0 112.0 report
8396.0 21751.0 116.0 92.0 ot
8624.0 21744.0 188.0 100.0 the
8916.0 21744.0 376.0 116.0 newly
9380.0 21744.0 604.0 120.0 appointed

7192.0 21856.0 412.0 120.0 special
7648.0 21860.0 640.0 100.0 committee
8332.0 21883.0 140.0 76.0 on
8528.0 21860.0 420.0 120.0 employ
8980.0 21879.0 120.0 80.0 cs
9140.0 21860.0 288.0 104.0 shall
9472.0 21879.0 128.0 80.0 DO
9636.0 21860.0 324.0 104.0 made

7192.0 21980.0 168.0 92.0 As
7404.0 21976.0 348.0 96.0 above
7796.0 21976.0 392.0 96.0 shown
8204.0 22043.0 24.0 40.0 ,
8288.0 21976.0 88.0 96.0 It
8420.0 21999.0 228.0 76.0 was
8760.0 21971.0 256.0 108.0 both
9120.0 21976.0 532.0 120.0 enlarged
9764.0 21999.0 188.0 80.0 am

7196.0 22083.0 804.0 120.0 strengthened
8052.0 22087.0 116.0 104.0 bv
8240.0 22087.0 188.0 100.0 the
8504.0 22087.0 512.0 104.0 addition
9128.0 22091.0 124.0 100.0 of
9360.0 22095.0 208.0 100.0 live
9676.0 22115.0 252.0 80.0 men
9952.0 22163.0 12.0 32.0 ,

7196.0 22203.0 204.0 100.0 Mi.
7464.0 22188.0 380.0 116.0 Peters
7888.0 22203.0 120.0 96.0 of
8104.0 22199.0 376.0 104.0 Hoone
8488.0 22275.0 24.0 48.0 ,
8568.0 22207.0 188.0 96.0 the
8800.0 22203.0 572.0 108.0 chairman
9388.0 22279.0 24.0 44.0 ,
9528.0 22215.0 96.0 96.0 Is
9728.0 22235.0 228.0 76.0 anx-

7200.0 22315.0 244.0 104.0 ious
7492.0 22319.0 156.0 100.0 foi
7708.0 22319.0 176.0 100.0 his
7932.0 22319.0 308.0 100.0 work
8292.0 22331.0 112.0 88.0 to
8452.0 22319.0 244.0 104.0 lead
8748.0 22344.0 116.0 80.0 in
8916.0 22319.0 452.0 124.0 lidding
9416.0 22323.0 188.0 100.0 the
9652.0 22323.0 348.0 104.0 house

7196.0 22436.0 112.0 96.0 ol
7360.0 22459.0 64.0 72.0 a
7468.0 22432.0 372.0 104.0 crowd
7888.0 22436.0 124.0 96.0 of
8056.0 22436.0 1024.0 112.0 supernumeraries
9136.0 22443.0 244.0 96.0 who
9388.0 22512.0 24.0 44.0 ,
9464.0 22464.0 124.0 76.0 as
9632.0 22439.0 364.0 104.0 cleiks

7200.0 22552.0 224.0 100.0 and
7480.0 22571.0 332.0 100.0 pages
7856.0 22548.0 224.0 104.0 and
8132.0 22552.0 112.0 100.0 In
8340.0 22552.0 320.0 100.0 other
8740.0 22552.0 556.0 116.0 disguises
9304.0 22628.0 24.0 24.0 ,
9384.0 22563.0 276.0 92.0 have
9708.0 22556.0 280.0 104.0 been

7200.0 22663.0 348.0 112.0 doing
7600.0 22663.0 480.0 124.0 nothing
8124.0 22672.0 116.0 96.0 at
8284.0 22663.0 188.0 104.0 the
8552.0 22691.0 496.0 96.0 expense
9092.0 22672.0 120.0 96.0 of
9260.0 22655.0 184.0 112.0 the
9488.0 22676.0 288.0 96.0 state
9824.0 22672.0 180.0 104.0 for

7208.0 22787.0 300.0 112.0 forty
7572.0 22779.0 308.0 120.0 days.
8008.0 22775.0 244.0 104.0 The
8356.0 22783.0 688.0 120.0 astounding
9148.0 22787.0 544.0 100.0 assertion
9800.0 22787.0 204.0 104.0 has

7200.0 22895.0 276.0 100.0 been
7536.0 22895.0 320.0 104.0 made
7904.0 22895.0 244.0 104.0 that
8192.0 22924.0 304.0 72.0 some
8540.0 22912.0 112.0 84.0 ot
8712.0 22903.0 308.0 100.0 these
9064.0 22899.0 664.0 124.0 eighty-hvu
9772.0 22931.0 176.0 76.0 em

7204.0 23015.0 384.0 120.0 ployes
7636.0 23015.0 280.0 104.0 have
7964.0 23011.0 648.0 124.0 notdpicd
8292.0 23015.0 20.0 96.0 !
8660.0 23040.0 64.0 76.0 a
8768.0 23040.0 216.0 96.0 pen
9044.0 23015.0 176.0 104.0 for
9264.0 23015.0 188.0 104.0 tlio
9496.0 23023.0 348.0 96.0 house
9880.0 23023.0 116.0 100.0 In

7200.0 23128.0 152.0 100.0 all
7400.0 23131.0 240.0 100.0 Ihat
7688.0 23131.0 272.0 100.0 time
7964.0 23204.0 28.0 36.0 ,
8044.0 23128.0 224.0 104.0 and
8316.0 23139.0 188.0 108.0 yet
8556.0 23131.0 236.0 120.0 they
8864.0 23151.0 184.0 84.0 aio
9092.0 23135.0 560.0 120.0 suppncd
9700.0 23139.0 116.0 100.0 to
9868.0 23135.0 136.0 104.0 be

7212.0 23244.0 728.0 124.0 "underpay.
7956.0 23244.0 64.0 56.0 "
8144.0 23244.0 368.0 104.0 There
8552.0 23271.0 188.0 76.0 aio
8792.0 23248.0 508.0 104.0 fourteen
9412.0 23275.0 336.0 92.0 pages
9856.0 23275.0 144.0 80.0 on

7200.0 23360.0 192.0 104.0 the
7436.0 23360.0 204.0 104.0 roll
7696.0 23347.0 112.0 116.0 In
7864.0 23364.0 188.0 100.0 the
8100.0 23360.0 352.0 100.0 house
8552.0 23360.0 228.0 104.0 and
8884.0 23368.0 448.0 124.0 nobody
9440.0 23368.0 204.0 104.0 has
9748.0 23395.0 260.0 80.0 ever

7204.0 23499.0 260.0 76.0 seen
7508.0 23479.0 240.0 100.0 halt
7796.0 23479.0 240.0 100.0 that
8084.0 23479.0 468.0 100.0 number
8604.0 23484.0 32.0 96.0 (
8660.0 23479.0 284.0 104.0 hero.

7320.0 23591.0 724.0 104.0 Chesterheld
8096.0 23616.0 308.0 80.0 some
8504.0 23619.0 328.0 92.0 years
8928.0 23623.0 212.0 88.0 ago
9192.0 23599.0 272.0 124.0 "put
9548.0 23599.0 464.0 108.0 himself

7200.0 23728.0 148.0 80.0 on
7412.0 23711.0 420.0 96.0 record.
7844.0 23707.0 68.0 56.0 "
7960.0 23732.0 124.0 80.0 as
8128.0 23736.0 68.0 76.0 a
8244.0 23715.0 488.0 100.0 member
8788.0 23711.0 128.0 104.0 of
9004.0 23715.0 188.0 100.0 the
9240.0 23719.0 344.0 100.0 house
9632.0 23715.0 372.0 104.0 would

7200.0 23848.0 208.0 100.0 say
7412.0 23892.0 28.0 48.0 ,
7492.0 23848.0 120.0 76.0 as
7664.0 23812.0 336.0 128.0 bring
8064.0 23835.0 492.0 96.0 opposed
8620.0 23852.0 148.0 80.0 on
8860.0 23848.0 456.0 96.0 geneiai
9400.0 23831.0 612.0 124.0 principles

7208.0 23943.0 108.0 96.0 to
7364.0 23940.0 408.0 120.0 gazing
7824.0 23963.0 292.0 100.0 upon
8176.0 23943.0 188.0 100.0 the
8416.0 23943.0 292.0 100.0 soles
8756.0 23951.0 116.0 92.0 ot
8924.0 23936.0 568.0 116.0 another's
9536.0 23947.0 312.0 104.0 boots
9896.0 23955.0 116.0 96.0 at

7204.0 24079.0 228.0 96.0 any
7540.0 24056.0 272.0 104.0 tlmo
7820.0 24131.0 24.0 44.0 ,
7908.0 24083.0 300.0 76.0 more
8316.0 24060.0 608.0 120.0 especially
9040.0 24067.0 324.0 96.0 when
9476.0 24071.0 536.0 112.0 covering

7204.0 24171.0 296.0 104.0 their
7608.0 24171.0 508.0 104.0 vvearci's
8240.0 24176.0 724.0 104.0 extremities.
9156.0 24180.0 336.0 100.0 Some
9596.0 24184.0 124.0 100.0 of
9824.0 24180.0 188.0 104.0 the

7208.0 24287.0 548.0 104.0 members
7820.0 24291.0 124.0 100.0 of
8028.0 24291.0 188.0 104.0 the
8304.0 24291.0 344.0 100.0 house
8696.0 24291.0 280.0 120.0 "beg
9064.0 24296.0 112.0 100.0 to
9264.0 24296.0 404.0 104.0 dlllei"
9724.0 24296.0 284.0 104.0 from

7204.0 24403.0 184.0 104.0 the
7492.0 24403.0 644.0 112.0 gentleman
8252.0 24411.0 664.0 96.0 mentioned
8924.0 24479.0 24.0 44.0 ,
9028.0 24407.0 228.0 104.0 and
9320.0 24435.0 124.0 76.0 as
9496.0 24439.0 64.0 72.0 a
9620.0 24435.0 344.0 80.0 consequence

7208.0 24544.0 428.0 116.0 quence
7740.0 24527.0 188.0 100.0 the
8032.0 24523.0 480.0 104.0 attitude
8604.0 24523.0 124.0 100.0 of
8836.0 24548.0 340.0 92.0 many
9284.0 24527.0 124.0 100.0 of
9508.0 24527.0 296.0 100.0 them
9820.0 24599.0 24.0 44.0 ,
9900.0 24531.0 116.0 100.0 at

7204.0 24635.0 324.0 104.0 times
7544.0 24712.0 20.0 48.0 ,
7624.0 24639.0 468.0 124.0 forcibly
8200.0 24643.0 520.0 112.0 suggests
8836.0 24639.0 324.0 104.0 Mark
9224.0 24639.0 508.0 108.0 Twain's
9780.0 24643.0 172.0 104.0 Ne-

7204.0 24755.0 288.0 100.0 vada
7588.0 24755.0 880.0 116.0 icpresentativo
8468.0 24828.0 32.0 44.0 ,
8580.0 24755.0 380.0 100.0 whoso
9064.0 24759.0 288.0 120.0 lotty
9436.0 24767.0 584.0 136.0 contempt

7208.0 24872.0 176.0 100.0 for
7432.0 24872.0 852.0 124.0 tlioebapl.iin'.s
8336.0 24895.0 452.0 96.0 prayers
8856.0 24895.0 228.0 84.0 was
9176.0 24875.0 520.0 124.0 equalled
9740.0 24863.0 276.0 128.0 only

7204.0 24988.0 140.0 124.0 by
7392.0 24988.0 188.0 100.0 the
7628.0 24988.0 380.0 120.0 height
8052.0 24992.0 124.0 100.0 of
8220.0 24983.0 176.0 104.0 bU
8444.0 24988.0 236.0 120.0 legs
8724.0 24999.0 348.0 96.0 above
9120.0 24988.0 176.0 108.0 bis
9340.0 24988.0 296.0 112.0 head
9688.0 24996.0 328.0 108.0 when

7208.0 25099.0 112.0 108.0 In
7376.0 25103.0 180.0 100.0 bis
7620.0 25116.0 276.0 92.0 seat

7560.0 25287.0 524.0 112.0 Thaycr
8140.0 25283.0 288.0 100.0 Had
8488.0 25291.0 500.0 108.0 Signed
9048.0 25291.0 228.0 96.0 the
9352.0 25291.0 308.0 108.0 Hill.

7324.0 25419.0 564.0 108.0 LINCOLN
7892.0 25495.0 28.0 48.0 ,
7972.0 25423.0 276.0 108.0 Neb.
8268.0 25495.0 28.0 52.0 ,
8392.0 25423.0 380.0 108.0 March
8856.0 25431.0 104.0 104.0 a.
9116.0 25431.0 28.0 128.0 [
9160.0 25427.0 436.0 124.0 Special
9700.0 25427.0 320.0 108.0 Telo-

7200.0 25591.0 312.0 92.0 eram
7564.0 25567.0 116.0 100.0 to
7724.0 25564.0 188.0 104.0 the
7964.0 25564.0 344.0 128.0 UKF..J
8448.0 25564.0 244.0 108.0 The
8776.0 25567.0 640.0 124.0 delegation
9496.0 25575.0 128.0 96.0 of
9712.0 25567.0 312.0 108.0 three

7204.0 25707.0 296.0 104.0 from
7580.0 25711.0 188.0 100.0 the
7860.0 25707.0 492.0 124.0 Knights
8396.0 25711.0 124.0 96.0 of
8584.0 25711.0 368.0 104.0 Labor
9032.0 25715.0 116.0 100.0 In
9244.0 25715.0 432.0 100.0 Omaha
9764.0 25711.0 260.0 104.0 who

7200.0 25875.0 316.0 80.0 came
7560.0 25863.0 116.0 92.0 to
7724.0 25851.0 188.0 104.0 the
7944.0 25851.0 412.0 112.0 capital
8404.0 25851.0 112.0 104.0 to
8560.0 25851.0 220.0 128.0 day
8784.0 25928.0 28.0 48.0 ,
8848.0 25851.0 540.0 120.0 bringing
9428.0 25884.0 68.0 80.0 a
9540.0 25851.0 476.0 120.0 petition

7204.0 25995.0 116.0 100.0 to
7372.0 25995.0 188.0 100.0 the
7608.0 26015.0 548.0 100.0 governor
8196.0 25991.0 448.0 124.0 against
8688.0 25995.0 192.0 104.0 the
8920.0 25999.0 444.0 108.0 convict
9432.0 25995.0 312.0 104.0 labor
9788.0 25999.0 184.0 100.0 bill
9988.0 26067.0 28.0 48.0 ,

7208.0 26132.0 216.0 108.0 had
7516.0 26159.0 144.0 80.0 an
7744.0 26135.0 544.0 108.0 audience
8292.0 26212.0 28.0 48.0 ,
8416.0 26135.0 196.0 108.0 but
8696.0 26163.0 120.0 76.0 as
8908.0 26151.0 188.0 92.0 the
9180.0 26163.0 560.0 96.0 L'oveinor
9804.0 26135.0 224.0 108.0 had

7204.0 26275.0 404.0 108.0 affixed
7660.0 26275.0 172.0 104.0 his
7876.0 26279.0 584.0 104.0 slcnatnro
8504.0 26283.0 116.0 100.0 to
8708.0 26283.0 188.0 100.0 the
8980.0 26279.0 196.0 112.0 bill
9228.0 26307.0 148.0 88.0 no
9420.0 26279.0 412.0 108.0 results
9904.0 26279.0 116.0 104.0 In

7208.0 26423.0 488.0 100.0 tavorof
7796.0 26420.0 188.0 104.0 the
8088.0 26423.0 636.0 120.0 delegation
8840.0 26423.0 332.0 104.0 could
9256.0 26427.0 136.0 100.0 be
9492.0 26420.0 516.0 108.0 reached.

7204.0 26559.0 248.0 108.0 The
7536.0 26559.0 304.0 124.0 laigo
7928.0 26563.0 616.0 128.0 majorities
8624.0 26563.0 336.0 124.0 given
9056.0 26567.0 192.0 104.0 the
9320.0 26583.0 508.0 88.0 measure
9900.0 26559.0 120.0 108.0 In

7200.0 26704.0 272.0 104.0 both
7524.0 26700.0 396.0 108.0 houses
7928.0 26784.0 24.0 44.0 ,
8004.0 26715.0 472.0 112.0 coupled
8524.0 26707.0 276.0 108.0 with
8848.0 26707.0 188.0 108.0 the
9084.0 26711.0 228.0 104.0 fact
9352.0 26707.0 124.0 104.0 of
9560.0 26704.0 188.0 108.0 tbo
9808.0 26700.0 176.0 108.0 dis-

7204.0 26847.0 456.0 104.0 cussion
7716.0 26847.0 476.0 108.0 brought
8240.0 26851.0 300.0 108.0 forth
8584.0 26851.0 232.0 104.0 and
8904.0 26851.0 248.0 104.0 that
9232.0 26847.0 192.0 108.0 the
9504.0 26851.0 292.0 100.0 state
9860.0 26875.0 168.0 80.0 as-

7208.0 26988.0 432.0 104.0 scmblr
7684.0 26995.0 140.0 96.0 of
7856.0 26995.0 184.0 104.0 the
8088.0 26991.0 468.0 116.0 knights
8600.0 26991.0 220.0 108.0 baa
8864.0 26991.0 464.0 104.0 secured
9396.0 26991.0 628.0 108.0 Important

7208.0 27108.0 788.0 104.0 amendments
8044.0 27111.0 116.0 104.0 to
8204.0 27111.0 292.0 100.0 their
8536.0 27108.0 484.0 120.0 original
9104.0 27108.0 192.0 104.0 bill
9308.0 27179.0 28.0 48.0 ,
9392.0 27131.0 184.0 80.0 am
9628.0 27108.0 356.0 104.0 under-

7208.0 27223.0 316.0 104.0 stood
7576.0 27228.0 112.0 100.0 to
7736.0 27223.0 132.0 104.0 be
7912.0 27223.0 188.0 104.0 the
8188.0 27223.0 500.0 112.0 grounds
8768.0 27223.0 420.0 124.0 largely
9276.0 27247.0 300.0 84.0 upon
9652.0 27223.0 368.0 108.0 which

7212.0 27343.0 188.0 96.0 the
7444.0 27363.0 560.0 88.0 governor
8048.0 27339.0 348.0 104.0 acted.
8528.0 27339.0 244.0 104.0 The
8816.0 27343.0 800.0 100.0 endorsement
9660.0 27343.0 124.0 100.0 of
9828.0 27343.0 192.0 104.0 the

7212.0 27459.0 288.0 100.0 state
7548.0 27455.0 336.0 104.0 board
7932.0 27459.0 120.0 100.0 of
8120.0 27455.0 376.0 116.0 public
8544.0 27455.0 332.0 104.0 lands
8920.0 27459.0 228.0 100.0 and
9200.0 27455.0 576.0 108.0 buildings
9844.0 27463.0 180.0 104.0 for

7212.0 27567.0 192.0 104.0 the
7452.0 27596.0 504.0 76.0 measure
7960.0 27643.0 24.0 52.0 ,
8040.0 27571.0 228.0 104.0 and
8356.0 27575.0 188.0 100.0 the
8636.0 27592.0 476.0 84.0 manner
9156.0 27575.0 124.0 100.0 of
9368.0 27596.0 392.0 100.0 caring
9844.0 27579.0 176.0 104.0 for

7212.0 27683.0 188.0 100.0 the
7444.0 27687.0 508.0 104.0 convicts
7960.0 27756.0 28.0 44.0 ,
8064.0 27691.0 204.0 96.0 has
8348.0 27687.0 244.0 100.0 also
8676.0 27687.0 276.0 104.0 been
9044.0 27687.0 656.0 108.0 considered
9764.0 27716.0 124.0 80.0 as
9956.0 27720.0 68.0 80.0 a

7216.0 27800.0 568.0 108.0 favorable
7836.0 27803.0 560.0 104.0 Influence
8440.0 27811.0 184.0 92.0 for
8664.0 27807.0 188.0 96.0 the
8896.0 27803.0 196.0 108.0 bill
9152.0 27803.0 116.0 104.0 In
9320.0 27807.0 144.0 100.0 Us
9512.0 27831.0 500.0 96.0 passage.

7212.0 27920.0 112.0 100.0 A
7368.0 27920.0 476.0 100.0 number
7884.0 27920.0 124.0 100.0 ot
8072.0 27915.0 436.0 108.0 Omaha
8592.0 27915.0 500.0 116.0 Kul"hts
9176.0 27923.0 124.0 104.0 of
9400.0 27920.0 364.0 112.0 Labor
9828.0 27951.0 192.0 84.0 are

7216.0 28031.0 120.0 112.0 Lu
7384.0 28031.0 192.0 116.0 the
7612.0 28035.0 236.0 128.0 city
7892.0 28031.0 276.0 112.0 to-ul
8260.0 28031.0 124.0 116.0 Ut
8392.0 28099.0 36.0 56.0 ,

10104.0 2764.0 844.0 236.0 SENATOR
11036.0 2760.0 484.0 236.0 HOAR
11628.0 2764.0 536.0 240.0 GIVES
12236.0 2760.0 656.0 240.0 NOTICE

10096.0 3296.0 700.0 168.0 Usurpation
10940.0 3304.0 132.0 132.0 of
11172.0 3296.0 416.0 168.0 Eights
11704.0 3308.0 132.0 124.0 of
11936.0 3308.0 544.0 164.0 Congress
12600.0 3300.0 232.0 128.0 Sub-

10500.0 3488.0 416.0 128.0 mitted
10992.0 3488.0 160.0 128.0 To
11228.0 3484.0 216.0 128.0 Tor
11512.0 3484.0 188.0 132.0 tbo
11775.0 3492.0 276.0 132.0 Last
12127.0 3492.0 352.0 128.0 Time.

10100.0 3852.0 760.0 116.0 SPEAKER
11108.0 3848.0 800.0 120.0 CARLISLE
12168.0 3860.0 724.0 120.0 SCORED.

10104.0 4228.0 236.0 100.0 Ilia
10400.0 4228.0 608.0 128.0 Keeping
11060.0 4231.0 368.0 100.0 Hnok
11472.0 4231.0 1044.0 120.0 Appropriation
12564.0 4231.0 244.0 96.0 Hill
12831.0 4260.0 56.0 68.0 *

10220.0 4404.0 1056.0 100.0 Chnrnctcrlzod
11444.0 4424.0 144.0 72.0 as
11728.0 4400.0 852.0 104.0 Monnrchlal

10456.0 4576.0 368.0 100.0 Meek
10964.0 4592.0 136.0 84.0 to
11228.0 4572.0 228.0 96.0 the
11636.0 4576.0 900.0 100.0 ncloiiso-Ati

10808.0 4740.0 664.0 112.0 All-Nluht
11604.0 4744.0 572.0 104.0 Session.

11244.0 5112.0 512.0 92.0 Sonnto.

10220.0 5244.0 872.0 112.0 WASHI.VOTON
11100.0 5320.0 28.0 52.0 ,
11180.0 5240.0 376.0 108.0 March
11599.0 5247.0 88.0 100.0 3.
11844.0 5247.0 216.0 104.0 The
12112.0 5260.0 388.0 96.0 senate
12588.0 5272.0 244.0 76.0 reas-

10100.0 5388.0 492.0 108.0 sembled
10640.0 5420.0 124.0 76.0 as
10816.0 5392.0 88.0 104.0 If
10952.0 5388.0 112.0 108.0 In
11116.0 5384.0 776.0 112.0 continuation
11996.0 5392.0 124.0 104.0 of
12208.0 5388.0 688.0 124.0 yesteiday's

10096.0 5528.0 436.0 108.0 session
10584.0 5540.0 120.0 96.0 at
10752.0 5540.0 108.0 96.0 10
10900.0 5532.0 420.0 108.0 o'clock
11368.0 5532.0 220.0 100.0 this
11640.0 5536.0 552.0 100.0 niorninir.
12320.0 5532.0 576.0 120.0 Messages

10104.0 5676.0 288.0 104.0 from
10444.0 5672.0 184.0 108.0 the
10684.0 5668.0 572.0 124.0 president
11308.0 5700.0 280.0 76.0 were
11636.0 5672.0 224.0 108.0 hid
11904.0 5676.0 388.0 104.0 before
12376.0 5676.0 188.0 104.0 tin1
12648.0 5700.0 200.0 80.0 sen-

10100.0 5824.0 176.0 100.0 ate
10328.0 5816.0 112.0 104.0 In
10496.0 5820.0 308.0 124.0 reply
10852.0 5824.0 112.0 100.0 to
11004.0 5812.0 664.0 112.0 resolutions
11712.0 5816.0 1136.0 128.0 hcictotoreadopted
12864.0 5888.0 24.0 48.0 ,

10100.0 5984.0 216.0 76.0 one
10364.0 5988.0 124.0 76.0 as
10536.0 5968.0 112.0 100.0 to
10696.0 5964.0 184.0 104.0 the
10932.0 5972.0 516.0 96.0 tormson
11508.0 5960.0 1388.0 120.0 whlchciblecomp-xnies

10100.0 6103.0 280.0 104.0 have
10432.0 6103.0 272.0 104.0 been
10764.0 6103.0 584.0 128.0 permitted
11404.0 6103.0 116.0 100.0 to
11564.0 6100.0 264.0 108.0 land
11920.0 6103.0 292.0 108.0 their
12291.0 6100.0 368.0 112.0 cables
12744.0 6128.0 148.0 76.0 on

10100.0 6244.0 600.0 108.0 American
10812.0 6248.0 332.0 108.0 shoio
11204.0 6244.0 224.0 108.0 and
11500.0 6272.0 116.0 72.0 as
11720.0 6260.0 116.0 88.0 to
11944.0 6244.0 288.0 108.0 their
12336.0 6252.0 564.0 100.0 contracts

10108.0 6387.0 268.0 104.0 with
10412.0 6387.0 268.0 104.0 each
10731.0 6392.0 292.0 104.0 othei
11088.0 6387.0 224.0 108.0 and
11368.0 6384.0 260.0 108.0 with
11680.0 6392.0 184.0 104.0 the
11932.0 6392.0 568.0 124.0 telegraph
12612.0 6416.0 244.0 76.0 com-

10100.0 6528.0 392.0 124.0 panies
10520.0 6560.0 28.0 96.0 ;
10604.0 6532.0 184.0 108.0 the
10832.0 6532.0 416.0 116.0 second
11292.0 6560.0 124.0 76.0 as
11460.0 6548.0 116.0 88.0 to
11624.0 6532.0 184.0 108.0 the
11844.0 6532.0 484.0 108.0 services
12372.0 6540.0 120.0 96.0 ot
12532.0 6532.0 368.0 108.0 Count

10104.0 6671.0 464.0 104.0 I'nlaxU
10624.0 6676.0 108.0 104.0 In
10792.0 6676.0 184.0 104.0 the
11020.0 6704.0 228.0 80.0 war
11328.0 6680.0 116.0 96.0 ot
11532.0 6671.0 184.0 108.0 the
11828.0 6676.0 656.0 104.0 revolution.
12655.0 6671.0 244.0 104.0 The

10104.0 6816.0 328.0 100.0 latter
10480.0 6844.0 228.0 76.0 was
10752.0 6816.0 784.0 116.0 accompanied
11584.0 6824.0 144.0 116.0 by
11775.0 6852.0 64.0 72.0 a
11888.0 6835.0 368.0 112.0 report
12308.0 6820.0 292.0 100.0 from
12712.0 6828.0 188.0 92.0 the

10096.0 6964.0 652.0 100.0 secretaries
10796.0 6968.0 120.0 96.0 of
10960.0 6972.0 284.0 96.0 state
11247.0 7035.0 28.0 48.0 ,
11324.0 6968.0 508.0 116.0 treasury
11908.0 6964.0 232.0 104.0 and
12220.0 6988.0 260.0 80.0 war.
12612.0 6955.0 292.0 108.0 Laid

10100.0 7124.0 144.0 80.0 on
10300.0 7112.0 184.0 96.0 the
10532.0 7104.0 296.0 108.0 table
10872.0 7108.0 228.0 108.0 and
11144.0 7100.0 460.0 112.0 ordered
11652.0 7132.0 108.0 96.0 pi
11787.0 7104.0 108.0 104.0 in
11916.0 7104.0 212.0 108.0 ted.

10220.0 7248.0 108.0 100.0 A
10416.0 7272.0 500.0 80.0 messairo
11024.0 7260.0 284.0 92.0 ttoin
11416.0 7248.0 184.0 100.0 the
11700.0 7256.0 348.0 96.0 house
12156.0 7244.0 744.0 124.0 announcing

10104.0 7412.0 1032.0 88.0 non-concurrenco
11224.0 7392.0 108.0 100.0 In
11444.0 7400.0 388.0 96.0 senate
11912.0 7392.0 796.0 104.0 amendments
12792.0 7396.0 116.0 96.0 to

10104.0 7527.0 188.0 104.0 the
10340.0 7532.0 328.0 104.0 naval
10780.0 7527.0 824.0 132.0 appropriation
11692.0 7532.0 196.0 104.0 bill
11984.0 7564.0 232.0 76.0 was
12303.0 7532.0 600.0 120.0 presented

10104.0 7672.0 224.0 104.0 and
10372.0 7704.0 68.0 72.0 n
10480.0 7676.0 676.0 104.0 conference
11200.0 7676.0 492.0 104.0 ordered.
11828.0 7680.0 444.0 100.0 Messrs.
12332.0 7672.0 288.0 104.0 Hale
12624.0 7748.0 28.0 48.0 ,
12712.0 7668.0 140.0 108.0 Al-

10104.0 7811.0 292.0 108.0 lison
10448.0 7820.0 224.0 100.0 and
10748.0 7820.0 300.0 108.0 Heck
11160.0 7844.0 280.0 80.0 vvcro
11548.0 7820.0 608.0 124.0 appointed
12279.0 7820.0 616.0 104.0 conferees.

10104.0 7960.0 168.0 100.0 As
10320.0 7960.0 184.0 104.0 the
10548.0 7964.0 632.0 104.0 committee
11228.0 7988.0 144.0 76.0 on
11420.0 7964.0 900.0 124.0 appiopuallons
12412.0 7960.0 212.0 104.0 hid
12720.0 7988.0 188.0 72.0 10-

10108.0 8104.0 388.0 124.0 ported
10544.0 8132.0 260.0 96.0 very
10860.0 8112.0 212.0 100.0 few
11120.0 8104.0 788.0 108.0 amendments
11956.0 8120.0 112.0 88.0 to
12115.0 8104.0 188.0 104.0 the
12384.0 8104.0 192.0 104.0 bill
12676.0 8100.0 224.0 108.0 and

10108.0 8248.0 472.0 104.0 thosoof
10624.0 8244.0 196.0 108.0 but
10868.0 8248.0 284.0 108.0 little
11200.0 8252.0 684.0 120.0 Importance
11896.0 8324.0 24.0 48.0 ,
11996.0 8252.0 316.0 100.0 there
12416.0 8276.0 232.0 76.0 was
12756.0 8272.0 148.0 76.0 no

10108.0 8392.0 328.0 124.0 delay
10440.0 8463.0 28.0 44.0 ,
10516.0 8392.0 228.0 104.0 and
10792.0 8400.0 116.0 96.0 at
10948.0 8400.0 240.0 92.0 2no
11032.0 8419.0 24.0 80.0 :
11232.0 8392.0 184.0 104.0 the
11452.0 8392.0 192.0 104.0 bill
11696.0 8396.0 400.0 124.0 passed
12148.0 8392.0 272.0 108.0 with
12508.0 8419.0 64.0 76.0 a
12679.0 8396.0 224.0 96.0 few

10108.0 8536.0 824.0 108.0 amendments.

10228.0 8680.0 160.0 100.0 At
10432.0 8707.0 64.0 76.0 a
10544.0 8680.0 220.0 108.0 few
10816.0 8684.0 488.0 104.0 minutes
11348.0 8680.0 376.0 104.0 before
11775.0 8688.0 112.0 96.0 11
11936.0 8680.0 424.0 104.0 o'clock
12416.0 8680.0 188.0 104.0 the
12643.0 8703.0 196.0 76.0 sen-

10108.0 8823.0 184.0 100.0 ate
10332.0 8820.0 372.0 108.0 closed
10756.0 8823.0 188.0 104.0 the
10992.0 8820.0 628.0 132.0 legislative
11668.0 8823.0 216.0 128.0 day
11972.0 8832.0 124.0 96.0 of
12196.0 8820.0 712.0 120.0 Wednesday

10116.0 8964.0 140.0 124.0 by
10300.0 8964.0 800.0 124.0 adjournment
11108.0 9040.0 28.0 52.0 ,
11188.0 8964.0 224.0 104.0 and
11460.0 8972.0 112.0 96.0 at
11660.0 8972.0 104.0 96.0 11
11852.0 8968.0 440.0 124.0 opened
12400.0 8972.0 184.0 96.0 the
12692.0 8964.0 216.0 100.0 last

10116.0 9104.0 624.0 120.0 legislative
10784.0 9108.0 220.0 124.0 day
11052.0 9111.0 124.0 100.0 of
11240.0 9111.0 188.0 100.0 the
11516.0 9108.0 732.0 124.0 Forty-ninth
12340.0 9128.0 556.0 96.0 congrpss.

10232.0 9248.0 244.0 104.0 The
10524.0 9208.0 608.0 148.0 resolution
11184.0 9252.0 408.0 100.0 otlered
11644.0 9252.0 588.0 124.0 yesterday
12272.0 9252.0 176.0 100.0 for
12491.0 9248.0 188.0 104.0 the
12724.0 9271.0 148.0 100.0 ap-

10116.0 9392.0 644.0 124.0 pointment
10800.0 9395.0 120.0 100.0 of
10984.0 9424.0 64.0 80.0 a
11096.0 9395.0 336.0 104.0 select
11500.0 9395.0 636.0 104.0 committee
12180.0 9399.0 112.0 96.0 ot
12368.0 9404.0 212.0 88.0 IP'O
12664.0 9416.0 196.0 76.0 sen-

10116.0 9540.0 296.0 96.0 ators
10456.0 9544.0 112.0 96.0 to
10612.0 9559.0 524.0 80.0 examine
11188.0 9540.0 236.0 100.0 Into
11472.0 9540.0 184.0 96.0 the
11763.0 9536.0 520.0 104.0 business
12392.0 9536.0 516.0 104.0 methods

10116.0 9679.0 120.0 96.0 of
10296.0 9679.0 188.0 104.0 the
10524.0 9679.0 580.0 108.0 executive
11148.0 9679.0 760.0 124.0 departments
11948.0 9688.0 112.0 96.0 at
12100.0 9676.0 748.0 120.0 Washington
12864.0 9752.0 24.0 44.0 ,

10120.0 9820.0 184.0 100.0 the
10344.0 9847.0 392.0 76.0 causes
10780.0 9828.0 120.0 96.0 of
10944.0 9824.0 324.0 116.0 delay
11320.0 9824.0 108.0 100.0 In
11488.0 9820.0 184.0 100.0 the
11716.0 9820.0 692.0 104.0 transaction
12467.0 9820.0 120.0 100.0 of
12660.0 9820.0 196.0 100.0 bus-

10116.0 9960.0 300.0 104.0 iness
10460.0 9963.0 228.0 104.0 and
10731.0 9992.0 124.0 76.0 as
10904.0 9967.0 112.0 104.0 to
11068.0 9967.0 184.0 100.0 the
11340.0 9963.0 552.0 124.0 necessity
11984.0 9963.0 180.0 104.0 for
12268.0 9960.0 636.0 108.0 additional

10120.0 10104.0 572.0 120.0 buildings
10704.0 10184.0 24.0 44.0 ,
10780.0 10112.0 200.0 100.0 etc.
11000.0 10180.0 24.0 52.0 ,
11080.0 10136.0 228.0 76.0 was
11356.0 10104.0 332.0 108.0 taken
11744.0 10131.0 152.0 96.0 up
11936.0 10108.0 232.0 104.0 and
12212.0 10112.0 296.0 96.0 atter
12596.0 10127.0 312.0 80.0 some

10116.0 10244.0 396.0 108.0 debate
10556.0 10256.0 400.0 116.0 agreed
11004.0 10260.0 116.0 96.0 to
11132.0 10327.0 20.0 44.0 ,

10240.0 10392.0 160.0 100.0 At
10444.0 10396.0 108.0 96.0 11
10580.0 10420.0 20.0 72.0 :
10616.0 10400.0 20.0 88.0 !
10644.0 10436.0 28.0 52.0 >
10676.0 10400.0 56.0 88.0 0
10780.0 10396.0 188.0 100.0 the
11012.0 10396.0 384.0 100.0 senate
11440.0 10392.0 608.0 112.0 piocecdcd
12096.0 10392.0 276.0 104.0 with
12420.0 10396.0 188.0 100.0 the
12652.0 10415.0 208.0 84.0 con-

10120.0 10531.0 616.0 104.0 sideration
10808.0 10540.0 120.0 100.0 of
10996.0 10535.0 188.0 104.0 the
11268.0 10535.0 616.0 120.0 legislative
11896.0 10604.0 28.0 52.0 ,
12016.0 10540.0 580.0 100.0 executive
12679.0 10540.0 228.0 104.0 and

10116.0 10652.0 468.0 120.0 judicial
10632.0 10655.0 824.0 120.0 aupiopriatlon
11476.0 10724.0 20.0 48.0 ,
11552.0 10655.0 392.0 120.0 voting
11992.0 10680.0 144.0 76.0 on
12212.0 10655.0 184.0 100.0 the
12432.0 10655.0 408.0 100.0 amend-

10128.0 10772.0 364.0 96.0 ments
10580.0 10768.0 848.0 104.0 recommended
11476.0 10756.0 140.0 132.0 by
11724.0 10768.0 188.0 100.0 the
12012.0 10772.0 636.0 100.0 committee
12752.0 10796.0 148.0 76.0 on

10124.0 10884.0 900.0 124.0 appropriations
11104.0 10916.0 124.0 68.0 as
11276.0 10888.0 260.0 116.0 they
11584.0 10912.0 288.0 72.0 were
11920.0 10888.0 500.0 104.0 leached.

10240.0 10983.0 240.0 116.0 'Iho
10544.0 11000.0 392.0 104.0 I'acinc
10984.0 11000.0 472.0 104.0 lailroad
11508.0 11000.0 448.0 120.0 Inrpdry
12008.0 11000.0 192.0 100.0 bill
12312.0 11004.0 200.0 100.0 has
12620.0 11008.0 276.0 100.0 been

10120.0 11116.0 400.0 112.0 signed
10572.0 11116.0 116.0 124.0 by
10760.0 11124.0 188.0 96.0 the
10996.0 11116.0 576.0 120.0 presiding
11611.0 11116.0 352.0 104.0 ollicei
12044.0 11124.0 108.0 92.0 ol
12232.0 11120.0 188.0 100.0 the
12512.0 11132.0 388.0 92.0 senate

10128.0 11236.0 224.0 100.0 and
10460.0 11240.0 472.0 116.0 speaker
11036.0 11236.0 124.0 96.0 of
11264.0 11236.0 192.0 96.0 the
11604.0 11232.0 344.0 100.0 house
12048.0 11248.0 232.0 88.0 and
12388.0 11260.0 224.0 80.0 was
12720.0 11240.0 144.0 96.0 im-

10128.0 11347.0 596.0 120.0 mediately
10772.0 11347.0 340.0 104.0 taken
11168.0 11356.0 112.0 92.0 to
11328.0 11347.0 184.0 104.0 the
11560.0 11347.0 592.0 124.0 president.

10248.0 11467.0 200.0 100.0 Mr.
10508.0 11467.0 304.0 96.0 Hoar
10848.0 11464.0 244.0 104.0 said
11140.0 11467.0 240.0 96.0 tint
11428.0 11464.0 136.0 100.0 ho
11608.0 11464.0 440.0 104.0 desired
12096.0 11471.0 112.0 92.0 to
12252.0 11464.0 216.0 108.0 call
12516.0 11467.0 184.0 104.0 the
12756.0 11476.0 108.0 96.0 at-

10128.0 11580.0 436.0 104.0 tention
10620.0 11587.0 112.0 92.0 ot
10788.0 11584.0 184.0 96.0 the
11080.0 11587.0 324.0 96.0 utr.t2
11452.0 11587.0 88.0 96.0 i.
11536.0 11608.0 28.0 40.0 '
11611.0 11604.0 68.0 80.0 v
11724.0 11584.0 28.0 92.0 !
11760.0 11604.0 28.0 76.0 ;
11800.0 11595.0 104.0 88.0 nt
11951.0 11604.0 368.0 84.0 rc'it-tc
12368.0 11587.0 28.0 96.0 1
12448.0 11591.0 112.0 96.0 to
12660.0 11587.0 228.0 100.0 him

10128.0 11724.0 776.0 92.0 aveiytrravo
11008.0 11700.0 216.0 96.0 evil
11352.0 11719.0 216.0 80.0 one
11668.0 11696.0 244.0 104.0 that
12016.0 11704.0 656.0 100.0 tlueatencd
12788.0 11704.0 116.0 100.0 in

10128.0 11820.0 596.0 96.0 substance
10884.0 11839.0 64.0 72.0 a
11116.0 11812.0 828.0 120.0 rovolutionaiy
12148.0 11820.0 432.0 116.0 change
12788.0 11820.0 108.0 100.0 In

10132.0 11932.0 184.0 100.0 thu
10544.0 11924.0 856.0 108.0 constitutional
11628.0 11928.0 508.0 104.0 methods
12360.0 11936.0 112.0 96.0 ot
12720.0 11936.0 188.0 100.0 the

10124.0 12052.0 772.0 112.0 j.oveminent.
11040.0 12043.0 324.0 104.0 What
11416.0 12043.0 136.0 100.0 be
11592.0 12043.0 344.0 104.0 asked
11988.0 12072.0 228.0 72.0 was
12308.0 12048.0 188.0 104.0 the
12580.0 12052.0 328.0 104.0 eftcct

10128.0 12163.0 120.0 96.0 of
10296.0 12163.0 180.0 100.0 the
10564.0 12159.0 468.0 104.0 holding
11140.0 12159.0 268.0 104.0 bick
11520.0 12168.0 116.0 92.0 ol
11763.0 12159.0 192.0 104.0 the
12056.0 12163.0 840.0 120.0 appropriation

10132.0 12279.0 248.0 100.0 bills
10428.0 12279.0 288.0 100.0 until
10768.0 12283.0 184.0 96.0 the
11004.0 12276.0 212.0 100.0 last
11256.0 12300.0 168.0 76.0 sev
11456.0 12296.0 132.0 80.0 cu
11640.0 12300.0 128.0 76.0 or
11808.0 12279.0 188.0 96.0 ten
12048.0 12304.0 100.0 72.0 01
12204.0 12283.0 384.0 96.0 litteeii
12628.0 12283.0 192.0 120.0 day
12855.0 12316.0 52.0 68.0 s-

10128.0 12400.0 112.0 92.0 ot
10296.0 12396.0 184.0 100.0 the
10528.0 12392.0 428.0 100.0 session
11040.0 12396.0 120.0 96.0 of
11240.0 12416.0 528.0 100.0 congress
11772.0 12392.0 60.0 104.0 ?
11948.0 12392.0 240.0 100.0 The
12272.0 12396.0 348.0 104.0 icsult
12679.0 12428.0 232.0 72.0 was

10128.0 12512.0 236.0 100.0 tint
10376.0 12584.0 20.0 44.0 ,
10452.0 12512.0 384.0 100.0 unless
10884.0 12512.0 184.0 100.0 the
11116.0 12512.0 340.0 96.0 house
11540.0 12508.0 228.0 100.0 and
11844.0 12516.0 396.0 92.0 senate
12328.0 12512.0 260.0 100.0 both
12655.0 12520.0 208.0 96.0 sub-

10128.0 12628.0 388.0 100.0 mitted
10568.0 12632.0 112.0 96.0 to
10728.0 12628.0 184.0 96.0 the
10956.0 12624.0 536.0 104.0 dictation
11544.0 12632.0 116.0 92.0 ot
11748.0 12647.0 304.0 84.0 some
12115.0 12628.0 308.0 100.0 three
12488.0 12655.0 104.0 76.0 01
12655.0 12636.0 256.0 96.0 tour

10132.0 12767.0 252.0 76.0 men
10436.0 12744.0 252.0 104.0 who
10752.0 12744.0 580.0 124.0 happened
11420.0 12748.0 112.0 92.0 to
11616.0 12740.0 132.0 100.0 be
11848.0 12740.0 552.0 104.0 members
12500.0 12748.0 124.0 96.0 of
12724.0 12748.0 188.0 104.0 the

10124.0 12860.0 636.0 100.0 committee
10860.0 12884.0 144.0 76.0 on
11096.0 12855.0 696.0 124.0 appiiatlons
11876.0 12860.0 112.0 96.0 in
12084.0 12860.0 188.0 100.0 the
12348.0 12860.0 348.0 104.0 house
12788.0 12868.0 124.0 96.0 of

10128.0 12971.0 940.0 124.0 U'pii'seiitatives
11168.0 13000.0 144.0 76.0 on
11423.0 12975.0 184.0 96.0 the
11716.0 12971.0 516.0 120.0 majoiltv
12336.0 12975.0 240.0 100.0 side
12584.0 13051.0 24.0 48.0 ,
12720.0 12979.0 192.0 104.0 the

10124.0 13099.0 316.0 112.0 pieit
10524.0 13091.0 828.0 124.0 appioptlation
11435.0 13088.0 256.0 104.0 bills
11792.0 13088.0 204.0 100.0 tail
12080.0 13091.0 228.0 100.0 and
12392.0 13116.0 144.0 80.0 an
12588.0 13104.0 320.0 96.0 cxtia

10128.0 13208.0 424.0 100.0 session
10668.0 13212.0 448.0 96.0 bee-iine
11220.0 13228.0 620.0 92.0 necessary.
11976.0 13204.0 104.0 100.0 It
12168.0 13208.0 96.0 96.0 is
12368.0 13212.0 544.0 116.0 perfeitlv

10132.0 13324.0 572.0 100.0 notoiious
10716.0 13396.0 20.0 40.0 ,
10792.0 13324.0 204.0 100.0 Mi.
11064.0 13320.0 584.0 104.0 1'iesldent
11656.0 13392.0 20.0 40.0 ,
11732.0 13324.0 240.0 96.0 that
12060.0 13320.0 220.0 100.0 this
12348.0 13324.0 292.0 120.0 body
12708.0 13328.0 200.0 100.0 has

10128.0 13440.0 396.0 112.0 passed
10592.0 13436.0 192.0 104.0 bill
10852.0 13444.0 292.0 100.0 attcr
11228.0 13436.0 188.0 104.0 bill
11508.0 13432.0 272.0 144.0 vvItlj
11832.0 13440.0 684.0 112.0 substantial
12564.0 13467.0 348.0 76.0 umn-

10128.0 13556.0 32.0 100.0 i
10216.0 13560.0 212.0 96.0 tuts
10456.0 13631.0 28.0 36.0 ,
10540.0 13556.0 416.0 100.0 having
11008.0 13579.0 144.0 72.0 no
11236.0 13552.0 492.0 120.0 political
11808.0 13556.0 728.0 112.0 significance
12664.0 13560.0 248.0 100.0 bills

10128.0 13684.0 500.0 88.0 matured
10680.0 13671.0 116.0 116.0 by
10856.0 13671.0 244.0 100.0 able
11152.0 13692.0 260.0 80.0 men
11448.0 13692.0 144.0 76.0 on
11644.0 13667.0 188.0 108.0 the
11876.0 13667.0 320.0 100.0 other
12236.0 13671.0 240.0 100.0 sldo
12520.0 13676.0 120.0 96.0 of
12684.0 13671.0 224.0 104.0 this

10124.0 13791.0 500.0 96.0 chamU-i
10676.0 13796.0 228.0 92.0 and
10956.0 13787.0 416.0 100.0 havliR'
11416.0 13783.0 120.0 100.0 tb
11616.0 13804.0 76.0 88.0 f
11708.0 13780.0 872.0 104.0 iidoisutneiitof
12620.0 13787.0 296.0 104.0 their

10128.0 13932.0 104.0 76.0 KI
10256.0 13911.0 180.0 92.0 eat
10476.0 13903.0 540.0 120.0 authority
11164.0 13900.0 216.0 100.0 ami
11420.0 13903.0 692.0 88.0 vmoecauso
12156.0 13896.0 308.0 100.0 three
12491.0 13924.0 128.0 76.0 or
12643.0 13903.0 272.0 104.0 four

10132.0 14040.0 460.0 76.0 poisons
10600.0 14088.0 24.0 32.0 ,
10720.0 14016.0 436.0 100.0 clothed
11240.0 14000.0 268.0 104.0 with
11599.0 14000.0 200.0 104.0 tho"
11868.0 14008.0 572.0 120.0 authority
12496.0 14008.0 124.0 100.0 of
12724.0 14020.0 200.0 96.0 tiie

10128.0 14128.0 352.0 96.0 house
10564.0 14119.0 120.0 100.0 of
10768.0 14144.0 308.0 92.0 rtpro
11144.0 14115.0 1052.0 108.0 eutatlvcs.vcbooso
12300.0 14128.0 116.0 96.0 to
12496.0 14147.0 416.0 92.0 oppose

10132.0 14244.0 308.0 96.0 these
10484.0 14235.0 252.0 100.0 bill"
10748.0 14308.0 24.0 48.0 ,
10828.0 14239.0 236.0 108.0 they
11132.0 14224.0 320.0 108.0 could
11524.0 14235.0 204.0 108.0 npt
11804.0 14239.0 188.0 104.0 get
12072.0 14239.0 828.0 104.0 consideration

10132.0 14355.0 112.0 96.0 In
10320.0 14355.0 240.0 96.0 that
10644.0 14351.0 296.0 112.0 body
10940.0 14420.0 24.0 44.0 ,
11020.0 14344.0 532.0 120.0 although
11624.0 14348.0 312.0 100.0 there
12016.0 14344.0 92.0 100.0 Is
12200.0 14372.0 148.0 76.0 no
12436.0 14376.0 476.0 80.0 manner

10124.0 14475.0 116.0 88.0 ot
10368.0 14464.0 344.0 104.0 doubt
10832.0 14468.0 244.0 100.0 that
11200.0 14464.0 268.0 100.0 nine
11516.0 14460.0 376.0 100.0 tenths
12016.0 14460.0 128.0 100.0 of
12264.0 14464.0 188.0 100.0 Iho
12576.0 14492.0 332.0 80.0 inem-

10128.0 14588.0 244.0 96.0 bets
10552.0 14588.0 116.0 92.0 ot
10912.0 14580.0 188.0 100.0 the
11336.0 14576.0 348.0 104.0 hoiuso
11868.0 14576.0 368.0 100.0 would
12460.0 14580.0 128.0 100.0 bo
12776.0 14584.0 112.0 100.0 in

10124.0 14700.0 280.0 100.0 theli
10580.0 14696.0 320.0 100.0 fuvor
11071.0 14692.0 88.0 100.0 If
11324.0 14692.0 260.0 116.0 they
11708.0 14712.0 292.0 80.0 weio
12124.0 14692.0 472.0 120.0 brought
12720.0 14723.0 180.0 104.0 up.

10124.0 14816.0 292.0 96.0 Tint
10544.0 14807.0 92.0 100.0 Is
10740.0 14836.0 64.0 76.0 a
10907.0 14803.0 584.0 104.0 condition
11616.0 14807.0 120.0 100.0 ol
11924.0 14803.0 388.0 116.0 tilings
12496.0 14811.0 400.0 112.0 which.

10180.0 14956.0 64.0 76.0 n
10300.0 14931.0 184.0 96.0 the
10532.0 14927.0 264.0 100.0 tlmo
10844.0 14927.0 356.0 96.0 ototir
11247.0 14923.0 452.0 104.0 latlieis.
11760.0 14923.0 368.0 100.0 would
12176.0 14927.0 280.0 100.0 have
12500.0 14936.0 404.0 96.0 caused

10160.0 15076.0 28.0 68.0 >
10256.0 15040.0 664.0 104.0 revolution.
11048.0 15043.0 332.0 96.0 After
11423.0 15040.0 552.0 100.0 luferrlne
12060.0 15047.0 116.0 92.0 to
12264.0 15043.0 184.0 100.0 the
12528.0 15051.0 372.0 96.0 action

10144.0 15188.0 12.0 68.0 :
10160.0 15160.0 88.0 100.0 jf
10332.0 15163.0 184.0 96.0 the
10564.0 15156.0 472.0 124.0 speaker
11076.0 15163.0 120.0 88.0 ot
11276.0 15156.0 184.0 96.0 the
11508.0 15152.0 340.0 100.0 house
11928.0 15167.0 36.0 104.0 (
11984.0 15160.0 200.0 96.0 not
12228.0 15160.0 400.0 100.0 named
12643.0 15163.0 36.0 116.0 )
12784.0 15160.0 112.0 104.0 in

10128.0 15276.0 512.0 104.0 jotusins
10688.0 15280.0 112.0 92.0 to
10904.0 15272.0 576.0 116.0 recognl/o
11576.0 15268.0 420.0 104.0 certain
12112.0 15280.0 540.0 96.0 members
12744.0 15276.0 128.0 104.0 be-

10128.0 15415.0 328.0 80.0 cause
10504.0 15392.0 136.0 96.0 he
10696.0 15396.0 36.0 108.0 (
10744.0 15388.0 184.0 100.0 the
10972.0 15388.0 448.0 116.0 speakei
11444.0 15388.0 36.0 120.0 )
11536.0 15384.0 192.0 100.0 did
11780.0 15392.0 200.0 92.0 not
12024.0 15411.0 488.0 100.0 approve
12552.0 15400.0 128.0 92.0 of
12720.0 15404.0 188.0 92.0 the

10132.0 15531.0 496.0 76.0 nu'iisiuo
10676.0 15508.0 188.0 96.0 the
10968.0 15499.0 484.0 104.0 member
11556.0 15499.0 424.0 104.0 wished
12052.0 15516.0 112.0 88.0 to
12216.0 15531.0 316.0 76.0 move
12536.0 15579.0 28.0 48.0 ,
12660.0 15508.0 208.0 104.0 Mr.

10132.0 15628.0 292.0 96.0 Hoai
10484.0 15619.0 240.0 104.0 said
10752.0 15644.0 28.0 76.0 :
10972.0 15615.0 472.0 120.0 "Heiuy
11528.0 15615.0 276.0 116.0 Clay
11884.0 15644.0 232.0 76.0 was
12160.0 15628.0 548.0 120.0 supposed
12800.0 15632.0 108.0 96.0 to

10172.0 15768.0 236.0 76.0 nive
10456.0 15768.0 64.0 68.0 a
10564.0 15743.0 364.0 112.0 pretty
10980.0 15739.0 392.0 112.0 stiong
11420.0 15732.0 260.0 104.0 will.
11775.0 15732.0 172.0 104.0 He
11996.0 15735.0 360.0 100.0 would
12412.0 15764.0 152.0 76.0 no
12608.0 15768.0 300.0 76.0 moio

10172.0 15880.0 236.0 76.0 live
10452.0 15852.0 340.0 104.0 dared
10844.0 15867.0 112.0 84.0 to
11000.0 15863.0 356.0 88.0 assert
11396.0 15852.0 268.0 100.0 such
11740.0 15876.0 144.0 76.0 an
11936.0 15855.0 568.0 108.0 authority
12572.0 15859.0 320.0 100.0 when

10132.0 15991.0 136.0 84.0 Jio
10316.0 15996.0 232.0 76.0 was
10592.0 15972.0 472.0 116.0 speaker
11104.0 15968.0 124.0 96.0 of
11312.0 15972.0 184.0 96.0 the
11580.0 15964.0 340.0 104.0 house
12000.0 15968.0 268.0 100.0 than
12324.0 15972.0 136.0 100.0 ho
12532.0 15976.0 376.0 104.0 Mould

10128.0 16092.0 284.0 100.0 bavo
10520.0 16084.0 540.0 104.0 ventuied
11168.0 16092.0 112.0 92.0 to
11372.0 16107.0 304.0 76.0 cross
11780.0 16084.0 184.0 96.0 the
12052.0 16084.0 488.0 116.0 Niagara
12620.0 16092.0 296.0 100.0 liver

10144.0 16204.0 432.0 108.0 twenty
10624.0 16204.0 256.0 96.0 rods
10944.0 16200.0 344.0 104.0 above
11336.0 16195.0 192.0 104.0 the
11584.0 16195.0 292.0 104.0 tails.
12072.0 16200.0 400.0 104.0 Jilainc
12479.0 16275.0 24.0 36.0 ,
12548.0 16216.0 364.0 92.0 under

10136.0 16324.0 360.0 100.0 whom
10548.0 16340.0 340.0 96.0 many
10932.0 16320.0 120.0 96.0 of
11120.0 16340.0 128.0 76.0 us
11292.0 16315.0 392.0 100.0 served
11736.0 16315.0 112.0 100.0 In
11900.0 16320.0 472.0 100.0 another
12420.0 16320.0 340.0 124.0 place.
12816.0 16324.0 96.0 100.0 Is

10132.0 16435.0 576.0 120.0 gcncially
10756.0 16439.0 552.0 120.0 supposed
11396.0 16439.0 116.0 88.0 to
11596.0 16431.0 280.0 104.0 have
11916.0 16460.0 68.0 72.0 a
12068.0 16439.0 368.0 112.0 pretty
12520.0 16444.0 392.0 116.0 strong

10136.0 16551.0 224.0 100.0 will
10408.0 16547.0 228.0 104.0 and
10684.0 16576.0 64.0 76.0 a
10852.0 16555.0 368.0 108.0 piettv
11284.0 16551.0 348.0 96.0 stioni
11632.0 16572.0 40.0 92.0 ;
11756.0 16547.0 880.0 104.0 desliotohavo
12724.0 16580.0 124.0 76.0 ac-

10132.0 16664.0 692.0 128.0 complished
10924.0 16667.0 112.0 100.0 in
11148.0 16664.0 188.0 100.0 the
11440.0 16660.0 904.0 108.0 admlnistiatlon
12455.0 16671.0 120.0 96.0 of
12728.0 16675.0 180.0 96.0 the

10132.0 16795.0 456.0 108.0 country
10656.0 16784.0 188.0 100.0 the
10888.0 16780.0 384.0 120.0 things
11340.0 16780.0 368.0 108.0 vvblc'i
11636.0 16784.0 20.0 60.0 '
11744.0 16780.0 140.0 96.0 ho
11928.0 16780.0 392.0 104.0 thinks
12364.0 16784.0 348.0 112.0 ought
12800.0 16795.0 112.0 92.0 to

10140.0 16904.0 124.0 100.0 ho
10308.0 16900.0 324.0 100.0 done.
10780.0 16896.0 628.0 104.0 Iscivedln
11464.0 16896.0 188.0 100.0 the
11740.0 16896.0 340.0 100.0 house
12127.0 16900.0 120.0 96.0 of
12336.0 16923.0 568.0 96.0 repiesen-

10136.0 17020.0 404.0 100.0 tativcs
10652.0 17012.0 264.0 100.0 with
11020.0 17012.0 244.0 104.0 that
11364.0 17007.0 812.0 128.0 accomplished
12264.0 17028.0 640.0 104.0 gentleman

10136.0 17136.0 180.0 100.0 for
10608.0 17127.0 316.0 116.0 eight
11200.0 17152.0 348.0 92.0 years.
11840.0 17131.0 176.0 96.0 lor
12312.0 17136.0 176.0 96.0 six
12792.0 17136.0 120.0 100.0 of

10140.0 17247.0 360.0 104.0 which
10748.0 17247.0 140.0 100.0 he
11120.0 17268.0 228.0 84.0 was
11584.0 17243.0 448.0 120.0 spcakei
12052.0 17316.0 28.0 48.0 ,
12272.0 17243.0 224.0 104.0 and
12720.0 17251.0 188.0 100.0 the

10140.0 17367.0 552.0 100.0 humblest
10932.0 17359.0 568.0 104.0 democrat
11744.0 17367.0 32.0 108.0 (
11796.0 17384.0 36.0 76.0 v
11900.0 17359.0 216.0 104.0 hen
12348.0 17388.0 168.0 76.0 wo
12696.0 17367.0 216.0 100.0 had

10140.0 17512.0 64.0 72.0 a
10368.0 17479.0 524.0 136.0 majority
11056.0 17476.0 124.0 96.0 of
11376.0 17468.0 788.0 108.0 three-fourths
12328.0 17504.0 112.0 76.0 01
12616.0 17479.0 288.0 104.0 four-

10144.0 17600.0 312.0 100.0 hfths
10540.0 17615.0 112.0 80.0 in
10748.0 17596.0 248.0 100.0 that
11071.0 17588.0 284.0 124.0 body
11372.0 17592.0 32.0 120.0 )
11504.0 17615.0 228.0 76.0 was
11800.0 17592.0 576.0 112.0 peimlttcd
12432.0 17600.0 112.0 96.0 to
12596.0 17600.0 324.0 100.0 make

10144.0 17716.0 176.0 100.0 his
10408.0 17712.0 420.0 104.0 motion
10920.0 17716.0 112.0 92.0 to
11092.0 17708.0 492.0 124.0 suspend
11632.0 17704.0 188.0 104.0 the
11864.0 17708.0 296.0 100.0 rules
12204.0 17735.0 332.0 92.0 every
12584.0 17716.0 264.0 100.0 Mon-

10140.0 17832.0 220.0 120.0 day
10404.0 17828.0 224.0 104.0 and
10676.0 17855.0 28.0 68.0 i
10748.0 17847.0 260.0 104.0 very
11052.0 17823.0 216.0 124.0 day
11316.0 17823.0 404.0 108.0 within
11808.0 17823.0 184.0 100.0 the
12080.0 17823.0 208.0 104.0 last
12384.0 17828.0 168.0 100.0 six
12640.0 17832.0 280.0 120.0 days

10144.0 17952.0 108.0 96.0 ot
10348.0 17948.0 832.0 116.0 adjournment.
11300.0 17935.0 316.0 128.0 They
11704.0 17939.0 276.0 100.0 used
12068.0 17967.0 124.0 72.0 so
12276.0 17948.0 204.0 116.0 put
12564.0 17967.0 128.0 76.0 us
12768.0 17971.0 144.0 76.0 on

10144.0 18067.0 376.0 96.0 record
10572.0 18059.0 268.0 104.0 with
10896.0 18055.0 148.0 104.0 all
11092.0 18055.0 288.0 100.0 sorts
11423.0 18059.0 120.0 96.0 ol
11611.0 18059.0 780.0 100.0 contrivances
12455.0 18059.0 224.0 104.0 and
12768.0 18059.0 152.0 104.0 all

10148.0 18204.0 528.0 76.0 manners
10784.0 18175.0 120.0 96.0 of
10992.0 18192.0 300.0 100.0 najs
11380.0 18175.0 140.0 116.0 by
11599.0 18171.0 416.0 120.0 calling
12096.0 18175.0 192.0 96.0 the
12352.0 18200.0 264.0 96.0 yeas
12688.0 18175.0 228.0 104.0 and

10152.0 18320.0 280.0 96.0 nays
10516.0 18320.0 148.0 76.0 on
10756.0 18292.0 580.0 124.0 questions
11423.0 18288.0 208.0 100.0 whl
11648.0 18316.0 28.0 68.0 (
11716.0 18288.0 64.0 96.0 h
11868.0 18292.0 260.0 96.0 thev
12196.0 18288.0 476.0 124.0 thought
12736.0 18295.0 184.0 100.0 the

10148.0 18412.0 708.0 132.0 republicans
10900.0 18404.0 364.0 100.0 would
11316.0 18412.0 192.0 92.0 not
11556.0 18404.0 228.0 100.0 like
11828.0 18412.0 116.0 92.0 to
12028.0 18408.0 456.0 100.0 commit
12576.0 18408.0 300.0 104.0 them-

10148.0 18503.0 360.0 124.0 selves
10548.0 18551.0 184.0 76.0 on.
10868.0 18520.0 104.0 100.0 It
11020.0 18520.0 88.0 100.0 is
11152.0 18532.0 244.0 88.0 true
11444.0 18520.0 240.0 104.0 that
11744.0 18524.0 756.0 120.0 occasionally
12500.0 18595.0 28.0 32.0 ,
12588.0 18528.0 328.0 100.0 when

10148.0 18644.0 520.0 100.0 business
10716.0 18635.0 444.0 120.0 pressed
11208.0 18635.0 408.0 108.0 during
11692.0 18631.0 184.0 104.0 the
11920.0 18640.0 220.0 96.0 last
12184.0 18644.0 736.0 116.0 twenty-four

10148.0 18787.0 108.0 72.0 01
10316.0 18755.0 660.0 124.0 foity-eight
11020.0 18751.0 492.0 104.0 hoinsol
11580.0 18751.0 188.0 100.0 the
11856.0 18755.0 428.0 96.0 session
12300.0 18823.0 28.0 44.0 ,
12420.0 18755.0 504.0 120.0 Speaker

10156.0 18875.0 364.0 100.0 lilaliit
10528.0 18900.0 24.0 72.0 !
10624.0 18867.0 364.0 108.0 would
11068.0 18867.0 484.0 104.0 exercise
11632.0 18867.0 180.0 104.0 his
11896.0 18867.0 536.0 104.0 selection
12524.0 18879.0 124.0 92.0 cf
12736.0 18875.0 192.0 96.0 the

10152.0 19016.0 408.0 100.0 person
10612.0 18991.0 116.0 96.0 to
10772.0 18987.0 132.0 96.0 be
10952.0 19012.0 244.0 76.0 reco
11284.0 18987.0 348.0 100.0 nued.
11732.0 18983.0 112.0 100.0 In
11920.0 18983.0 676.0 104.0 accordance
12640.0 18987.0 280.0 104.0 with

10160.0 19107.0 300.0 100.0 what
10500.0 19107.0 136.0 100.0 he
10684.0 19100.0 496.0 104.0 believed
11228.0 19107.0 112.0 92.0 to
11388.0 19104.0 128.0 100.0 be
11560.0 19092.0 188.0 108.0 the
11832.0 19100.0 228.0 100.0 will
12124.0 19104.0 228.0 96.0 and
12396.0 19100.0 368.0 104.0 desho
12807.0 19107.0 124.0 96.0 of

10152.0 19224.0 188.0 100.0 the
10408.0 19224.0 348.0 100.0 house
10764.0 19292.0 24.0 36.0 ,
10844.0 19212.0 228.0 108.0 and
11152.0 19216.0 240.0 104.0 that
11480.0 19239.0 224.0 80.0 was
11787.0 19216.0 184.0 100.0 all.
12112.0 19212.0 216.0 104.0 Hut
12416.0 19220.0 500.0 104.0 whoevci

10156.0 19336.0 336.0 108.0 honrd
10540.0 19340.0 116.0 96.0 ot
10720.0 19332.0 392.0 104.0 Blalne
11120.0 19403.0 28.0 48.0 ,
11200.0 19332.0 92.0 100.0 if
11348.0 19363.0 64.0 68.0 a
11500.0 19332.0 488.0 104.0 member
12068.0 19332.0 436.0 104.0 desired
12596.0 19348.0 116.0 88.0 to
12796.0 19336.0 136.0 100.0 bo

10152.0 19451.0 652.0 120.0 recognl/ed
10860.0 19456.0 112.0 96.0 to
11016.0 19471.0 320.0 80.0 move
11380.0 19447.0 184.0 104.0 the
11592.0 19443.0 532.0 128.0 adaption
12164.0 19451.0 120.0 96.0 ot
12320.0 19475.0 64.0 76.0 a
12424.0 19475.0 508.0 76.0 measuio

10156.0 19571.0 244.0 100.0 that
10504.0 19559.0 372.0 108.0 would
11012.0 19588.0 256.0 100.0 pass
11408.0 19563.0 796.0 136.0 unanimously
12308.0 19588.0 128.0 76.0 or
12536.0 19567.0 392.0 120.0 nearly

10160.0 19679.0 804.0 120.0 unanimously
11076.0 19683.0 84.0 96.0 It
11268.0 19679.0 532.0 116.0 proposed
11816.0 19752.0 24.0 48.0 ,
11976.0 19679.0 620.0 108.0 Informing
12688.0 19683.0 248.0 104.0 that

10156.0 19799.0 492.0 104.0 member
10728.0 19799.0 244.0 100.0 that
11056.0 19799.0 188.0 96.0 the
11328.0 19792.0 568.0 128.0 pictidlng
11968.0 19796.0 356.0 100.0 ollicei
12432.0 19796.0 208.0 104.0 had
12732.0 19803.0 204.0 100.0 do-

10160.0 19908.0 552.0 112.0 teimined
10816.0 19916.0 244.0 100.0 that
11168.0 19912.0 84.0 104.0 It
11396.0 19939.0 220.0 80.0 wax
11724.0 19919.0 200.0 92.0 not
12064.0 19916.0 608.0 112.0 expedient
12819.0 19923.0 116.0 92.0 to

10160.0 20036.0 280.0 104.0 Imvo
10544.0 20051.0 228.0 84.0 anv
10876.0 20047.0 504.0 80.0 meisuio
11484.0 20032.0 120.0 100.0 of
11688.0 20028.0 240.0 104.0 that
12012.0 20024.0 284.0 108.0 kind
12388.0 20047.0 544.0 92.0 proposed

10156.0 20152.0 416.0 112.0 during
10616.0 20148.0 244.0 100.0 that
10907.0 20148.0 424.0 100.0 session
11384.0 20152.0 120.0 96.0 of
11584.0 20163.0 528.0 96.0 congress
12124.0 20148.0 52.0 96.0 ?
12296.0 20144.0 208.0 104.0 Mr.
12588.0 20148.0 300.0 104.0 Presi-

10160.0 20268.0 272.0 100.0 dent
10440.0 20339.0 24.0 44.0 ,
10516.0 20263.0 232.0 100.0 this
10836.0 20263.0 92.0 96.0 Is
11016.0 20291.0 64.0 72.0 a
11188.0 20263.0 500.0 120.0 question
11808.0 20255.0 352.0 104.0 which
12272.0 20287.0 268.0 92.0 goes
12640.0 20263.0 300.0 104.0 clear

10156.0 20383.0 228.0 100.0 dow
10420.0 20407.0 68.0 72.0 n
10540.0 20383.0 116.0 96.0 to
10700.0 20379.0 188.0 100.0 the
10936.0 20375.0 772.0 104.0 fundamental
11760.0 20375.0 324.0 100.0 rocks
12127.0 20400.0 144.0 76.0 on
12332.0 20404.0 76.0 76.0 vv
12444.0 20375.0 252.0 104.0 hlcli
12740.0 20404.0 200.0 76.0 our

10156.0 20491.0 852.0 108.0 constitutional
11052.0 20499.0 540.0 100.0 stiuUure
11640.0 20495.0 92.0 100.0 is
11812.0 20495.0 472.0 100.0 erected.
12420.0 20491.0 48.0 104.0 I
12568.0 20499.0 368.0 100.0 would

10160.0 20611.0 372.0 104.0 rather
10576.0 20611.0 280.0 100.0 have
10904.0 20608.0 184.0 100.0 the
11136.0 20608.0 528.0 128.0 Kmporor
11700.0 20611.0 120.0 96.0 of
11912.0 20608.0 400.0 100.0 Russia
12420.0 20636.0 108.0 76.0 01
12631.0 20608.0 308.0 120.0 King

10172.0 20728.0 416.0 100.0 Homba
10636.0 20735.0 112.0 92.0 to
10796.0 20724.0 236.0 104.0 nile
11080.0 20751.0 260.0 80.0 over
11384.0 20756.0 168.0 80.0 me
11596.0 20728.0 268.0 100.0 than
11956.0 20728.0 112.0 96.0 to
12156.0 20724.0 284.0 104.0 have
12444.0 20800.0 24.0 36.0 ,
12584.0 20728.0 360.0 104.0 under

10164.0 20844.0 184.0 104.0 the
10476.0 20848.0 516.0 120.0 pretense
11120.0 20840.0 124.0 100.0 of
11356.0 20836.0 852.0 116.0 constitutional
12320.0 20844.0 280.0 100.0 Jorm
12616.0 20915.0 24.0 52.0 ,
12752.0 20844.0 188.0 104.0 the

10164.0 20960.0 288.0 116.0 rUht
10504.0 20955.0 408.0 104.0 denied
10984.0 20960.0 108.0 100.0 to
11180.0 20983.0 180.0 96.0 my
11448.0 20955.0 872.0 120.0 representatlvo
12424.0 20968.0 116.0 92.0 to
12648.0 20968.0 296.0 96.0 utter

10164.0 21080.0 188.0 100.0 the
10408.0 21075.0 220.0 104.0 will
10676.0 21080.0 116.0 96.0 ot
10848.0 21075.0 184.0 104.0 the
11076.0 21075.0 588.0 108.0 Anidican
11756.0 21075.0 392.0 116.0 people
12252.0 21071.0 324.0 104.0 when
12688.0 21103.0 204.0 76.0 con-

10164.0 21191.0 756.0 124.0 stitutionally
11024.0 21195.0 588.0 120.0 expressed
11712.0 21195.0 140.0 116.0 by
11939.0 21191.0 184.0 100.0 the
12212.0 21187.0 312.0 104.0 voice
12568.0 21195.0 120.0 100.0 of
12756.0 21195.0 188.0 100.0 tlio

10172.0 21311.0 524.0 120.0 majority
10808.0 21311.0 112.0 96.0 in
11032.0 21311.0 268.0 100.0 each
11404.0 21307.0 448.0 108.0 branch.
12048.0 21299.0 196.0 108.0 Wo
12352.0 21311.0 280.0 96.0 have
12740.0 21319.0 204.0 92.0 not

10168.0 21427.0 472.0 116.0 thought
10748.0 21423.0 88.0 104.0 It
10944.0 21420.0 544.0 108.0 desirable
11587.0 21427.0 112.0 100.0 In
11792.0 21423.0 188.0 100.0 the
12068.0 21423.0 288.0 100.0 state
12400.0 21431.0 116.0 92.0 ot
12568.0 21423.0 376.0 124.0 public

10168.0 21547.0 428.0 100.0 tccllnir
10600.0 21616.0 24.0 44.0 ,
10676.0 21563.0 108.0 76.0 01
10852.0 21536.0 184.0 104.0 the
11083.0 21543.0 572.0 104.0 condition
11724.0 21540.0 124.0 96.0 of
11928.0 21540.0 372.0 120.0 public
12388.0 21540.0 512.0 104.0 business
12912.0 21616.0 24.0 48.0 ,

10168.0 21664.0 116.0 100.0 In
10340.0 21664.0 184.0 100.0 the
10576.0 21656.0 624.0 124.0 prevailing
11244.0 21667.0 608.0 96.0 sentiment
11892.0 21656.0 124.0 96.0 of
12060.0 21652.0 188.0 108.0 the
12332.0 21660.0 604.0 104.0 American

10168.0 21776.0 392.0 124.0 people
10560.0 21843.0 28.0 48.0 ,
10652.0 21787.0 116.0 88.0 to
10816.0 21772.0 336.0 104.0 insist
11240.0 21799.0 288.0 104.0 upon
11616.0 21795.0 144.0 80.0 an
11852.0 21772.0 316.0 100.0 extra
12272.0 21776.0 436.0 100.0 session
12819.0 21784.0 124.0 92.0 of

10168.0 21915.0 524.0 96.0 congress
10704.0 21963.0 24.0 48.0 ,
10780.0 21887.0 224.0 108.0 and
11060.0 21887.0 44.0 104.0 I
11160.0 21891.0 272.0 104.0 wish
11480.0 21896.0 176.0 100.0 for
11716.0 21911.0 216.0 76.0 one
12016.0 21891.0 116.0 96.0 to
12216.0 21887.0 256.0 112.0 give
12576.0 21891.0 368.0 100.0 notice

10168.0 22016.0 236.0 96.0 that
10460.0 22011.0 108.0 100.0 in
10624.0 22031.0 188.0 96.0 my
10852.0 21999.0 588.0 128.0 judgment
11488.0 22011.0 224.0 100.0 this
11760.0 22003.0 92.0 100.0 is
11896.0 21999.0 188.0 104.0 tlio
12132.0 21999.0 216.0 104.0 last
12388.0 22011.0 272.0 96.0 tlmo
12704.0 22007.0 244.0 104.0 that

10176.0 22127.0 240.0 100.0 that
10464.0 22123.0 660.0 112.0 usurpation
11176.0 22123.0 224.0 104.0 will
11448.0 22115.0 772.0 112.0 be-submitted
12268.0 22127.0 144.0 96.0 to.
12432.0 22119.0 68.0 56.0 "

10292.0 22243.0 204.0 104.0 Mr.
10556.0 22239.0 300.0 100.0 HOCK
10992.0 22232.0 40.0 108.0 1
11088.0 22264.0 228.0 76.0 was
11364.0 22235.0 352.0 112.0 called
11760.0 22243.0 192.0 92.0 out
12020.0 22239.0 120.0 96.0 of
12188.0 22235.0 192.0 100.0 the
12424.0 22235.0 524.0 108.0 chamber

10172.0 22356.0 160.0 104.0 foi
10396.0 22356.0 448.0 104.0 awhile
10912.0 22352.0 228.0 104.0 and
11228.0 22384.0 224.0 76.0 was
11536.0 22352.0 264.0 124.0 only
11896.0 22356.0 108.0 96.0 In
12104.0 22348.0 272.0 104.0 time
12460.0 22359.0 116.0 96.0 to
12679.0 22359.0 268.0 100.0 hear

10172.0 22499.0 44.0 72.0 \
10216.0 22499.0 36.0 76.0 \
10288.0 22479.0 180.0 92.0 Mat
10524.0 22495.0 368.0 76.0 scorns
10940.0 22479.0 108.0 92.0 to
11100.0 22495.0 172.0 76.0 me
11316.0 22503.0 64.0 72.0 a
11428.0 22476.0 276.0 104.0 most
11787.0 22468.0 696.0 104.0 remarkable
12572.0 22468.0 360.0 104.0 tirade

10176.0 22596.0 448.0 108.0 against
10672.0 22583.0 188.0 104.0 the
10948.0 22588.0 464.0 136.0 speaker
11492.0 22592.0 124.0 100.0 of
11692.0 22583.0 188.0 104.0 the
11968.0 22583.0 348.0 100.0 house
12388.0 22583.0 124.0 104.0 of
12596.0 22611.0 312.0 100.0 repre

10172.0 22703.0 652.0 100.0 sentatives.
10952.0 22687.0 292.0 116.0 That
11348.0 22699.0 632.0 124.0 gentleman
12096.0 22699.0 348.0 104.0 needs
12532.0 22727.0 152.0 76.0 no
12768.0 22703.0 144.0 100.0 de-

10180.0 22823.0 320.0 100.0 fense
10572.0 22823.0 116.0 96.0 at
10736.0 22840.0 184.0 96.0 my
10964.0 22819.0 364.0 100.0 bauds
11372.0 22823.0 216.0 104.0 and
11648.0 22815.0 44.0 108.0 I
11760.0 22811.0 220.0 108.0 had
12064.0 22819.0 560.0 120.0 supposed
12704.0 22823.0 248.0 100.0 that

10180.0 22939.0 116.0 100.0 In
10352.0 22939.0 184.0 96.0 the
10584.0 22943.0 392.0 92.0 senate
11020.0 22935.0 124.0 100.0 of
11188.0 22939.0 184.0 104.0 the
11428.0 22931.0 416.0 116.0 United
11892.0 22935.0 368.0 96.0 States
12272.0 23007.0 24.0 40.0 ,
12352.0 22935.0 360.0 100.0 under
12756.0 22943.0 188.0 96.0 the

10180.0 23051.0 296.0 104.0 rules
10536.0 23055.0 232.0 96.0 and
10816.0 23051.0 656.0 120.0 pioprietles.
11552.0 23055.0 120.0 96.0 oC
11752.0 23055.0 188.0 92.0 tlio
12028.0 23051.0 508.0 100.0 occasion
12556.0 23124.0 24.0 44.0 ,
12660.0 23076.0 244.0 76.0 com-

10180.0 23175.0 316.0 96.0 ment
10544.0 23187.0 292.0 100.0 upon
10892.0 23168.0 188.0 104.0 the
11156.0 23171.0 364.0 100.0 action
11568.0 23164.0 124.0 116.0 ot
11732.0 23168.0 188.0 100.0 the
12012.0 23164.0 476.0 124.0 speaker
12576.0 23171.0 372.0 100.0 vvouhi

10184.0 23288.0 204.0 100.0 not
10432.0 23284.0 132.0 100.0 bo
10608.0 23280.0 532.0 120.0 indulged
11192.0 23288.0 108.0 96.0 In
11320.0 23291.0 40.0 112.0 }
11456.0 23288.0 64.0 104.0 1
11556.0 23288.0 72.0 100.0 h
11708.0 23303.0 132.0 80.0 ve
11884.0 23280.0 272.0 140.0 only
12204.0 23284.0 224.0 100.0 this
12476.0 23288.0 112.0 92.0 to
12628.0 23307.0 328.0 92.0 say-

10180.0 23404.0 244.0 100.0 that
10468.0 23400.0 304.0 100.0 there
10820.0 23395.0 96.0 104.0 Is
10968.0 23419.0 144.0 84.0 no
11164.0 23423.0 252.0 80.0 man
11468.0 23408.0 116.0 100.0 in
11640.0 23395.0 868.0 108.0 ilASsachuset's
12556.0 23423.0 124.0 76.0 or
12708.0 23404.0 196.0 100.0 out-

10180.0 23515.0 244.0 100.0 side
10468.0 23515.0 120.0 100.0 of
10640.0 23515.0 864.0 108.0 Massachusetts
11584.0 23515.0 252.0 104.0 who
11884.0 23515.0 228.0 100.0 will
12160.0 23515.0 372.0 100.0 attack
12580.0 23515.0 364.0 104.0 cither

10188.0 23631.0 188.0 104.0 the
10428.0 23627.0 540.0 124.0 Integrity
10972.0 23699.0 24.0 44.0 ,
11052.0 23635.0 184.0 96.0 the
11308.0 23635.0 464.0 116.0 honesty
11780.0 23699.0 28.0 48.0 ,
11888.0 23652.0 128.0 76.0 or
12080.0 23627.0 392.0 124.0 ability
12556.0 23631.0 124.0 100.0 of
12764.0 23631.0 188.0 104.0 the

10184.0 23747.0 472.0 124.0 speaker
10700.0 23751.0 112.0 92.0 ot
10868.0 23728.0 188.0 120.0 the
11104.0 23755.0 444.0 116.0 present
11592.0 23747.0 340.0 104.0 house
12020.0 23743.0 268.0 104.0 with
12384.0 23747.0 568.0 120.0 Impunity

10192.0 23867.0 112.0 100.0 In
10356.0 23863.0 176.0 100.0 bis
10576.0 23888.0 564.0 96.0 presence.
11264.0 23863.0 356.0 108.0 There
11700.0 23888.0 192.0 76.0 are
11963.0 23863.0 172.0 92.0 1AO
12220.0 23863.0 564.0 116.0 partisans
12828.0 23867.0 128.0 96.0 of

10184.0 23980.0 188.0 100.0 the
10416.0 23983.0 456.0 96.0 senator
10920.0 23983.0 284.0 100.0 trom
11252.0 23983.0 864.0 104.0 .Massachusetts
12160.0 24003.0 144.0 76.0 on
12404.0 23983.0 184.0 100.0 the
12679.0 23980.0 276.0 104.0 lloor

10184.0 24100.0 116.0 96.0 ot
10376.0 24100.0 184.0 96.0 the
10644.0 24096.0 320.0 100.0 other
11048.0 24096.0 336.0 108.0 house
11388.0 24176.0 28.0 40.0 ,
11504.0 24100.0 148.0 108.0 all
11732.0 24096.0 124.0 96.0 of
11939.0 24096.0 364.0 100.0 whom
12396.0 24096.0 284.0 104.0 have
12768.0 24096.0 188.0 104.0 the

10188.0 24211.0 300.0 104.0 rlsht
10540.0 24216.0 116.0 96.0 to
10704.0 24207.0 324.0 108.0 make
11096.0 24211.0 556.0 108.0 whatever
11728.0 24207.0 372.0 104.0 attiek
12192.0 24216.0 268.0 116.0 they
12544.0 24211.0 372.0 124.0 please
12924.0 24287.0 24.0 44.0 ,

10184.0 24327.0 364.0 104.0 audit
10596.0 24327.0 264.0 120.0 they
10904.0 24327.0 144.0 100.0 do
11096.0 24331.0 256.0 116.0 they
11444.0 24327.0 228.0 112.0 will
11756.0 24327.0 432.0 104.0 receive
12268.0 24351.0 68.0 80.0 a
12424.0 24351.0 532.0 100.0 response

10188.0 24443.0 516.0 120.0 behttlng
10752.0 24451.0 112.0 92.0 to
10912.0 24443.0 184.0 104.0 the
11140.0 24451.0 404.0 104.0 attack.

10312.0 24563.0 204.0 100.0 Mr.
10624.0 24555.0 288.0 104.0 Hoai
11056.0 24559.0 48.0 100.0 I
11184.0 24567.0 196.0 100.0 ask
11468.0 24567.0 192.0 100.0 the
11736.0 24559.0 460.0 100.0 senator
12279.0 24555.0 284.0 108.0 from
12660.0 24555.0 252.0 108.0 Ken-

10192.0 24679.0 344.0 112.0 tucky
10588.0 24679.0 492.0 100.0 whether
11104.0 24679.0 140.0 100.0 he
11284.0 24691.0 388.0 96.0 deued
11516.0 24683.0 28.0 124.0 |
11716.0 24704.0 68.0 72.0 a
11824.0 24675.0 372.0 120.0 single
12240.0 24672.0 552.0 108.0 assertion
12840.0 24679.0 124.0 100.0 of

10196.0 24799.0 228.0 100.0 tact
10468.0 24795.0 240.0 100.0 that
10764.0 24792.0 48.0 100.0 I
10860.0 24792.0 280.0 104.0 liavo
11184.0 24799.0 324.0 108.0 nmile
11636.0 24792.0 472.0 104.0 whether
12168.0 24795.0 140.0 100.0 ho
12396.0 24792.0 268.0 104.0 does
12756.0 24803.0 200.0 96.0 not

10192.0 24931.0 324.0 80.0 ame
10552.0 24908.0 268.0 100.0 with
10876.0 24927.0 168.0 84.0 mo
11096.0 24912.0 112.0 100.0 In
11268.0 24939.0 180.0 100.0 my
11488.0 24908.0 464.0 128.0 opinion
12032.0 24908.0 120.0 96.0 of
12236.0 24903.0 228.0 108.0 this
12520.0 24912.0 404.0 104.0 matter
12924.0 24983.0 28.0 44.0 ,

10192.0 25023.0 228.0 108.0 and
10468.0 25028.0 496.0 100.0 whether
11004.0 25023.0 136.0 100.0 he
11184.0 25028.0 264.0 104.0 does
11496.0 25036.0 200.0 100.0 not
11740.0 25019.0 336.0 108.0 think
12156.0 25019.0 244.0 108.0 that
12484.0 25023.0 80.0 104.0 It
12620.0 25028.0 96.0 100.0 Is
12800.0 25051.0 148.0 76.0 an

10196.0 25139.0 524.0 104.0 invasion
10772.0 25139.0 120.0 100.0 of
10940.0 25135.0 184.0 108.0 the
11168.0 25139.0 848.0 112.0 constitutional
12060.0 25163.0 380.0 100.0 power
12520.0 25143.0 120.0 100.0 ot
12716.0 25167.0 200.0 80.0 sen-

10192.0 25263.0 184.0 96.0 ate
10416.0 25255.0 228.0 100.0 and
10692.0 25259.0 344.0 100.0 bouse
11044.0 25259.0 56.0 96.0 ?

10316.0 25371.0 204.0 108.0 Mr.
10580.0 25371.0 296.0 104.0 Heck
11016.0 25371.0 40.0 104.0 I
11108.0 25371.0 280.0 108.0 have
11435.0 25404.0 148.0 80.0 no
11632.0 25371.0 284.0 116.0 right
11972.0 25371.0 112.0 100.0 to
12132.0 25371.0 340.0 104.0 know
12520.0 25400.0 144.0 80.0 on
12740.0 25371.0 228.0 108.0 this

10196.0 25487.0 276.0 104.0 floor
10516.0 25487.0 496.0 108.0 whether
11056.0 25495.0 656.0 104.0 statements
11760.0 25487.0 320.0 104.0 made
12127.0 25487.0 140.0 116.0 by
12356.0 25491.0 188.0 100.0 the
12648.0 25516.0 276.0 80.0 sena-

10196.0 25611.0 176.0 96.0 tor
10416.0 25604.0 292.0 104.0 from
10756.0 25604.0 868.0 116.0 Massachusetts
11664.0 25635.0 184.0 76.0 are
11912.0 25611.0 244.0 96.0 true
12260.0 25627.0 124.0 80.0 or
12491.0 25615.0 228.0 92.0 not
12855.0 25607.0 116.0 104.0 If

10196.0 25720.0 264.0 120.0 they
10508.0 25743.0 184.0 80.0 aio
10736.0 25728.0 248.0 96.0 true
10988.0 25791.0 24.0 60.0 ,
11068.0 25728.0 220.0 104.0 and
11344.0 25731.0 88.0 100.0 If
11504.0 25735.0 256.0 112.0 they
11872.0 25743.0 188.0 80.0 ate
12152.0 25720.0 588.0 104.0 Invasions
12848.0 25728.0 124.0 96.0 ot

10196.0 25835.0 188.0 104.0 the
10428.0 25831.0 356.0 120.0 rights
10828.0 25844.0 112.0 96.0 ot
11036.0 25848.0 188.0 92.0 the
11332.0 25844.0 340.0 104.0 house
11772.0 25835.0 120.0 104.0 ot
11996.0 25839.0 936.0 120.0 iepresentatlvrs
12940.0 25915.0 24.0 44.0 ,

10196.0 25951.0 312.0 104.0 there
10552.0 25975.0 188.0 80.0 aie
10784.0 25968.0 928.0 112.0 ioprcsentativcs
11760.0 25951.0 308.0 112.0 there
12132.0 25951.0 248.0 104.0 able
12488.0 25964.0 112.0 92.0 to
12708.0 25955.0 260.0 104.0 take

10192.0 26092.0 252.0 76.0 earn
10488.0 26075.0 124.0 92.0 ot
10656.0 26071.0 696.0 108.0 themselves
11480.0 26079.0 52.0 104.0 I
11580.0 26075.0 148.0 104.0 do
11775.0 26075.0 204.0 96.0 not
12020.0 26067.0 428.0 108.0 believe
12496.0 26075.0 244.0 96.0 that
12784.0 26079.0 188.0 100.0 the

10196.0 26183.0 828.0 120.0 distinguished
11076.0 26191.0 464.0 120.0 speaker
11580.0 26195.0 116.0 96.0 of
11744.0 26191.0 188.0 100.0 the
11976.0 26183.0 344.0 104.0 house
12368.0 26183.0 200.0 104.0 has
12672.0 26187.0 300.0 104.0 done

10204.0 26323.0 228.0 100.0 any
10484.0 26327.0 392.0 96.0 wrong
10924.0 26303.0 800.0 112.0 Intentionally
11728.0 26376.0 28.0 40.0 ,
11808.0 26303.0 228.0 104.0 and
12096.0 26299.0 40.0 104.0 I
12248.0 26299.0 144.0 104.0 do
12504.0 26303.0 200.0 104.0 not
12804.0 26307.0 176.0 100.0 bo-

10200.0 26416.0 200.0 104.0 llev
10424.0 26443.0 28.0 64.0 <
10452.0 26439.0 36.0 48.0 >
10544.0 26423.0 244.0 100.0 that
10828.0 26443.0 228.0 100.0 any
11124.0 26447.0 260.0 80.0 man
11476.0 26423.0 220.0 112.0 will
11780.0 26420.0 272.0 100.0 daio
12132.0 26435.0 120.0 84.0 to
12332.0 26443.0 204.0 76.0 MV
12612.0 26420.0 116.0 104.0 In
12800.0 26423.0 176.0 100.0 his

10200.0 26555.0 532.0 88.0 presence
10776.0 26540.0 304.0 104.0 what
11124.0 26540.0 200.0 100.0 has
11368.0 26543.0 272.0 104.0 been
11696.0 26536.0 244.0 104.0 said
11984.0 26559.0 148.0 80.0 on
12188.0 26536.0 228.0 104.0 this
12464.0 26536.0 276.0 108.0 lloor
12784.0 26536.0 132.0 104.0 be

10196.0 26631.0 284.0 120.0 hind
10536.0 26647.0 176.0 104.0 his
10784.0 26647.0 280.0 108.0 back
11176.0 26660.0 472.0 104.0 without
11744.0 26651.0 424.0 108.0 having
12268.0 26675.0 144.0 76.0 an
12528.0 26675.0 452.0 80.0 answer

10204.0 26763.0 364.0 104.0 which
10616.0 26763.0 140.0 104.0 he
10804.0 26767.0 368.0 104.0 would
11220.0 26780.0 196.0 100.0 not
11460.0 26780.0 228.0 104.0 HKQ
11736.0 26775.0 112.0 96.0 to
11896.0 26775.0 268.0 96.0 hear
12264.0 26767.0 232.0 104.0 and
12608.0 26771.0 364.0 104.0 which

10200.0 26883.0 372.0 124.0 .would
10620.0 26883.0 132.0 100.0 be
10816.0 26911.0 60.0 76.0 a
10928.0 26887.0 544.0 124.0 thorough
11524.0 26883.0 736.0 128.0 vindication.

10312.0 26999.0 344.0 104.0 Attcr
10812.0 27003.0 464.0 104.0 further
11404.0 27007.0 504.0 108.0 remarks
12048.0 26999.0 184.0 104.0 the
12336.0 26995.0 640.0 112.0 discussion

10192.0 27111.0 364.0 108.0 closed
10572.0 27188.0 28.0 44.0 ,
10648.0 27115.0 228.0 108.0 and
10928.0 27123.0 264.0 104.0 then
11240.0 27119.0 188.0 112.0 the
11476.0 27123.0 512.0 124.0 question
12040.0 27139.0 228.0 88.0 vvns
12356.0 27127.0 200.0 116.0 put
12672.0 27144.0 304.0 100.0 upon

10196.0 27232.0 188.0 104.0 the
10428.0 27235.0 676.0 108.0 conference
11148.0 27251.0 360.0 112.0 report
11516.0 27315.0 32.0 44.0 ,
11599.0 27235.0 364.0 108.0 which
12012.0 27255.0 236.0 88.0 was
12352.0 27239.0 400.0 116.0 agreed
12868.0 27243.0 116.0 100.0 to

10196.0 27348.0 476.0 108.0 without
10720.0 27352.0 532.0 112.0 division.

10316.0 27463.0 332.0 128.0 Upon
10744.0 27467.0 424.0 108.0 motion
11212.0 27472.0 124.0 104.0 of
11400.0 27476.0 200.0 108.0 Mr.
11648.0 27463.0 376.0 112.0 Teller
12100.0 27463.0 192.0 104.0 the
12368.0 27463.0 344.0 116.0 hoiuo
12788.0 27463.0 200.0 112.0 bill

10196.0 27579.0 112.0 104.0 to
10348.0 27587.0 532.0 104.0 oiL'nnlze
10920.0 27615.0 68.0 76.0 a
11032.0 27587.0 268.0 108.0 land
11344.0 27587.0 440.0 112.0 district
11820.0 27587.0 184.0 104.0 for
12040.0 27579.0 184.0 108.0 No
12268.0 27583.0 372.0 104.0 MIXII'H
12676.0 27587.0 272.0 104.0 land
12956.0 27659.0 28.0 48.0 ,

10196.0 27699.0 640.0 128.0 previously
10880.0 27720.0 396.0 108.0 passed
11324.0 27707.0 140.0 108.0 br
11508.0 27711.0 188.0 104.0 the
11756.0 27707.0 400.0 96.0 smiaUi
12204.0 27699.0 268.0 104.0 with
12536.0 27703.0 412.0 104.0 amend-

10200.0 27823.0 364.0 96.0 ments
10572.0 27887.0 28.0 48.0 ,
10656.0 27843.0 228.0 80.0 was
10928.0 27819.0 464.0 108.0 recalled
11468.0 27819.0 224.0 112.0 and
11780.0 27819.0 192.0 100.0 the
12044.0 27819.0 324.0 104.0 votes
12428.0 27815.0 148.0 124.0 by
12624.0 27819.0 364.0 104.0 which

10192.0 27939.0 392.0 96.0 senate
10664.0 27935.0 788.0 112.0 amendments
11540.0 27960.0 284.0 84.0 were
11904.0 27931.0 488.0 124.0 adopted
12488.0 27960.0 288.0 80.0 were
12840.0 27960.0 120.0 76.0 re

10188.0 28047.0 696.0 112.0 considered.
11068.0 28051.0 676.0 116.0 Thoieuato
11828.0 28047.0 788.0 112.0 amendments
12704.0 28075.0 288.0 88.0 were

13068.0 2756.0 268.0 100.0 then
13392.0 2752.0 476.0 128.0 rejected
13920.0 2756.0 228.0 108.0 and
14200.0 2756.0 184.0 112.0 the
14456.0 2756.0 720.0 112.0 unamendcd
15268.0 2756.0 352.0 108.0 house
15683.0 2756.0 196.0 108.0 bill

13076.0 2892.0 228.0 84.0 WHS
13352.0 2896.0 252.0 100.0 pass
13675.0 2888.0 60.0 84.0 i'
13748.0 2940.0 28.0 36.0 .

13183.0 2988.0 24.0 40.0 '
13212.0 2984.0 44.0 108.0 1
13296.0 3000.0 132.0 88.0 he
13472.0 2992.0 672.0 104.0 conference
14191.0 2996.0 364.0 100.0 report
14608.0 3016.0 296.0 100.0 upon
14964.0 2988.0 184.0 108.0 the
15244.0 2984.0 188.0 112.0 bill
15483.0 2992.0 112.0 100.0 to
15647.0 3016.0 196.0 100.0 provide
15852.0 3040.0 28.0 24.0 -

13072.0 3100.0 256.0 100.0 vide
13420.0 3104.0 172.0 100.0 for
13675.0 3116.0 28.0 92.0 (
13728.0 3120.0 132.0 88.0 lie
13940.0 3108.0 744.0 124.0 brlngiiiL-
14788.0 3104.0 284.0 112.0 suits
15155.0 3112.0 448.0 108.0 against
15696.0 3108.0 184.0 104.0 the

13072.0 3216.0 428.0 108.0 United
13547.0 3216.0 372.0 108.0 States
13972.0 3248.0 228.0 76.0 was
14251.0 3228.0 316.0 100.0 made
14615.0 3224.0 224.0 104.0 and
14892.0 3228.0 400.0 116.0 agreed
15344.0 3236.0 140.0 88.0 to.

13188.0 3332.0 240.0 104.0 The
13520.0 3344.0 388.0 96.0 vetoed
14015.0 3336.0 200.0 104.0 bill
14308.0 3344.0 172.0 96.0 tor
14552.0 3368.0 64.0 72.0 .1
14704.0 3340.0 372.0 124.0 public
15184.0 3332.0 516.0 124.0 building
15768.0 3344.0 108.0 96.0 at

13072.0 3448.0 344.0 104.0 Sioux
13464.0 3448.0 256.0 124.0 City
13728.0 3524.0 24.0 52.0 ,
13812.0 3452.0 124.0 104.0 la
13980.0 3520.0 24.0 52.0 ,
14068.0 3480.0 224.0 76.0 was
14384.0 3456.0 400.0 116.0 passed
14872.0 3480.0 264.0 84.0 over
15232.0 3460.0 184.0 100.0 the
15507.0 3468.0 376.0 92.0 veto-

13064.0 3572.0 120.0 92.0 US
13232.0 3572.0 112.0 92.0 to
13392.0 3572.0 136.0 100.0 IH.

13183.0 3680.0 240.0 104.0 The
13476.0 3680.0 392.0 108.0 vetoed
13920.0 3680.0 188.0 104.0 bill
14164.0 3684.0 172.0 104.0 for
14379.0 3712.0 60.0 76.0 a
14492.0 3680.0 372.0 124.0 public
14948.0 3680.0 520.0 128.0 building
15516.0 3688.0 112.0 100.0 at
15683.0 3680.0 196.0 108.0 La-

13076.0 3796.0 416.0 104.0 favette
13496.0 3872.0 28.0 52.0 ,
13584.0 3796.0 244.0 108.0 Ind.
13844.0 3868.0 24.0 56.0 ,
13968.0 3824.0 228.0 80.0 was
14280.0 3808.0 400.0 116.0 passed
14764.0 3824.0 268.0 84.0 over
15116.0 3812.0 188.0 92.0 the
15399.0 3812.0 244.0 96.0 veto
15760.0 3808.0 124.0 92.0 3b

13072.0 3924.0 112.0 92.0 to
13236.0 3916.0 140.0 100.0 is.

13183.0 4024.0 240.0 108.0 The
13476.0 4024.0 392.0 108.0 vetoed
13920.0 4020.0 188.0 112.0 bill
14227.0 4032.0 316.0 104.0 fora
14664.0 4028.0 368.0 112.0 nubile
15136.0 4028.0 516.0 120.0 building
15760.0 4040.0 116.0 96.0 at

13080.0 4140.0 324.0 128.0 Lynn
13420.0 4216.0 24.0 52.0 ,
13499.0 4144.0 332.0 108.0 Mass.
13851.0 4216.0 24.0 40.0 ,
13936.0 4164.0 228.0 88.0 was
14251.0 4172.0 196.0 96.0 pas
14520.0 4144.0 132.0 108.0 ed
14736.0 4172.0 252.0 80.0 ovei
15088.0 4148.0 184.0 104.0 the
15388.0 4156.0 252.0 100.0 veto
15760.0 4152.0 124.0 96.0 Hi"

13072.0 4272.0 112.0 92.0 to
13240.0 4264.0 140.0 100.0 15.

13188.0 4264.0 180.0 212.0 15.Mr.

13188.0 4376.0 208.0 104.0 Mr.
13456.0 4376.0 400.0 104.0 Plumb
13892.0 4376.0 604.0 108.0 submitted
14548.0 4376.0 184.0 108.0 the
14776.0 4380.0 676.0 104.0 conference
15495.0 4388.0 376.0 104.0 report

13072.0 4516.0 300.0 100.0 upon
13432.0 4496.0 184.0 100.0 tlio
13663.0 4500.0 576.0 116.0 postotllco
14280.0 4496.0 840.0 124.0 appropriation
15188.0 4496.0 184.0 100.0 bill
15388.0 4564.0 24.0 48.0 ,
15488.0 4496.0 392.0 104.0 there-

13072.0 4608.0 228.0 104.0 suit
13347.0 4608.0 336.0 120.0 being
13728.0 4636.0 64.0 76.0 a
13836.0 4612.0 828.0 120.0 disagreement
14719.0 4636.0 76.0 80.0 vv
14832.0 4612.0 160.0 104.0 1th
15032.0 4624.0 432.0 112.0 icapcct
15512.0 4616.0 112.0 96.0 to
15680.0 4612.0 184.0 104.0 thu

13072.0 4724.0 460.0 140.0 subsidy
13588.0 4732.0 464.0 96.0 leature.

13188.0 4836.0 208.0 104.0 Mt.
13464.0 4824.0 284.0 116.0 Halo
13796.0 4840.0 516.0 128.0 leportcd
14367.0 4848.0 280.0 96.0 fiom
14707.0 4840.0 184.0 104.0 the
14996.0 4836.0 640.0 108.0 committee
15720.0 4868.0 148.0 76.0 on

13072.0 4956.0 904.0 124.0 appropriations
14075.0 4960.0 188.0 100.0 the
14367.0 4956.0 612.0 140.0 dcllcleiicy
15092.0 4960.0 228.0 104.0 bill.
15452.0 4956.0 276.0 104.0 This
15784.0 4963.0 92.0 96.0 is

13072.0 5076.0 188.0 96.0 the
13308.0 5072.0 212.0 104.0 last
13568.0 5072.0 124.0 100.0 of
13735.0 5076.0 184.0 96.0 the
13972.0 5072.0 440.0 124.0 regular
14512.0 5076.0 428.0 100.0 annual
15028.0 5080.0 840.0 120.0 appiopilatlun

13076.0 5184.0 252.0 104.0 bills
13396.0 5184.0 632.0 128.0 remaining
14148.0 5216.0 108.0 76.0 10
14364.0 5192.0 128.0 104.0 bo
14596.0 5196.0 324.0 100.0 acted
15020.0 5212.0 300.0 104.0 upon
15440.0 5207.0 140.0 108.0 by
15688.0 5200.0 188.0 92.0 the

13068.0 5312.0 424.0 96.0 senate.

13192.0 5416.0 436.0 108.0 Kecess.

13832.0 5556.0 572.0 84.0 UVENINO
14560.0 5556.0 536.0 88.0 SESSION.

13192.0 5644.0 360.0 112.0 When
13663.0 5648.0 184.0 104.0 the
13960.0 5668.0 388.0 88.0 senate
14472.0 5648.0 740.0 108.0 roissembled
15319.0 5648.0 188.0 108.0 the
15616.0 5676.0 204.0 80.0 con-

13076.0 5768.0 444.0 100.0 ference
13564.0 5776.0 368.0 112.0 report
13980.0 5792.0 144.0 76.0 on
14180.0 5772.0 184.0 96.0 the
14412.0 5792.0 72.0 100.0 p
14524.0 5772.0 452.0 100.0 istollleo
15024.0 5768.0 844.0 124.0 appioprlatlon

13072.0 5880.0 192.0 104.0 bill
13368.0 5896.0 32.0 104.0 (
13416.0 5908.0 60.0 72.0 a
13559.0 5912.0 28.0 68.0 (
13600.0 5880.0 784.0 116.0 llsigu'i'iiicnt
14400.0 5912.0 32.0 92.0 )
14536.0 5912.0 228.0 72.0 was
14872.0 5880.0 340.0 108.0 taken
15312.0 5908.0 180.0 88.0 up.
15628.0 5884.0 244.0 104.0 The

13072.0 5996.0 268.0 124.0 only
13383.0 5992.0 320.0 116.0 point
13748.0 6008.0 112.0 88.0 ot
13936.0 6000.0 824.0 112.0 dtsagiocmcut
14812.0 6004.0 92.0 96.0 Is
14952.0 6024.0 120.0 80.0 as
15119.0 6008.0 112.0 92.0 to
15283.0 6004.0 184.0 100.0 the
15516.0 6000.0 356.0 104.0 South

13076.0 6108.0 596.0 108.0 American
13732.0 6112.0 260.0 104.0 mall
14044.0 6116.0 452.0 104.0 seivlee.

13192.0 6228.0 200.0 104.0 Mr.
13460.0 6228.0 264.0 104.0 Hurt
13752.0 6232.0 88.0 104.0 Is
13932.0 6232.0 392.0 104.0 moved
14432.0 6236.0 240.0 96.0 that
14764.0 6232.0 184.0 104.0 the
14992.0 6236.0 396.0 100.0 senate
15435.0 6228.0 420.0 108.0 recede.

13080.0 6340.0 564.0 108.0 Uelectul.

13192.0 6448.0 236.0 116.0 The
13476.0 6472.0 388.0 96.0 senate
13916.0 6456.0 476.0 108.0 insisted
14460.0 6488.0 144.0 76.0 on
14668.0 6460.0 144.0 108.0 Its
14856.0 6460.0 740.0 108.0 amendment
15644.0 6460.0 228.0 104.0 and

13076.0 6572.0 188.0 108.0 the
13347.0 6604.0 308.0 76.0 same
13776.0 6588.0 588.0 92.0 conferees
14480.0 6580.0 452.0 124.0 (1'lunib
14480.0 6588.0 36.0 116.0 (
14936.0 6656.0 24.0 44.0 ,
15071.0 6580.0 492.0 100.0 Mahoiie
15647.0 6580.0 228.0 100.0 and

13080.0 6692.0 296.0 100.0 Heck
13392.0 6700.0 32.0 112.0 )
13484.0 6720.0 288.0 76.0 were
13816.0 6692.0 640.0 124.0 appointed.

13192.0 6812.0 208.0 96.0 Mi.
13456.0 6812.0 440.0 100.0 Allison
13908.0 6880.0 28.0 48.0 ,
13992.0 6812.0 288.0 100.0 fiom
14372.0 6816.0 184.0 96.0 the
14603.0 6808.0 640.0 108.0 committee
15288.0 6832.0 148.0 76.0 on
15488.0 6835.0 344.0 96.0 appro-

13076.0 6928.0 548.0 116.0 priations
13632.0 7000.0 24.0 44.0 ,
13711.0 6928.0 504.0 120.0 reported
14292.0 6928.0 272.0 100.0 back
14620.0 6932.0 184.0 96.0 the
14852.0 6928.0 348.0 100.0 house
15247.0 6924.0 192.0 104.0 bill
15492.0 6952.0 348.0 96.0 appro-

13080.0 7039.0 492.0 120.0 priating
13616.0 7048.0 572.0 108.0 MS.IHW.OOO
14260.0 7048.0 176.0 96.0 for
14540.0 7039.0 188.0 104.0 the
14836.0 7052.0 540.0 116.0 payment
15420.0 7044.0 124.0 100.0 of
15611.0 7068.0 216.0 96.0 pen-

13076.0 7156.0 436.0 100.0 sioners
13556.0 7164.0 112.0 92.0 ot
13720.0 7164.0 188.0 96.0 the
13960.0 7144.0 516.0 116.0 Mexican
14552.0 7184.0 260.0 80.0 war.
14952.0 7159.0 448.0 104.0 Passed.

13195.0 7272.0 20.0 40.0 '
13220.0 7268.0 40.0 100.0 1
13300.0 7276.0 136.0 96.0 ho
13480.0 7283.0 388.0 92.0 senate
13916.0 7276.0 264.0 100.0 then
14232.0 7276.0 260.0 100.0 took
14543.0 7279.0 284.0 96.0 trom
14880.0 7276.0 184.0 100.0 the
15112.0 7276.0 532.0 104.0 calendar
15688.0 7276.0 188.0 100.0 the

13080.0 7388.0 344.0 100.0 house
13476.0 7388.0 184.0 100.0 bill
13711.0 7400.0 112.0 88.0 to
13860.0 7392.0 404.0 100.0 amend
14320.0 7392.0 492.0 100.0 sections
14872.0 7396.0 232.0 92.0 .Mill
15192.0 7392.0 224.0 100.0 and
15464.0 7396.0 156.0 92.0 nil
15620.0 7400.0 24.0 76.0 )
15652.0 7456.0 20.0 24.0 .
15671.0 7396.0 28.0 92.0 !
15748.0 7396.0 124.0 96.0 of

13084.0 7508.0 184.0 96.0 the
13316.0 7504.0 436.0 104.0 revised
13844.0 7516.0 472.0 92.0 statutes
14403.0 7508.0 268.0 100.0 vrith
14764.0 7532.0 144.0 76.0 an
14979.0 7508.0 732.0 104.0 amendment
15760.0 7508.0 108.0 100.0 In

13080.0 7620.0 188.0 100.0 the
13316.0 7628.0 396.0 92.0 iiattno
13796.0 7624.0 120.0 96.0 ot
14004.0 7647.0 68.0 72.0 a
14168.0 7620.0 628.0 104.0 substitute.
14928.0 7620.0 240.0 104.0 Iho
15280.0 7624.0 596.0 100.0 substitute

13084.0 7736.0 512.0 108.0 provides
13648.0 7740.0 240.0 96.0 that
13976.0 7736.0 592.0 104.0 whenever
14656.0 7740.0 816.0 100.0 three-lourths
15520.0 7744.0 112.0 92.0 ot
15688.0 7736.0 188.0 104.0 the

13084.0 7851.0 500.0 100.0 national
13636.0 7851.0 208.0 100.0 bin
13868.0 7860.0 128.0 92.0 Us
14060.0 7856.0 120.0 96.0 of
14248.0 7880.0 64.0 72.0 a
14403.0 7851.0 228.0 120.0 city
14676.0 7860.0 108.0 92.0 ot
14836.0 7856.0 340.0 116.0 50,000
15223.0 7851.0 644.0 124.0 population

13080.0 7968.0 284.0 96.0 shall
13408.0 7968.0 340.0 124.0 apply
13796.0 7980.0 108.0 88.0 to
13952.0 7964.0 184.0 104.0 the
14180.0 7968.0 684.0 116.0 comptiollci
14928.0 7971.0 116.0 96.0 ot
15100.0 7968.0 184.0 100.0 the
15331.0 7992.0 540.0 92.0 curieucy

13080.0 8088.0 116.0 92.0 to
13232.0 8080.0 280.0 104.0 have
13559.0 8080.0 184.0 104.0 the
13792.0 8108.0 332.0 76.0 name
14168.0 8088.0 120.0 96.0 of
14332.0 8084.0 240.0 100.0 that
14615.0 8084.0 228.0 120.0 city
14888.0 8080.0 364.0 108.0 added
15300.0 8092.0 112.0 92.0 to
15459.0 8084.0 188.0 100.0 the
15683.0 8084.0 188.0 100.0 list

13080.0 8200.0 120.0 96.0 of
13248.0 8196.0 576.0 108.0 "reserve"
13872.0 8200.0 320.0 100.0 cities
14239.0 8200.0 396.0 100.0 named
14700.0 8200.0 112.0 100.0 In
14864.0 8204.0 424.0 96.0 section
15360.0 8200.0 236.0 96.0 5191
15640.0 8200.0 228.0 100.0 and

13076.0 8316.0 236.0 92.0 51W
13376.0 8324.0 116.0 88.0 ot
13544.0 8316.0 184.0 100.0 the
13776.0 8316.0 436.0 100.0 icvlsul
14300.0 8320.0 472.0 96.0 statutes
14784.0 8388.0 24.0 44.0 ,
14904.0 8320.0 184.0 100.0 the
15172.0 8316.0 708.0 120.0 comptroller

13084.0 8424.0 280.0 104.0 shall
13416.0 8432.0 276.0 100.0 have
13760.0 8432.0 568.0 116.0 authority
14412.0 8440.0 112.0 92.0 to
14615.0 8440.0 332.0 112.0 grant
15032.0 8432.0 272.0 100.0 such
15392.0 8440.0 440.0 112.0 loqucst
15844.0 8503.0 24.0 40.0 ,

13080.0 8543.0 196.0 100.0 but
13320.0 8543.0 184.0 104.0 the
13547.0 8548.0 360.0 100.0 banks
14004.0 8560.0 292.0 88.0 must
14379.0 8548.0 280.0 120.0 knep
14752.0 8552.0 112.0 96.0 in
14976.0 8548.0 292.0 104.0 their
15352.0 8552.0 364.0 96.0 vaults
15763.0 8560.0 116.0 88.0 at

13080.0 8660.0 284.0 100.0 least
13408.0 8667.0 116.0 88.0 -3
13576.0 8688.0 188.0 100.0 per
13848.0 8672.0 260.0 96.0 cent
14191.0 8667.0 124.0 96.0 of
14412.0 8660.0 288.0 104.0 their
14784.0 8663.0 496.0 140.0 deposits
15292.0 8728.0 28.0 32.0 ,
15452.0 8672.0 136.0 92.0 in
15644.0 8663.0 232.0 100.0 like

13084.0 8800.0 476.0 80.0 manner
13660.0 8783.0 224.0 96.0 and
13988.0 8804.0 148.0 76.0 on
14248.0 8780.0 228.0 100.0 like
14543.0 8780.0 644.0 100.0 conditions
15232.0 8776.0 316.0 104.0 cities
15599.0 8783.0 272.0 96.0 with

13076.0 8896.0 396.0 116.0 Uiu.OOO
13576.0 8892.0 648.0 120.0 population
14340.0 8920.0 252.0 112.0 may
14700.0 8896.0 448.0 104.0 become
15155.0 8968.0 24.0 44.0 ,
15271.0 8896.0 228.0 100.0 like
15592.0 8896.0 284.0 104.0 New

13088.0 9008.0 308.0 100.0 York
13404.0 9080.0 24.0 48.0 ,
13540.0 9008.0 368.0 124.0 places
14015.0 9012.0 172.0 96.0 for
14296.0 9008.0 360.0 104.0 banks
14743.0 9016.0 116.0 96.0 ot
14955.0 9012.0 696.0 120.0 redemption
15671.0 9080.0 24.0 48.0 ,
15751.0 9040.0 124.0 72.0 or

13088.0 9128.0 492.0 100.0 "central
13632.0 9124.0 504.0 104.0 leseive"
14188.0 9124.0 320.0 108.0 cities
14516.0 9200.0 24.0 48.0 ,
14596.0 9151.0 120.0 76.0 as
14803.0 9128.0 544.0 120.0 provided
15440.0 9128.0 120.0 96.0 In
15640.0 9155.0 188.0 76.0 sec-

13092.0 9240.0 236.0 100.0 tion
13380.0 9248.0 268.0 92.0 OHC.

13212.0 9355.0 200.0 104.0 Mr.
13472.0 9352.0 548.0 108.0 Williams
14072.0 9355.0 396.0 104.0 moved
14516.0 9372.0 116.0 84.0 to
14676.0 9355.0 220.0 104.0 add
14943.0 9355.0 232.0 108.0 San
15271.0 9352.0 600.0 112.0 Francisco

13084.0 9475.0 112.0 96.0 to
13244.0 9472.0 528.0 104.0 thelUtci
13836.0 9475.0 288.0 100.0 class
14168.0 9479.0 128.0 96.0 of
14340.0 9472.0 348.0 104.0 cities.
14820.0 9475.0 448.0 124.0 Agieed
15324.0 9479.0 156.0 96.0 to.

13200.0 9588.0 240.0 100.0 The
13488.0 9592.0 192.0 100.0 bill
13728.0 9596.0 264.0 96.0 then
14048.0 9588.0 400.0 124.0 passed
14484.0 9599.0 228.0 92.0 and
14791.0 9620.0 68.0 72.0 a
14895.0 9596.0 676.0 100.0 conference
15640.0 9616.0 232.0 80.0 was

13084.0 9704.0 380.0 108.0 asked.

13200.0 9828.0 172.0 92.0 On
13428.0 9824.0 420.0 100.0 motion
13899.0 9824.0 124.0 96.0 of
14068.0 9820.0 204.0 104.0 Mr.
14324.0 9816.0 448.0 108.0 Allison
14844.0 9824.0 120.0 96.0 of
15016.0 9820.0 308.0 104.0 Iowa
15372.0 9820.0 192.0 104.0 the
15611.0 9824.0 260.0 100.0 vote

13080.0 9936.0 124.0 100.0 of
13248.0 9936.0 212.0 104.0 last
13504.0 9940.0 488.0 100.0 oveiiine
14039.0 9940.0 144.0 116.0 by
14232.0 9940.0 364.0 100.0 which
14644.0 9944.0 188.0 96.0 the
14943.0 9940.0 188.0 104.0 bill
15240.0 9944.0 116.0 96.0 to
15459.0 9940.0 408.0 100.0 amend

13084.0 10056.0 184.0 96.0 the
13316.0 10060.0 176.0 92.0 act
13535.0 10052.0 112.0 104.0 In
13704.0 10060.0 572.0 96.0 icleicnce
14320.0 10056.0 112.0 96.0 to
14480.0 10056.0 188.0 100.0 the
14707.0 10056.0 712.0 120.0 Juiisdittiun
15471.0 10060.0 124.0 92.0 of
15680.0 10056.0 192.0 100.0 thu

13092.0 10167.0 424.0 100.0 United
13559.0 10171.0 372.0 100.0 States
13972.0 10176.0 376.0 96.0 courts
14396.0 10196.0 228.0 76.0 was
14672.0 10171.0 400.0 120.0 passed
15184.0 10196.0 228.0 76.0 was
15500.0 10196.0 320.0 76.0 recon-

13084.0 10284.0 424.0 100.0 sidered
13523.0 10356.0 24.0 48.0 ,
13600.0 10291.0 220.0 96.0 and
13875.0 10287.0 184.0 96.0 the
14152.0 10291.0 248.0 92.0 vote
14488.0 10287.0 532.0 116.0 agieeing
15128.0 10291.0 116.0 92.0 to
15328.0 10287.0 204.0 100.0 Mr.
15620.0 10287.0 252.0 100.0 Cul-

13084.0 10400.0 320.0 100.0 loin's
13448.0 10400.0 728.0 100.0 amendment
14212.0 10400.0 352.0 124.0 hxlng
14596.0 10408.0 188.0 92.0 the
14816.0 10404.0 460.0 100.0 salaries
15312.0 10404.0 124.0 96.0 of
15468.0 10404.0 404.0 120.0 judges

13080.0 10528.0 116.0 88.0 at
13244.0 10520.0 116.0 100.0 ST
13347.0 10552.0 24.0 56.0 >
13380.0 10524.0 212.0 112.0 ,000
13632.0 10520.0 224.0 100.0 and
13904.0 10516.0 692.0 124.0 piohibitlng
14644.0 10520.0 184.0 96.0 the
14872.0 10524.0 792.0 120.0 appointment
15748.0 10524.0 124.0 96.0 of

13080.0 10632.0 372.0 100.0 relatlv
13484.0 10655.0 116.0 76.0 es
13644.0 10659.0 124.0 72.0 as
13816.0 10640.0 308.0 96.0 court
14200.0 10615.0 460.0 124.0 ofliclals
14668.0 10704.0 24.0 48.0 ,
14812.0 10655.0 232.0 80.0 v\as
15148.0 10648.0 240.0 88.0 also
15492.0 10659.0 332.0 76.0 recon-

13084.0 10748.0 428.0 100.0 sidered
13532.0 10815.0 24.0 48.0 ,
13608.0 10748.0 224.0 100.0 and
13880.0 10748.0 264.0 100.0 then
14200.0 10748.0 184.0 100.0 the
14432.0 10735.0 192.0 112.0 bill
14676.0 10772.0 224.0 80.0 was
14992.0 10748.0 396.0 128.0 passed
15480.0 10752.0 228.0 100.0 and
15799.0 10779.0 64.0 72.0 a

13076.0 10868.0 672.0 96.0 conlcreuio
13788.0 10863.0 384.0 100.0 asked.

13204.0 10979.0 196.0 100.0 Mr.
13464.0 10979.0 396.0 100.0 Plumb
13904.0 10976.0 588.0 128.0 presented
14540.0 10979.0 188.0 100.0 the
14772.0 10979.0 680.0 100.0 confeience
15495.0 10983.0 372.0 116.0 report

13084.0 11120.0 144.0 76.0 on
13284.0 11099.0 184.0 96.0 the
13516.0 11096.0 188.0 100.0 bill
13816.0 11107.0 108.0 88.0 to
14027.0 11096.0 380.0 120.0 adjust
14512.0 11096.0 480.0 100.0 lailioad
15100.0 11096.0 268.0 100.0 land
15471.0 11112.0 400.0 104.0 grants

13080.0 11212.0 628.0 100.0 heietofore
13756.0 11208.0 708.0 124.0 unadjusted.
14596.0 11212.0 444.0 112.0 Agieul
15095.0 11220.0 140.0 96.0 to.

13195.0 11328.0 104.0 100.0 A
13352.0 11351.0 500.0 84.0 message
13899.0 11328.0 284.0 100.0 fiom
14232.0 11332.0 188.0 96.0 the
14464.0 11324.0 348.0 104.0 house
14860.0 11332.0 112.0 92.0 at
15083.0 11332.0 112.0 92.0 10
15268.0 11351.0 100.0 88.0 p.
15423.0 11351.0 140.0 72.0 m.
15659.0 11351.0 144.0 76.0 an-

13084.0 11444.0 516.0 104.0 nounced
13652.0 11444.0 184.0 96.0 thu
13887.0 11467.0 248.0 96.0 pass
14176.0 11467.0 172.0 92.0 igo
14391.0 11444.0 112.0 96.0 ot
14552.0 11440.0 184.0 100.0 Iho
14784.0 11464.0 408.0 92.0 uigent
15259.0 11444.0 612.0 116.0 dehcleiiey

13084.0 11560.0 184.0 100.0 bill
13284.0 11631.0 24.0 44.0 ,
13359.0 11564.0 224.0 96.0 and
13632.0 11560.0 188.0 100.0 the
13872.0 11560.0 572.0 116.0 presiding
14492.0 11555.0 368.0 100.0 olllcer
14928.0 11555.0 228.0 104.0 laid
15204.0 11560.0 188.0 100.0 the
15444.0 11560.0 196.0 96.0 bill
15696.0 11564.0 128.0 96.0 be-

13084.0 11680.0 240.0 92.0 fore
13368.0 11680.0 188.0 96.0 the
13604.0 11680.0 412.0 96.0 senate.

13204.0 11791.0 204.0 100.0 Mi.
13464.0 11788.0 584.0 100.0 Kdmunds
14176.0 11795.0 44.0 92.0 1
14276.0 11784.0 360.0 124.0 object
14684.0 11791.0 116.0 96.0 to
14844.0 11816.0 68.0 72.0 a
14955.0 11784.0 412.0 104.0 second
15408.0 11784.0 468.0 120.0 reading

13080.0 11908.0 120.0 100.0 of
13268.0 11912.0 184.0 96.0 the
13504.0 11908.0 224.0 100.0 bill.
13932.0 11915.0 36.0 112.0 (
13976.0 11904.0 240.0 100.0 The
14304.0 11904.0 552.0 120.0 objection
14876.0 11976.0 24.0 40.0 ,
14960.0 11904.0 76.0 104.0 U
15155.0 11904.0 476.0 100.0 Insisted
15680.0 11928.0 140.0 76.0 on
15840.0 11976.0 20.0 48.0 ,

13080.0 12028.0 528.0 116.0 prevents
13652.0 12024.0 188.0 96.0 the
13880.0 12016.0 832.0 108.0 consideration
14800.0 12024.0 124.0 92.0 of
15012.0 12016.0 188.0 104.0 the
15252.0 12020.0 188.0 100.0 bill
15488.0 12035.0 116.0 84.0 at
15688.0 12024.0 188.0 100.0 the

13088.0 12144.0 452.0 116.0 present
13584.0 12136.0 468.0 100.0 session.
14075.0 12152.0 32.0 96.0 )

13200.0 12260.0 156.0 92.0 At
13404.0 12256.0 108.0 96.0 10
13540.0 12276.0 20.0 76.0 :
13604.0 12296.0 24.0 48.0 >
13628.0 12256.0 64.0 92.0 0
13735.0 12252.0 188.0 100.0 thu
14000.0 12260.0 384.0 92.0 senate
14476.0 12252.0 596.0 120.0 proceeded
15164.0 12256.0 116.0 96.0 to
15328.0 12247.0 188.0 104.0 the
15599.0 12276.0 276.0 76.0 con-

13084.0 12363.0 604.0 108.0 sidciatlon
13744.0 12372.0 120.0 92.0 of
13936.0 12372.0 188.0 96.0 tlm
14208.0 12372.0 608.0 116.0 dciieiency
14928.0 12363.0 188.0 104.0 bill
15131.0 12440.0 20.0 52.0 ,
15235.0 12367.0 640.0 116.0 consisting

13084.0 12491.0 116.0 92.0 ot
13272.0 12491.0 160.0 88.0 104
13484.0 12480.0 440.0 104.0 minted
13976.0 12508.0 364.0 100.0 pigos.

13200.0 12596.0 204.0 108.0 Air.
13460.0 12584.0 332.0 116.0 Cocki
13820.0 12600.0 140.0 100.0 oil
14000.0 12600.0 500.0 120.0 objected
14555.0 12600.0 112.0 104.0 to
14716.0 12600.0 184.0 100.0 the
14952.0 12596.0 332.0 104.0 Items
15331.0 12596.0 540.0 124.0 allowing

13088.0 12724.0 844.0 112.0 compensation
13984.0 12720.0 116.0 96.0 to
14144.0 12720.0 184.0 96.0 the
14379.0 12716.0 400.0 104.0 Paclhc
14820.0 12712.0 544.0 104.0 railroads
15411.0 12716.0 172.0 100.0 for
15692.0 12720.0 184.0 96.0 the

13088.0 12832.0 756.0 124.0 transpoition
13899.0 12840.0 116.0 92.0 ol
14087.0 12836.0 492.0 116.0 supplies
14591.0 12904.0 24.0 48.0 ,
14668.0 12844.0 196.0 88.0 etc.
14880.0 12904.0 28.0 40.0 ,
14967.0 12840.0 176.0 92.0 lor
15180.0 12832.0 184.0 100.0 the
15408.0 12855.0 420.0 96.0 govern-

13088.0 12956.0 312.0 92.0 ment
13440.0 12971.0 144.0 72.0 on
13636.0 12948.0 188.0 100.0 the
13868.0 12948.0 432.0 108.0 ground
14352.0 12948.0 240.0 100.0 that
14636.0 12948.0 188.0 100.0 the
14904.0 12944.0 324.0 104.0 roads
15307.0 12948.0 316.0 100.0 owed
15671.0 12948.0 192.0 100.0 the

13088.0 13072.0 748.0 108.0 government
13996.0 13088.0 340.0 92.0 many
14476.0 13064.0 500.0 100.0 millions
15136.0 13064.0 124.0 100.0 of
15423.0 13064.0 448.0 104.0 dollars.

13084.0 13179.0 324.0 100.0 Aftei
13628.0 13172.0 420.0 108.0 furthei
14284.0 13179.0 500.0 100.0 icinaiks
15012.0 13179.0 144.0 116.0 by
15399.0 13179.0 464.0 100.0 Messrs.

13092.0 13292.0 504.0 104.0 Cockiell
13748.0 13292.0 228.0 104.0 and
14176.0 13292.0 684.0 104.0 McPhcibon
14876.0 13364.0 24.0 52.0 ,
15136.0 13292.0 252.0 104.0 who
15632.0 13295.0 248.0 100.0 said

13088.0 13416.0 308.0 92.0 these
13744.0 13392.0 324.0 120.0 Items
14412.0 13436.0 288.0 76.0 weio
15024.0 13408.0 856.0 124.0 extrpordlnary

13092.0 13528.0 112.0 96.0 In
13260.0 13528.0 284.0 100.0 view
13588.0 13524.0 120.0 100.0 of
13784.0 13524.0 188.0 100.0 the
14020.0 13532.0 380.0 92.0 recent
14439.0 13528.0 372.0 100.0 action
14864.0 13524.0 124.0 100.0 of
15071.0 13552.0 532.0 96.0 congress
15611.0 13600.0 24.0 40.0 ,
15692.0 13528.0 188.0 104.0 tl.o

13088.0 13644.0 400.0 96.0 lirstof
13576.0 13644.0 188.0 96.0 the
13812.0 13640.0 324.0 104.0 items
14188.0 13648.0 112.0 92.0 In
14352.0 13644.0 516.0 116.0 question
14964.0 13663.0 232.0 80.0 was
15280.0 13640.0 404.0 116.0 agreed
15732.0 13656.0 144.0 88.0 to.

13088.0 13751.0 492.0 108.0 Yaiious
13652.0 13760.0 792.0 96.0 amendments
14543.0 13764.0 176.0 92.0 lor
14824.0 13756.0 184.0 104.0 the
15116.0 13756.0 456.0 100.0 Central
15652.0 13756.0 236.0 100.0 and

13084.0 13867.0 564.0 100.0 Southern
13836.0 13867.0 416.0 100.0 Pacific
14316.0 13960.0 32.0 40.0 .
14348.0 13871.0 616.0 120.0 .raHroads
14967.0 13936.0 36.0 56.0 ,
15168.0 13867.0 372.0 108.0 which
15700.0 13896.0 192.0 72.0 are

13080.0 13980.0 564.0 116.0 govorucd
13752.0 14044.0 32.0 32.0 .
13868.0 13980.0 36.0 96.0 J
13960.0 13991.0 68.0 100.0 y
14140.0 14044.0 40.0 40.0 ,
14268.0 13987.0 188.0 92.0 the
14488.0 13976.0 44.0 52.0 *
14548.0 13991.0 60.0 36.0 "
14656.0 13984.0 420.0 100.0 'action
15319.0 13984.0 128.0 96.0 of
15683.0 13980.0 224.0 104.0 the'

13080.0 14100.0 396.0 96.0 senate
13596.0 14115.0 148.0 76.0 on
13911.0 14096.0 228.0 100.0 this
14308.0 14100.0 724.0 96.0 amendment
15044.0 14164.0 24.0 48.0 ,
15204.0 14100.0 672.0 120.0 aggregated

13088.0 14212.0 340.0 100.0 about
13468.0 14208.0 516.0 112.0 870J.OOO.
14124.0 14216.0 184.0 96.0 An
14364.0 14212.0 736.0 104.0 amendment
15140.0 14216.0 112.0 92.0 ot
15331.0 14220.0 192.0 92.0 the
15608.0 14244.0 288.0 72.0 coui-

13088.0 14323.0 380.0 100.0 mltteo
13516.0 14328.0 112.0 92.0 to
13672.0 14348.0 216.0 80.0 nay
13940.0 14332.0 112.0 88.0 to
14144.0 14328.0 188.0 96.0 the
14444.0 14323.0 452.0 100.0 Central
14984.0 14328.0 224.0 100.0 and
15319.0 14332.0 564.0 96.0 Southern

13092.0 14435.0 400.0 100.0 1'acilie
13535.0 14435.0 484.0 100.0 tallrond
14060.0 14439.0 648.0 96.0 commutes
14755.0 14439.0 332.0 100.0 about
15136.0 14443.0 472.0 112.0 g.XW.OOU
15712.0 14448.0 180.0 92.0 lor

13080.0 14552.0 428.0 100.0 seivlce
13556.0 14555.0 112.0 96.0 to
13716.0 14555.0 188.0 96.0 the
13952.0 14576.0 216.0 76.0 vvai
14263.0 14552.0 720.0 136.0 department
15092.0 14552.0 120.0 100.0 in
15328.0 14559.0 232.0 88.0 lbt)5
15471.0 14559.0 24.0 88.0 )
15664.0 14563.0 224.0 96.0 and

13084.0 14668.0 112.0 96.0 18
13252.0 14668.0 60.0 96.0 0
13368.0 14675.0 36.0 112.0 (
13412.0 14687.0 148.0 80.0 on
13604.0 14664.0 188.0 104.0 the
13844.0 14656.0 604.0 116.0 non-aided
14500.0 14668.0 292.0 100.0 lines
14800.0 14672.0 36.0 120.0 )
14904.0 14696.0 224.0 76.0 was
15216.0 14668.0 404.0 124.0 agreed
15739.0 14679.0 144.0 96.0 to.

14256.0 14900.0 476.0 100.0 HlJllNC.

13200.0 15036.0 884.0 108.0 WASHINGTON
14087.0 15112.0 24.0 48.0 ,
14208.0 15036.0 388.0 104.0 March
14724.0 15043.0 88.0 100.0 5.
14948.0 15036.0 208.0 108.0 Mr.
15259.0 15040.0 636.0 108.0 Grosvener

13080.0 15184.0 124.0 96.0 ot
13268.0 15184.0 288.0 100.0 Ohio
13596.0 15180.0 360.0 100.0 called
14008.0 15204.0 144.0 100.0 up
14200.0 15180.0 188.0 104.0 the
14436.0 15188.0 396.0 96.0 vetoed
14904.0 15180.0 196.0 108.0 bill
15188.0 15192.0 540.0 116.0 granting
15823.0 15215.0 64.0 72.0 a

13084.0 15320.0 472.0 120.0 pension
13608.0 15335.0 116.0 92.0 to
13768.0 15320.0 308.0 120.0 Sally
14172.0 15324.0 280.0 100.0 Ann
14548.0 15320.0 512.0 124.0 Uradley.
15235.0 15324.0 244.0 104.0 The
15524.0 15327.0 356.0 104.0 house

13084.0 15468.0 156.0 100.0 ret
13264.0 15472.0 264.0 96.0 used
13576.0 15468.0 116.0 100.0 to
13735.0 15488.0 260.0 100.0 pass
14039.0 15472.0 188.0 92.0 the
14272.0 15463.0 200.0 104.0 bill
14555.0 15491.0 264.0 80.0 over
14924.0 15468.0 192.0 104.0 the
15204.0 15472.0 256.0 100.0 veto
15575.0 15495.0 268.0 92.0 yeas
15856.0 15543.0 24.0 52.0 ,

13120.0 15688.0 4.0 16.0 ,
13144.0 15615.0 112.0 88.0 Ai
13280.0 15636.0 28.0 96.0 ;
13380.0 15636.0 280.0 96.0 nays
13663.0 15680.0 28.0 48.0 ,
13792.0 15611.0 168.0 96.0 1.M
14084.0 15611.0 200.0 96.0 not
14367.0 15608.0 188.0 100.0 the
14636.0 15608.0 880.0 108.0 constitutional
15604.0 15619.0 268.0 96.0 two-

13136.0 15747.0 304.0 104.0 hiids
13492.0 15747.0 112.0 104.0 In
13660.0 15747.0 920.0 108.0 thoafflrmitlvc.

13200.0 15892.0 212.0 104.0 Mr.
13464.0 15892.0 236.0 100.0 Cox
13744.0 15892.0 124.0 100.0 of
13932.0 15888.0 360.0 108.0 North
14344.0 15892.0 532.0 104.0 Caiolina
14979.0 15895.0 404.0 104.0 moved
15432.0 15895.0 112.0 104.0 to
15632.0 15920.0 192.0 80.0 sus-

13104.0 16031.0 276.0 128.0 pend
13424.0 16031.0 192.0 104.0 the
13660.0 16036.0 296.0 100.0 lilies
14000.0 16031.0 232.0 104.0 and
14280.0 16059.0 256.0 96.0 pass
14584.0 16036.0 188.0 100.0 the
14816.0 16048.0 392.0 92.0 senate
15235.0 16036.0 192.0 108.0 bill
15464.0 16040.0 424.0 116.0 repeal-

13136.0 16204.0 148.0 92.0 lit'
13332.0 16176.0 184.0 104.0 the
13564.0 16183.0 392.0 96.0 tenure
13992.0 16176.0 124.0 100.0 of
14176.0 16176.0 312.0 100.0 olllco
14536.0 16183.0 204.0 96.0 act.
14868.0 16176.0 244.0 108.0 The
15164.0 16179.0 424.0 104.0 motion
15644.0 16208.0 232.0 80.0 was

13084.0 16332.0 400.0 96.0 agreed
13528.0 16324.0 116.0 96.0 to
13723.0 16320.0 228.0 104.0 and
14004.0 16324.0 184.0 96.0 the
14236.0 16315.0 192.0 104.0 bill
14480.0 16343.0 228.0 80.0 was
14752.0 16324.0 400.0 120.0 passed
15280.0 16351.0 268.0 96.0 yeas
15556.0 16399.0 28.0 44.0 ,
15644.0 16328.0 172.0 100.0 172
15840.0 16351.0 28.0 100.0 ;

13112.0 16496.0 8.0 64.0 :
13124.0 16488.0 248.0 96.0 iays
13380.0 16536.0 24.0 48.0 ,
13452.0 16463.0 148.0 100.0 C7.

13204.0 16608.0 208.0 100.0 Mr.
13468.0 16604.0 432.0 104.0 Adams
13944.0 16608.0 124.0 100.0 of
14116.0 16604.0 448.0 104.0 Illinois
14652.0 16604.0 396.0 108.0 moved
15160.0 16612.0 116.0 100.0 to
15380.0 16612.0 500.0 124.0 suspend

13136.0 16748.0 136.0 100.0 ho
13320.0 16748.0 292.0 100.0 rules
13652.0 16748.0 228.0 104.0 and
13932.0 16772.0 256.0 88.0 pass
14232.0 16748.0 188.0 100.0 the
14464.0 16755.0 392.0 96.0 senate
14904.0 16748.0 196.0 108.0 bill
15160.0 16755.0 724.0 116.0 authorizing

13116.0 16972.0 12.0 20.0 ,
13140.0 16892.0 136.0 100.0 he
13316.0 16896.0 556.0 108.0 secretary
13920.0 16892.0 124.0 96.0 of
14096.0 16915.0 228.0 76.0 war
14367.0 16892.0 112.0 100.0 to
14528.0 16896.0 388.0 116.0 accept
14960.0 16887.0 292.0 108.0 from
15300.0 16900.0 188.0 96.0 tlio
15580.0 16896.0 276.0 104.0 Com-

13104.0 17032.0 452.0 104.0 mercial
13644.0 17032.0 252.0 104.0 club
13984.0 17028.0 420.0 104.0 certain
14520.0 17032.0 328.0 104.0 lands
14943.0 17035.0 424.0 104.0 known
15480.0 17064.0 124.0 76.0 as
15712.0 17043.0 188.0 96.0 the

13092.0 17176.0 304.0 116.0 lllijh
13448.0 17180.0 276.0 96.0 tiact
13804.0 17199.0 272.0 76.0 near
14180.0 17176.0 488.0 104.0 Chlcaco
14743.0 17180.0 176.0 96.0 for
15024.0 17176.0 496.0 112.0 military
15632.0 17203.0 208.0 100.0 pur

13088.0 17344.0 368.0 88.0 poses.
13592.0 17316.0 216.0 104.0 Mi.
13924.0 17319.0 428.0 100.0 Adams
14444.0 17319.0 244.0 100.0 said
14784.0 17319.0 248.0 104.0 that
15136.0 17319.0 228.0 104.0 this
15476.0 17323.0 424.0 124.0 project

13116.0 17512.0 8.0 72.0 :
13132.0 17487.0 180.0 100.0 iad
13356.0 17483.0 628.0 108.0 originated
14036.0 17483.0 272.0 104.0 with
14372.0 17487.0 40.0 96.0 (
14427.0 17487.0 424.0 100.0 ioneral
14936.0 17487.0 592.0 112.0 Sheildan.
15647.0 17516.0 256.0 80.0 wno

13096.0 17603.0 416.0 100.0 wished
13564.0 17611.0 116.0 96.0 to
13720.0 17603.0 276.0 100.0 have
14039.0 17628.0 140.0 76.0 an
14227.0 17628.0 312.0 84.0 army
14588.0 17611.0 252.0 116.0 post
14936.0 17628.0 256.0 80.0 neat
15295.0 17611.0 188.0 96.0 the
15584.0 17624.0 320.0 104.0 gieat

13092.0 17720.0 460.0 112.0 railway
13656.0 17720.0 420.0 100.0 ccntei.
14300.0 17720.0 244.0 100.0 Thu
14652.0 17720.0 428.0 100.0 motion
15232.0 17748.0 232.0 76.0 was
15620.0 17727.0 272.0 100.0 then

13092.0 17840.0 400.0 112.0 agreed
13544.0 17840.0 116.0 96.0 to
13728.0 17836.0 224.0 100.0 and
14000.0 17840.0 192.0 96.0 the
14236.0 17836.0 192.0 100.0 bill
14488.0 17836.0 396.0 120.0 passed
15012.0 17840.0 108.0 96.0 H
15172.0 17840.0 112.0 96.0 lo
15328.0 17844.0 168.0 96.0 iil.

13240.0 17952.0 212.0 96.0 the
13556.0 17956.0 348.0 96.0 house
14012.0 17948.0 264.0 104.0 then
14388.0 17952.0 268.0 100.0 took
14767.0 17979.0 64.0 76.0 a
14940.0 17975.0 360.0 80.0 recess
15408.0 17956.0 300.0 104.0 until
15832.0 17964.0 60.0 92.0 8

13092.0 18063.0 460.0 108.0 o'clock.

13916.0 18204.0 572.0 80.0 riVKMNO
14560.0 18204.0 532.0 84.0 srssiov.

13212.0 18299.0 244.0 100.0 The
13499.0 18299.0 392.0 100.0 senate
13936.0 18299.0 788.0 104.0 amendments
14812.0 18307.0 116.0 92.0 to
15004.0 18303.0 188.0 100.0 the
15280.0 18303.0 628.0 112.0 legislative

13096.0 18415.0 844.0 120.0 appioprlatlon
13996.0 18415.0 192.0 96.0 bill
14239.0 18440.0 288.0 76.0 weio
14576.0 18423.0 896.0 100.0 non-concurred
15524.0 18419.0 152.0 104.0 In.

13220.0 18532.0 200.0 104.0 Mr.
13484.0 18532.0 440.0 100.0 Humes
13964.0 18536.0 116.0 92.0 ot
14128.0 18528.0 524.0 104.0 Missouri
14668.0 18604.0 24.0 48.0 ,
14752.0 18539.0 340.0 96.0 undei
15160.0 18539.0 748.0 100.0 Instructions

13104.0 18652.0 284.0 96.0 from
13436.0 18652.0 188.0 96.0 the
13668.0 18648.0 636.0 100.0 cominittca
14344.0 18671.0 140.0 76.0 on
14528.0 18652.0 900.0 120.0 appropriations
15435.0 18728.0 24.0 44.0 ,
15500.0 18663.0 404.0 96.0 moved

13100.0 18768.0 112.0 96.0 to
13256.0 18764.0 492.0 112.0 suspend
13800.0 18772.0 188.0 92.0 thu
14032.0 18764.0 296.0 100.0 rules
14372.0 18768.0 228.0 96.0 and
14648.0 18791.0 256.0 96.0 pass
14976.0 18768.0 192.0 104.0 the
15259.0 18776.0 400.0 112.0 urgent
15724.0 18772.0 140.0 100.0 de-

13104.0 18879.0 464.0 100.0 ficiency
13620.0 18879.0 224.0 104.0 bill.
14039.0 18875.0 76.0 104.0 'I
14148.0 18879.0 136.0 96.0 he
14352.0 18879.0 188.0 100.0 bill
14632.0 18884.0 764.0 120.0 appropriates
15488.0 18884.0 180.0 100.0 for
15728.0 18884.0 184.0 104.0 do-

13108.0 18980.0 560.0 116.0 licienclcs
13716.0 18995.0 112.0 100.0 In
13880.0 18991.0 192.0 104.0 the
14160.0 18995.0 564.0 116.0 postotlioe
14772.0 18995.0 708.0 116.0 dopaitmcnt
15488.0 19071.0 24.0 44.0 ,
15568.0 19003.0 336.0 100.0 Sl'Ji-
15708.0 19012.0 16.0 48.0 '

13100.0 19115.0 176.0 92.0 000
13300.0 19136.0 28.0 96.0 ;
13400.0 19111.0 116.0 100.0 In
13572.0 19111.0 188.0 100.0 the
13800.0 19119.0 500.0 108.0 tieasury
14352.0 19115.0 712.0 116.0 dnpartment
15143.0 19115.0 180.0 100.0 lor
15399.0 19111.0 508.0 120.0 printing

13100.0 19252.0 216.0 76.0 ono
13420.0 19224.0 228.0 104.0 and
13752.0 19224.0 624.0 104.0 two-dollar
14472.0 19227.0 340.0 100.0 silver
14912.0 19227.0 656.0 104.0 ceitlhcates
15676.0 19235.0 228.0 100.0 and

13104.0 19340.0 432.0 104.0 United
13584.0 19344.0 372.0 100.0 States
14004.0 19340.0 284.0 120.0 legal
14340.0 19340.0 392.0 104.0 tender
14840.0 19367.0 320.0 76.0 notes
15168.0 19416.0 24.0 44.0 ,
15247.0 19348.0 412.0 124.0 847,000
15680.0 19372.0 32.0 100.0 ;
15784.0 19351.0 116.0 100.0 In

13104.0 19460.0 188.0 100.0 the
13340.0 19460.0 712.0 120.0 department
14092.0 19464.0 124.0 92.0 of
14304.0 19456.0 408.0 120.0 justice
14712.0 19531.0 28.0 44.0 ,
14840.0 19460.0 472.0 104.0 S'Js'i.OOO
15340.0 19483.0 28.0 92.0 ;
15435.0 19464.0 228.0 104.0 and
15736.0 19464.0 176.0 104.0 for

13104.0 19584.0 540.0 116.0 payment
13687.0 19580.0 116.0 96.0 ot
13872.0 19576.0 496.0 100.0 certlhed
14412.0 19571.0 388.0 104.0 claims
14808.0 19647.0 24.0 40.0 ,
14888.0 19580.0 112.0 100.0 St
15024.0 19635.0 20.0 32.0 .
15052.0 19584.0 24.0 84.0 !
15083.0 19580.0 304.0 100.0 4'J5s.

13104.0 19599.0 300.0 192.0 paMr.
13404.0 19759.0 28.0 36.0 .
13488.0 19691.0 480.0 104.0 Cannon
14020.0 19687.0 128.0 100.0 ot
14220.0 19687.0 436.0 104.0 Illinois
14760.0 19695.0 480.0 100.0 tlioiitrlit
15344.0 19695.0 244.0 100.0 that
15696.0 19691.0 200.0 108.0 the

13108.0 19807.0 764.0 124.0 piesentation
13980.0 19807.0 116.0 96.0 ot
14208.0 19807.0 224.0 100.0 this
14540.0 19832.0 508.0 80.0 measure
15212.0 19811.0 400.0 100.0 looked
15784.0 19836.0 128.0 76.0 as

13112.0 19923.0 420.0 112.0 though
13604.0 19931.0 188.0 92.0 the
13892.0 19919.0 648.0 116.0 gentleman
14652.0 19923.0 292.0 104.0 from
15056.0 19923.0 532.0 104.0 Missouri
15683.0 19923.0 224.0 104.0 had

13112.0 20064.0 104.0 76.0 in
13256.0 20039.0 180.0 100.0 ido
13484.0 20064.0 148.0 112.0 up
13680.0 20039.0 176.0 100.0 his
13908.0 20039.0 308.0 100.0 mind
14272.0 20036.0 376.0 104.0 before
14696.0 20039.0 188.0 100.0 the
14972.0 20043.0 452.0 120.0 general
15516.0 20043.0 400.0 100.0 dehcl-

13108.0 20179.0 288.0 92.0 eucy
13436.0 20152.0 192.0 104.0 bill
13675.0 20179.0 312.0 72.0 come
14036.0 20152.0 272.0 104.0 back
14352.0 20152.0 284.0 104.0 from
14688.0 20156.0 192.0 100.0 the
14984.0 20163.0 396.0 96.0 senate
15468.0 20163.0 112.0 96.0 to
15683.0 20160.0 228.0 100.0 ills-

13108.0 20295.0 328.0 96.0 agieo
13480.0 20272.0 268.0 100.0 with
13800.0 20272.0 188.0 100.0 the
14032.0 20272.0 388.0 100.0 senate
14468.0 20272.0 792.0 104.0 amendments
15307.0 20291.0 228.0 84.0 and
15632.0 20276.0 268.0 104.0 then

13112.0 20396.0 116.0 92.0 to
13276.0 20411.0 260.0 80.0 save
13588.0 20387.0 172.0 100.0 his
13851.0 20396.0 324.0 132.0 party
14263.0 20379.0 284.0 108.0 fiom
14656.0 20387.0 484.0 108.0 disaster
15244.0 20387.0 144.0 128.0 by
15495.0 20392.0 416.0 120.0 falling

13116.0 20507.0 276.0 100.0 back
13436.0 20524.0 304.0 100.0 upon
13796.0 20487.0 188.0 112.0 the
14032.0 20503.0 508.0 120.0 pending
14603.0 20499.0 232.0 112.0 bill.

13228.0 20619.0 240.0 96.0 'Iho
13520.0 20615.0 188.0 104.0 bill
13764.0 20644.0 228.0 72.0 was
14039.0 20619.0 432.0 108.0 passed.

13228.0 20735.0 204.0 100.0 Mr.
13492.0 20735.0 604.0 100.0 Anderson
14148.0 20735.0 124.0 100.0 of
14324.0 20735.0 296.0 100.0 Iowa
14676.0 20735.0 396.0 100.0 moved
15196.0 20739.0 112.0 100.0 to
15411.0 20739.0 500.0 120.0 suspend

13116.0 20848.0 184.0 104.0 the
13347.0 20848.0 296.0 104.0 uiles
13687.0 20848.0 220.0 104.0 and
13968.0 20875.0 252.0 96.0 piss
14268.0 20852.0 188.0 100.0 the
14500.0 20855.0 392.0 100.0 senate
14940.0 20852.0 196.0 104.0 bill
15247.0 20859.0 536.0 116.0 granting
15847.0 20884.0 68.0 76.0 u

13116.0 20968.0 472.0 108.0 pension
13644.0 20972.0 124.0 100.0 of
13808.0 20968.0 364.0 112.0 b'J.OOO
14212.0 20991.0 156.0 92.0 ay
14396.0 20991.0 172.0 76.0 eai
14632.0 20975.0 112.0 92.0 to
14820.0 20968.0 324.0 124.0 Mary
15247.0 20955.0 112.0 116.0 S.
15476.0 20972.0 384.0 116.0 Logan
15880.0 21044.0 28.0 44.0 ,

13116.0 21084.0 408.0 104.0 widow
13804.0 21092.0 112.0 92.0 ot
14208.0 21084.0 184.0 100.0 the
14676.0 21096.0 224.0 88.0 late
15176.0 21084.0 308.0 104.0 John
15763.0 21092.0 104.0 100.0 A

13128.0 21199.0 376.0 120.0 Login
13520.0 21271.0 24.0 36.0 ,
13828.0 21208.0 224.0 96.0 and
14296.0 21199.0 596.0 104.0 addressed
15180.0 21204.0 184.0 100.0 the
15564.0 21199.0 352.0 104.0 house-

13120.0 21315.0 112.0 104.0 in
13364.0 21315.0 464.0 124.0 support
13992.0 21315.0 124.0 96.0 of
14280.0 21315.0 264.0 100.0 Mis.
14755.0 21315.0 488.0 120.0 Ligan's
15428.0 21319.0 480.0 120.0 pension

13120.0 21431.0 228.0 100.0 bill.
13488.0 21431.0 172.0 100.0 lie
13704.0 21427.0 220.0 104.0 hid
13988.0 21427.0 348.0 104.0 called
14396.0 21431.0 240.0 100.0 that
14680.0 21427.0 192.0 108.0 bill
14924.0 21456.0 184.0 112.0 up.
15168.0 21435.0 136.0 100.0 ho
15408.0 21435.0 240.0 100.0 said
15664.0 21507.0 24.0 48.0 ,
15792.0 21439.0 112.0 100.0 In

13112.0 21547.0 608.0 104.0 obedience
13764.0 21551.0 116.0 100.0 to
13928.0 21547.0 188.0 100.0 the
14160.0 21547.0 704.0 124.0 piomptlngs
14907.0 21551.0 108.0 100.0 ol
15080.0 21551.0 172.0 100.0 his
15295.0 21576.0 256.0 76.0 own
15608.0 21555.0 308.0 100.0 heart

13116.0 21664.0 228.0 104.0 and
13452.0 21667.0 188.0 96.0 the
13723.0 21664.0 888.0 120.0 overwhelming
14712.0 21664.0 620.0 108.0 sentiment
15435.0 21671.0 124.0 92.0 of
15728.0 21671.0 188.0 100.0 the

13116.0 21787.0 504.0 112.0 country.
13748.0 21780.0 368.0 100.0 There
14160.0 21803.0 296.0 80.0 wnro
14508.0 21780.0 652.0 124.0 precedents
15212.0 21787.0 176.0 96.0 tor
15432.0 21784.0 176.0 104.0 his
15676.0 21784.0 228.0 108.0 bill.

13120.0 21900.0 456.0 104.0 Similar
13624.0 21900.0 540.0 120.0 pensions
14212.0 21896.0 208.0 100.0 had
14536.0 21904.0 276.0 96.0 been
14928.0 21900.0 472.0 112.0 gianted
15516.0 21904.0 112.0 96.0 to
15728.0 21904.0 184.0 100.0 the

13124.0 22016.0 460.0 100.0 widows
13628.0 22016.0 120.0 96.0 ot
13816.0 22011.0 516.0 104.0 Admiral
14448.0 22011.0 536.0 120.0 Farragut
15088.0 22016.0 224.0 100.0 and
15380.0 22016.0 544.0 104.0 Generals

13116.0 22131.0 492.0 100.0 Thomas
13752.0 22127.0 220.0 104.0 and
14096.0 22127.0 568.0 104.0 Hancock.
14860.0 22131.0 476.0 104.0 General
15492.0 22131.0 380.0 108.0 Lo/an
15892.0 22211.0 24.0 40.0 ,

13128.0 22247.0 320.0 100.0 when
13564.0 22243.0 136.0 100.0 ho
13804.0 22239.0 256.0 108.0 died
14072.0 22315.0 24.0 32.0 ,
14251.0 22247.0 252.0 100.0 died
14608.0 22243.0 232.0 104.0 ileh
14992.0 22243.0 112.0 108.0 In
15256.0 22272.0 308.0 88.0 overv
15596.0 22251.0 328.0 124.0 thing

13120.0 22363.0 396.0 120.0 except
13680.0 22367.0 548.0 120.0 propeity.
14436.0 22359.0 352.0 104.0 When
14964.0 22363.0 140.0 104.0 ho
15268.0 22367.0 216.0 100.0 lett
15647.0 22367.0 268.0 104.0 Mis.

13128.0 22476.0 380.0 116.0 Logan
13680.0 22503.0 64.0 72.0 a
13904.0 22479.0 400.0 100.0 widow
14472.0 22479.0 136.0 100.0 ho
14779.0 22479.0 204.0 104.0 left
15155.0 22479.0 196.0 104.0 her
15416.0 22508.0 280.0 100.0 poor
15804.0 22483.0 112.0 104.0 In

13124.0 22615.0 488.0 84.0 nomine
13687.0 22615.0 260.0 76.0 save
14027.0 22600.0 556.0 116.0 property.
14719.0 22592.0 568.0 124.0 To-night
15384.0 22623.0 540.0 88.0 congress

13124.0 22739.0 232.0 68.0 was
13456.0 22708.0 676.0 104.0 confronted
14244.0 22708.0 272.0 104.0 with
14608.0 22712.0 188.0 96.0 the
14892.0 22712.0 408.0 124.0 simple
15344.0 22716.0 524.0 120.0 question
15884.0 22787.0 24.0 48.0 ,

13136.0 22823.0 340.0 104.0 "Will
13516.0 22827.0 228.0 100.0 this
13824.0 22823.0 328.0 104.0 noble
14203.0 22851.0 432.0 76.0 woman
14652.0 22895.0 24.0 40.0 ,
14731.0 22823.0 224.0 104.0 this
15064.0 22827.0 408.0 100.0 widow
15516.0 22832.0 124.0 96.0 of
15736.0 22832.0 188.0 100.0 the

13124.0 22939.0 500.0 128.0 republic
13628.0 23015.0 24.0 40.0 ,
13708.0 22939.0 204.0 104.0 left
13956.0 22947.0 112.0 96.0 to
14120.0 22964.0 128.0 76.0 us
14296.0 22939.0 464.0 104.0 beciuso
14803.0 22947.0 112.0 92.0 ot
14979.0 22939.0 196.0 108.0 the
15220.0 22943.0 524.0 104.0 devotion
15799.0 22956.0 120.0 92.0 ot-

13124.0 23071.0 196.0 88.0 her
13368.0 23059.0 512.0 100.0 husband
13968.0 23059.0 116.0 100.0 to
14168.0 23055.0 192.0 100.0 the
14460.0 23059.0 476.0 100.0 countiv
14943.0 23131.0 28.0 48.0 ,
15092.0 23059.0 132.0 100.0 bo
15268.0 23059.0 412.0 104.0 denied
15732.0 23063.0 192.0 100.0 the

13124.0 23171.0 696.0 108.0 recognition
13875.0 23171.0 632.0 104.0 demanded
14548.0 23175.0 120.0 100.0 bv
14716.0 23179.0 188.0 96.0 tne
15000.0 23175.0 568.0 104.0 volunteei
15676.0 23204.0 252.0 80.0 sur-

13128.0 23320.0 44.0 76.0 v
13207.0 23295.0 288.0 100.0 Ivois
13540.0 23291.0 124.0 96.0 nf
13708.0 23288.0 188.0 104.0 the
13940.0 23288.0 352.0 104.0 union
14308.0 23291.0 52.0 100.0 ?
14367.0 23288.0 64.0 48.0 "
14567.0 23288.0 172.0 104.0 He
14788.0 23291.0 432.0 104.0 trusted
15276.0 23299.0 228.0 96.0 not.

13240.0 23408.0 204.0 104.0 Mr.
13559.0 23408.0 480.0 100.0 Cannon
14136.0 23408.0 124.0 100.0 of
14364.0 23400.0 448.0 108.0 Illinois
14895.0 23408.0 500.0 104.0 believed
15488.0 23412.0 244.0 100.0 that
15844.0 23408.0 84.0 104.0 It

13128.0 23528.0 364.0 96.0 would
13576.0 23524.0 244.0 100.0 boa
13904.0 23524.0 284.0 116.0 good
14239.0 23519.0 360.0 124.0 policy
14652.0 23532.0 116.0 96.0 to
14832.0 23524.0 256.0 112.0 give
15136.0 23524.0 188.0 100.0 the
15372.0 23528.0 400.0 100.0 widow
15808.0 23532.0 120.0 96.0 of

13128.0 23635.0 476.0 104.0 General
13660.0 23635.0 384.0 116.0 Logan
14087.0 23667.0 68.0 72.0 a
14203.0 23639.0 348.0 104.0 S2CO'J
14496.0 23648.0 20.0 56.0 '
14596.0 23644.0 516.0 116.0 pension.
15256.0 23639.0 168.0 100.0 HP
15471.0 23639.0 192.0 104.0 did
15724.0 23648.0 204.0 96.0 not

13124.0 23768.0 252.0 116.0 stop
13420.0 23763.0 116.0 92.0 to
13584.0 23755.0 444.0 120.0 Inquire
14075.0 23755.0 508.0 100.0 whether
14620.0 23755.0 208.0 100.0 she
14876.0 23779.0 228.0 80.0 was
15148.0 23779.0 140.0 76.0 on
15364.0 23755.0 188.0 104.0 thu
15599.0 23783.0 332.0 92.0 veigc

13124.0 23883.0 112.0 88.0 ot
13468.0 23875.0 512.0 116.0 poverty.
14280.0 23867.0 176.0 104.0 lie
14716.0 23871.0 196.0 104.0 did
15200.0 23879.0 196.0 92.0 not
15623.0 23875.0 312.0 104.0 place

13128.0 23987.0 228.0 104.0 this
13600.0 24012.0 252.0 76.0 case
14087.0 24007.0 148.0 80.0 on
14516.0 23980.0 244.0 108.0 that
15004.0 23987.0 432.0 104.0 crnund
15456.0 24060.0 24.0 40.0 ,
15732.0 23991.0 196.0 100.0 hut

13128.0 24103.0 372.0 100.0 rather
13540.0 24123.0 144.0 76.0 on
13740.0 24103.0 188.0 100.0 the
13972.0 24127.0 36.0 76.0 i
14004.0 24127.0 36.0 76.0 :
14056.0 24100.0 356.0 100.0 round
14460.0 24103.0 124.0 96.0 of
14628.0 24127.0 64.0 72.0 a
14743.0 24100.0 404.0 104.0 tribute
15192.0 24127.0 148.0 80.0 on
15392.0 24103.0 188.0 100.0 the
15683.0 24115.0 248.0 112.0 part

13128.0 24224.0 120.0 96.0 of
13296.0 24243.0 64.0 72.0 a
13404.0 24220.0 484.0 116.0 grateful
13944.0 24227.0 468.0 100.0 country
14464.0 24227.0 116.0 88.0 to
14628.0 24220.0 188.0 100.0 the
14852.0 24243.0 80.0 76.0 w
14967.0 24220.0 292.0 104.0 hlow
15304.0 24220.0 128.0 100.0 of
15512.0 24243.0 68.0 76.0 a
15668.0 24243.0 260.0 80.0 man

13136.0 24336.0 252.0 100.0 who
13432.0 24336.0 388.0 100.0 served
13875.0 24331.0 88.0 104.0 It
14012.0 24331.0 244.0 104.0 well
14272.0 24403.0 24.0 40.0 ,
14348.0 24331.0 224.0 104.0 and
14664.0 24359.0 124.0 72.0 as
14876.0 24355.0 140.0 84.0 an
15136.0 24336.0 572.0 100.0 Incentive
15816.0 24344.0 116.0 96.0 to

13128.0 24451.0 320.0 104.0 those
13499.0 24447.0 248.0 100.0 who
13796.0 24471.0 288.0 76.0 were
14128.0 24451.0 112.0 96.0 to
14292.0 24447.0 384.0 104.0 follow
14728.0 24447.0 116.0 104.0 In
14904.0 24447.0 172.0 108.0 his
15128.0 24451.0 584.0 104.0 footsteps.

13252.0 24563.0 204.0 104.0 Mi.
13520.0 24563.0 476.0 104.0 llandall
14036.0 24567.0 120.0 96.0 of
14208.0 24563.0 856.0 120.0 Pennsylvania
15148.0 24567.0 244.0 104.0 said
15483.0 24571.0 136.0 96.0 ho
15708.0 24567.0 224.0 100.0 had

13136.0 24675.0 328.0 108.0 voted
13511.0 24683.0 116.0 96.0 to
13672.0 24683.0 256.0 112.0 give
13972.0 24683.0 184.0 100.0 tne
14203.0 24679.0 464.0 104.0 widows
14712.0 24683.0 120.0 96.0 of
14868.0 24683.0 544.0 104.0 Generals
15440.0 24679.0 496.0 104.0 Thomas

13136.0 24811.0 228.0 88.0 and
13460.0 24795.0 544.0 104.0 Hancock
14092.0 24799.0 348.0 112.0 52,000
14484.0 24828.0 64.0 72.0 a
14596.0 24824.0 300.0 88.0 year.
15020.0 24795.0 316.0 124.0 They
15384.0 24799.0 220.0 104.0 had
15659.0 24799.0 232.0 100.0 bcei

13136.0 24916.0 704.0 120.0 exceptional
13896.0 24935.0 304.0 84.0 cases
14212.0 24988.0 24.0 48.0 ,
14288.0 24916.0 224.0 100.0 and
14564.0 24912.0 140.0 104.0 he
14752.0 24939.0 168.0 80.0 We.
15032.0 24931.0 340.0 104.0 ready
15435.0 24916.0 268.0 104.0 hero
15787.0 24923.0 116.0 92.0 to-

13140.0 25032.0 332.0 120.0 night
13511.0 25036.0 116.0 96.0 to
13672.0 25028.0 328.0 104.0 make
14044.0 25051.0 144.0 84.0 an
14244.0 25032.0 712.0 124.0 exceptional
15000.0 25055.0 252.0 76.0 cose
15295.0 25055.0 148.0 76.0 on
15560.0 25028.0 380.0 108.0 behalf

13136.0 25147.0 120.0 100.0 of
13308.0 25147.0 184.0 104.0 the
13608.0 25143.0 400.0 104.0 widow
14108.0 25143.0 124.0 100.0 of
14332.0 25147.0 304.0 104.0 John
14748.0 25147.0 148.0 104.0 A.
15016.0 25147.0 436.0 108.0 Logan.
15664.0 25156.0 20.0 108.0 I
15712.0 25156.0 184.0 104.0 Ap

13136.0 25263.0 420.0 136.0 plause.
13576.0 25259.0 32.0 124.0 ]
13756.0 25263.0 168.0 100.0 Ho
13968.0 25259.0 324.0 104.0 could
14328.0 25263.0 368.0 104.0 detect
14736.0 25287.0 152.0 80.0 no
14924.0 25259.0 380.0 108.0 llnuof
15336.0 25251.0 608.0 116.0 difference

13140.0 25367.0 116.0 116.0 In
13316.0 25379.0 188.0 100.0 thu
13547.0 25379.0 316.0 104.0 heart
13908.0 25379.0 312.0 100.0 beats
14263.0 25404.0 124.0 76.0 or
14432.0 25379.0 188.0 104.0 the
14668.0 25404.0 340.0 80.0 nerve
15083.0 25383.0 376.0 112.0 pulses
15548.0 25383.0 124.0 96.0 of
15756.0 25383.0 188.0 100.0 thu

13144.0 25495.0 308.0 104.0 three
13499.0 25520.0 252.0 80.0 men
13804.0 25520.0 128.0 76.0 as
13976.0 25495.0 264.0 124.0 they
14288.0 25495.0 312.0 100.0 stood
14660.0 25495.0 112.0 100.0 In
14828.0 25495.0 188.0 108.0 the
15104.0 25499.0 408.0 100.0 armies
15587.0 25495.0 124.0 104.0 of
15756.0 25495.0 192.0 104.0 the

13147.0 25611.0 432.0 104.0 United
13628.0 25611.0 376.0 104.0 States
14051.0 25611.0 116.0 100.0 in
14224.0 25611.0 380.0 100.0 behalf
14644.0 25611.0 124.0 100.0 of
14852.0 25611.0 192.0 104.0 the
15131.0 25615.0 344.0 100.0 union
15552.0 25623.0 396.0 100.0 except

13144.0 25731.0 112.0 100.0 In
13344.0 25728.0 232.0 104.0 this
13704.0 25731.0 236.0 96.0 that
14024.0 25731.0 220.0 96.0 two
14328.0 25731.0 120.0 96.0 ot
14536.0 25728.0 304.0 100.0 them
14912.0 25728.0 216.0 104.0 had
15192.0 25728.0 276.0 104.0 been
15564.0 25751.0 120.0 80.0 in
15760.0 25731.0 188.0 100.0 tbo

13147.0 25844.0 444.0 108.0 regular
13632.0 25871.0 292.0 92.0 army
13992.0 25844.0 224.0 104.0 and
14276.0 25844.0 244.0 104.0 that
14560.0 25844.0 316.0 104.0 there
14943.0 25867.0 288.0 76.0 wcie
15283.0 25848.0 664.0 112.0 precedents

13147.0 25968.0 176.0 92.0 for
13368.0 25959.0 536.0 120.0 granting
13952.0 25959.0 540.0 120.0 iulons
14572.0 25968.0 112.0 92.0 to
14767.0 25964.0 292.0 96.0 their
15148.0 25959.0 492.0 104.0 widows.
15775.0 25959.0 176.0 104.0 He

13147.0 26075.0 548.0 128.0 proposed
13748.0 26079.0 112.0 100.0 to
13908.0 26075.0 328.0 104.0 make
14316.0 26103.0 68.0 72.0 a
14444.0 26075.0 608.0 124.0 precedent
15143.0 26075.0 112.0 104.0 In
15352.0 26075.0 396.0 104.0 behalf
15828.0 26079.0 124.0 100.0 of

13147.0 26191.0 188.0 104.0 the
13424.0 26191.0 588.0 104.0 volunteer
14096.0 26216.0 316.0 88.0 army
14488.0 26199.0 120.0 92.0 nt
14700.0 26191.0 188.0 100.0 the
14992.0 26183.0 440.0 112.0 United
15536.0 26191.0 408.0 104.0 Slates.

13164.0 26311.0 32.0 116.0 [
13212.0 26307.0 576.0 128.0 Applause
13808.0 26307.0 24.0 120.0 ]
13856.0 26379.0 24.0 32.0 ,
14015.0 26303.0 180.0 104.0 Ho
14236.0 26307.0 356.0 120.0 spoke
14640.0 26307.0 188.0 104.0 the
14868.0 26311.0 684.0 100.0 sentiments
15599.0 26311.0 120.0 96.0 of
15768.0 26311.0 188.0 100.0 the

13156.0 26423.0 392.0 136.0 IR'opIe
13596.0 26423.0 140.0 104.0 he
13784.0 26423.0 712.0 112.0 leprcsonted
14504.0 26496.0 28.0 36.0 ,

13268.0 26527.0 244.0 116.0 Tlm
13559.0 26540.0 424.0 104.0 motion
14036.0 26543.0 116.0 100.0 to
14236.0 26540.0 504.0 124.0 suspend
14788.0 26536.0 192.0 104.0 the
15028.0 26536.0 296.0 108.0 rules
15411.0 26536.0 228.0 108.0 and
15692.0 26563.0 260.0 104.0 piss

13152.0 26656.0 192.0 104.0 the
13412.0 26656.0 192.0 104.0 bill
13675.0 26683.0 232.0 72.0 was
13992.0 26656.0 216.0 104.0 lost
14332.0 26679.0 264.0 112.0 yeas
14603.0 26731.0 24.0 40.0 ,
14724.0 26660.0 176.0 96.0 145
14919.0 26679.0 32.0 76.0 :
15047.0 26679.0 280.0 80.0 nave
15336.0 26731.0 28.0 40.0 ,
15464.0 26663.0 492.0 96.0 ll.i-uot

13152.0 26775.0 192.0 108.0 the
13392.0 26795.0 588.0 92.0 ncu'ssary
14024.0 26771.0 632.0 104.0 two-thirds
14707.0 26771.0 116.0 104.0 In
14876.0 26759.0 192.0 120.0 the
15112.0 26771.0 712.0 104.0 allirmatlvo.

13276.0 26887.0 212.0 104.0 Mr.
13540.0 26887.0 420.0 104.0 Hlount
14004.0 26887.0 124.0 100.0 of
14184.0 26887.0 476.0 112.0 Georgia
14707.0 26887.0 512.0 124.0 leported
15271.0 26887.0 432.0 100.0 further
15748.0 26887.0 176.0 104.0 dis-

13152.0 27015.0 652.0 104.0 agreement
13848.0 27007.0 124.0 100.0 of
14060.0 27011.0 188.0 96.0 the
14348.0 27007.0 672.0 108.0 conference
15119.0 27007.0 644.0 104.0 committee
15811.0 27028.0 144.0 84.0 on

13159.0 27131.0 192.0 96.0 thu
13404.0 27123.0 564.0 124.0 postotllco
14015.0 27119.0 1176.0 136.0 appropi.atlonsblll.

13272.0 27235.0 212.0 108.0 Mr.
13547.0 27235.0 552.0 124.0 Hingha'n
14164.0 27239.0 120.0 100.0 of
14376.0 27239.0 856.0 120.0 Pennsylvania
15280.0 27232.0 392.0 116.0 moved
15724.0 27239.0 244.0 100.0 that

13159.0 27359.0 192.0 96.0 the
13464.0 27355.0 352.0 104.0 house
13924.0 27352.0 384.0 108.0 recede
14456.0 27355.0 288.0 100.0 from
14895.0 27355.0 140.0 104.0 Its
15140.0 27355.0 828.0 116.0 disagreement

13159.0 27476.0 116.0 100.0 to
13440.0 27472.0 196.0 104.0 the
13792.0 27476.0 384.0 100.0 senate
14340.0 27472.0 732.0 108.0 amendment
15235.0 27472.0 464.0 104.0 relative
15859.0 27479.0 112.0 96.0 to

13159.0 27592.0 848.0 112.0 compensation
14100.0 27587.0 180.0 104.0 for
14379.0 27587.0 188.0 104.0 the
14672.0 27592.0 528.0 120.0 carrying
15304.0 27592.0 124.0 100.0 of
15524.0 27583.0 440.0 112.0 foreign

13164.0 27707.0 332.0 100.0 malls
13544.0 27711.0 116.0 100.0 to
13708.0 27703.0 356.0 108.0 South
14112.0 27703.0 228.0 108.0 and
14388.0 27703.0 460.0 104.0 Central
14924.0 27703.0 528.0 108.0 America
15544.0 27720.0 420.0 88.0 Known

13164.0 27847.0 124.0 76.0 as
13335.0 27819.0 188.0 104.0 the
13568.0 27819.0 468.0 116.0 subsidy
14100.0 27819.0 768.0 108.0 amendment.
15008.0 27819.0 264.0 104.0 Lost
15283.0 27891.0 28.0 48.0 ,
15408.0 27843.0 260.0 100.0 yeas
15680.0 27891.0 28.0 48.0 ,
15796.0 27823.0 124.0 92.0 1ft
15944.0 27843.0 32.0 104.0 ;

13168.0 27960.0 280.0 112.0 nays
13456.0 28011.0 28.0 48.0 ,
13540.0 27939.0 200.0 104.0 137.
13872.0 27939.0 108.0 100.0 A
14032.0 27935.0 436.0 108.0 further
14496.0 27951.0 680.0 92.0 conterenro
15212.0 27960.0 232.0 80.0 was
15471.0 27935.0 456.0 104.0 ordered
15944.0 28004.0 24.0 40.0 ,

13284.0 28040.0 180.0 120.0 On
13516.0 28051.0 428.0 120.0 motion
13988.0 28055.0 120.0 104.0 of
14164.0 28051.0 212.0 116.0 Mr.
14456.0 28051.0 840.0 148.0 Hreckeundge
15340.0 28055.0 120.0 108.0 of
15504.0 28059.0 468.0 104.0 ArUan-

16060.0 2788.0 180.0 80.0 sis
16288.0 2764.0 188.0 104.0 the
16560.0 2780.0 388.0 92.0 senate
17036.0 2768.0 192.0 108.0 bill
17328.0 2800.0 224.0 76.0 was
17640.0 2776.0 400.0 124.0 passed
18132.0 2772.0 720.0 120.0 atithorl/lng

16060.0 2880.0 188.0 100.0 tlm
16291.0 2892.0 764.0 96.0 construction
17108.0 2900.0 112.0 88.0 ol
17276.0 2916.0 64.0 76.0 a
17388.0 2888.0 388.0 120.0 bildgu
17860.0 2916.0 372.0 80.0 across
18320.0 2892.0 188.0 100.0 the
18600.0 2892.0 212.0 108.0 Mis-

16056.0 2996.0 456.0 124.0 sissippi
16568.0 3004.0 288.0 100.0 river
16896.0 3012.0 116.0 100.0 at
17060.0 3008.0 380.0 100.0 Grand
17487.0 3008.0 372.0 104.0 Towei
17887.0 3076.0 28.0 52.0 ,
17980.0 3008.0 160.0 104.0 111.

16172.0 3116.0 156.0 100.0 At
16387.0 3124.0 36.0 88.0 1
16476.0 3144.0 92.0 72.0 a.
16616.0 3140.0 140.0 80.0 m.
16812.0 3116.0 184.0 104.0 the
17043.0 3120.0 220.0 104.0 hmt
17276.0 3152.0 28.0 40.0 *
17304.0 3156.0 20.0 48.0 >
17332.0 3148.0 60.0 76.0 o
17443.0 3124.0 92.0 100.0 Is
17583.0 3120.0 348.0 120.0 doing
17983.0 3124.0 288.0 104.0 little.
18323.0 3120.0 400.0 108.0 buslne
18796.0 3152.0 52.0 72.0 s

16056.0 3224.0 440.0 108.0 bcvoud
16624.0 3236.0 188.0 100.0 thu
16940.0 3260.0 464.0 100.0 pissiiro
17523.0 3244.0 120.0 92.0 of
17771.0 3240.0 448.0 104.0 various
18412.0 3224.0 436.0 152.0 pilvato

16056.0 3344.0 256.0 100.0 bills
16436.0 3348.0 224.0 100.0 and
16828.0 3352.0 184.0 104.0 the
17183.0 3352.0 560.0 128.0 iteeptlon
17935.0 3360.0 124.0 96.0 of
18179.0 3336.0 676.0 124.0 conierenco

16056.0 3464.0 428.0 112.0 reports
16592.0 3488.0 144.0 76.0 on
16848.0 3488.0 568.0 84.0 niMsines
17523.0 3472.0 124.0 100.0 of
17756.0 3468.0 276.0 104.0 local
18147.0 3468.0 704.0 128.0 Impoitanco

16052.0 3576.0 336.0 108.0 ought
16408.0 3648.0 20.0 40.0 ,
16572.0 3576.0 96.0 104.0 It
16712.0 3580.0 88.0 104.0 Is
16848.0 3584.0 372.0 104.0 lather
17267.0 3584.0 416.0 104.0 nolsllv
17771.0 3584.0 544.0 116.0 awaiting
18424.0 3588.0 188.0 104.0 the
18687.0 3616.0 124.0 76.0 ac-

16056.0 3692.0 232.0 100.0 tion
16344.0 3696.0 120.0 96.0 of
16515.0 3696.0 184.0 100.0 the
16744.0 3704.0 672.0 104.0 conference
17460.0 3704.0 916.0 104.0 commissioners
18424.0 3728.0 148.0 80.0 on
18668.0 3708.0 188.0 100.0 the

16056.0 3812.0 840.0 120.0 appropilatton
16964.0 3816.0 280.0 104.0 hills.

16172.0 3932.0 172.0 92.0 On
16400.0 3928.0 428.0 104.0 motion
16876.0 3932.0 124.0 104.0 of
17048.0 3932.0 216.0 104.0 .Mr.
17352.0 3932.0 568.0 108.0 Andrews
18027.0 3936.0 124.0 104.0 of
18256.0 3936.0 296.0 104.0 Ohio
18663.0 3940.0 192.0 100.0 the

16052.0 4036.0 348.0 104.0 house
16491.0 4044.0 388.0 144.0 pissed
16896.0 4120.0 24.0 44.0 ,
17007.0 4072.0 264.0 80.0 over
17380.0 4056.0 188.0 100.0 the
17672.0 4048.0 676.0 128.0 piojidcut's
18463.0 4056.0 388.0 104.0 \ulo-

16048.0 4180.0 296.0 96.0 yeas
16408.0 4160.0 168.0 96.0 lU
16460.0 4164.0 20.0 88.0 !
16600.0 4180.0 24.0 88.0 :
16684.0 4184.0 280.0 100.0 nays
16976.0 4236.0 24.0 52.0 ,
17043.0 4168.0 120.0 88.0 0.1
17288.0 4164.0 188.0 104.0 the
17583.0 4176.0 388.0 96.0 senate
18080.0 4172.0 192.0 100.0 bill
18384.0 4172.0 176.0 100.0 for
18668.0 4168.0 188.0 108.0 the

16048.0 4272.0 488.0 108.0 erection
16588.0 4284.0 120.0 92.0 of
16756.0 4308.0 60.0 76.0 a
16864.0 4280.0 372.0 120.0 public
17284.0 4284.0 508.0 108.0 building
17848.0 4296.0 108.0 92.0 at
18015.0 4284.0 212.0 128.0 Day
18268.0 4300.0 180.0 88.0 tun
18468.0 4356.0 24.0 48.0 ,
18543.0 4284.0 140.0 104.0 U.

16879.0 4548.0 324.0 100.0 IllllH
17279.0 4552.0 740.0 120.0 Appiovod.

16175.0 4688.0 612.0 112.0 WASIU.NO
16828.0 4716.0 224.0 88.0 ros
17060.0 4772.0 24.0 48.0 ,
17192.0 4696.0 384.0 108.0 March
17684.0 4708.0 24.0 88.0 !
17711.0 4704.0 28.0 92.0 !
17747.0 4776.0 24.0 32.0 .
17904.0 4700.0 240.0 104.0 The
18260.0 4696.0 592.0 132.0 president

16048.0 4828.0 204.0 108.0 has
16296.0 4836.0 556.0 124.0 approved
16903.0 4840.0 184.0 104.0 the
17135.0 4856.0 172.0 92.0 act
17359.0 4852.0 112.0 92.0 to
17516.0 4844.0 576.0 104.0 unthoii/n
18203.0 4848.0 188.0 100.0 thn
18507.0 4844.0 296.0 124.0 presi-

16048.0 4972.0 276.0 104.0 dent
16368.0 4984.0 120.0 96.0 of
16536.0 4976.0 184.0 104.0 the
16772.0 4976.0 424.0 108.0 United
17248.0 4984.0 368.0 104.0 Stales
17663.0 4996.0 112.0 92.0 to
17824.0 4992.0 424.0 116.0 protect
18352.0 4992.0 224.0 100.0 and
18675.0 4988.0 140.0 100.0 de-

16052.0 5116.0 272.0 104.0 fend
16375.0 5116.0 184.0 104.0 the
16607.0 5120.0 356.0 124.0 rights
17004.0 5124.0 120.0 100.0 of
17183.0 5128.0 604.0 104.0 Americvn
17892.0 5124.0 368.0 108.0 llshlm
18260.0 5156.0 44.0 88.0 ;
18415.0 5128.0 428.0 104.0 vessels

16048.0 5256.0 456.0 120.0 trading
16572.0 5260.0 116.0 104.0 In
16744.0 5264.0 184.0 104.0 the
16983.0 5260.0 416.0 112.0 Hrltlsh
17487.0 5268.0 652.0 108.0 dominions
18248.0 5272.0 124.0 100.0 of
18484.0 5268.0 364.0 108.0 North

16052.0 5404.0 516.0 104.0 America
16580.0 5476.0 24.0 48.0 ,
16660.0 5404.0 184.0 104.0 the
16903.0 5408.0 404.0 104.0 Indian
17404.0 5408.0 840.0 128.0 appropiiatlon
18299.0 5411.0 256.0 104.0 bills
18564.0 5488.0 24.0 48.0 ,
18651.0 5411.0 196.0 104.0 the

16048.0 5556.0 176.0 92.0 act
16392.0 5556.0 112.0 96.0 to
16667.0 5544.0 536.0 112.0 establish
17452.0 5548.0 720.0 116.0 agricultural
18420.0 5556.0 384.0 128.0 experi-

16052.0 5688.0 420.0 104.0 mental
16720.0 5692.0 480.0 104.0 stations
17383.0 5692.0 112.0 104.0 In
17687.0 5700.0 676.0 104.0 connection
18579.0 5695.0 272.0 104.0 with

16048.0 5832.0 476.0 124.0 colleges
16667.0 5836.0 680.0 108.0 established
17540.0 5836.0 360.0 108.0 under
18051.0 5840.0 184.0 104.0 the
18424.0 5844.0 176.0 100.0 act
18731.0 5844.0 124.0 100.0 of

16080.0 5992.0 24.0 80.0 I
16136.0 5976.0 184.0 120.0 illy
16327.0 6048.0 24.0 44.0 ,
16452.0 5979.0 164.0 96.0 IV
16604.0 6024.0 16.0 44.0 ,
16804.0 5979.0 188.0 100.0 the
17076.0 5988.0 176.0 96.0 act
17332.0 5979.0 600.0 124.0 providing
18024.0 5992.0 176.0 92.0 tor
18280.0 6016.0 64.0 72.0 n
18427.0 5988.0 412.0 104.0 branch

16052.0 6092.0 328.0 96.0 homo
16428.0 6096.0 176.0 96.0 for
16643.0 6084.0 504.0 116.0 disabled
17228.0 6100.0 588.0 100.0 volunteer
17860.0 6096.0 472.0 108.0 soldiers
18384.0 6108.0 276.0 96.0 west
18724.0 6103.0 124.0 100.0 of

16052.0 6208.0 188.0 96.0 tlio
16327.0 6204.0 380.0 124.0 Kocky
16800.0 6216.0 644.0 100.0 mountains
17452.0 6284.0 24.0 48.0 ,
17592.0 6216.0 188.0 100.0 the
17887.0 6223.0 168.0 96.0 aet
18156.0 6216.0 480.0 116.0 lelatlng
18728.0 6232.0 116.0 88.0 to

16056.0 6320.0 184.0 100.0 the
16288.0 6324.0 488.0 100.0 division
16828.0 6328.0 124.0 96.0 of
17028.0 6324.0 436.0 104.0 Illinois
17516.0 6328.0 240.0 100.0 Into
17827.0 6328.0 472.0 124.0 judicial
18348.0 6332.0 508.0 104.0 districts

16052.0 6432.0 224.0 104.0 and
16327.0 6444.0 112.0 92.0 to
16488.0 6436.0 460.0 120.0 provide
17000.0 6448.0 172.0 92.0 for
17255.0 6440.0 464.0 112.0 holding
17771.0 6452.0 340.0 96.0 terms
18159.0 6456.0 112.0 92.0 ot
18343.0 6456.0 316.0 96.0 court
18731.0 6460.0 108.0 88.0 ot

16056.0 6552.0 184.0 100.0 the
16332.0 6552.0 536.0 104.0 noitliein
16959.0 6552.0 496.0 108.0 dlstilcts
17532.0 6568.0 116.0 92.0 at
17728.0 6556.0 384.0 104.0 Peorla
18128.0 6636.0 24.0 40.0 ,
18208.0 6568.0 188.0 96.0 the
18448.0 6572.0 176.0 92.0 act
18675.0 6588.0 116.0 76.0 re-

16056.0 6664.0 360.0 112.0 lating
16491.0 6676.0 112.0 96.0 to
16684.0 6671.0 596.0 104.0 coulosled
17388.0 6668.0 540.0 108.0 elections
17935.0 6748.0 28.0 40.0 ,
18044.0 6688.0 224.0 88.0 ami
18379.0 6680.0 192.0 100.0 the
18675.0 6684.0 180.0 96.0 act

16052.0 6784.0 540.0 116.0 granting
16679.0 6788.0 296.0 100.0 ruht
17024.0 6792.0 124.0 96.0 of
17212.0 6812.0 244.0 84.0 way
17504.0 6788.0 476.0 108.0 through
18068.0 6788.0 416.0 104.0 Indian
18540.0 6795.0 312.0 96.0 terri-

16056.0 6908.0 244.0 96.0 toiv
16348.0 6908.0 116.0 92.0 to
16512.0 6900.0 184.0 104.0 the
16732.0 6904.0 488.0 112.0 Chicago
17228.0 6976.0 24.0 48.0 ,
17316.0 6900.0 436.0 108.0 Kansas
17788.0 6908.0 100.0 96.0 it
17935.0 6904.0 584.0 104.0 Nebraska
18567.0 6888.0 284.0 124.0 Kail-

16060.0 7012.0 256.0 104.0 road
16387.0 7044.0 556.0 96.0 company
16948.0 7092.0 24.0 40.0 ,
17028.0 7024.0 188.0 96.0 tlio
17279.0 7020.0 656.0 124.0 diplomatic
18020.0 7028.0 224.0 96.0 and
18328.0 7024.0 396.0 100.0 consul
18760.0 7052.0 100.0 76.0 ir

16052.0 7140.0 832.0 136.0 appropiiatlon
16944.0 7136.0 184.0 104.0 bill
17144.0 7208.0 24.0 40.0 ,
17243.0 7140.0 188.0 100.0 the
17480.0 7140.0 720.0 100.0 agricultural
18275.0 7144.0 520.0 120.0 appropri-

16052.0 7248.0 312.0 100.0 ation
16416.0 7236.0 192.0 116.0 bill
16624.0 7323.0 24.0 40.0 ,
16700.0 7252.0 188.0 100.0 the
16936.0 7260.0 168.0 92.0 act
17164.0 7260.0 112.0 92.0 to
17323.0 7260.0 208.0 96.0 lot
17559.0 7256.0 200.0 100.0 riot
17804.0 7256.0 192.0 100.0 tlio
18039.0 7256.0 644.0 124.0 ownership
18736.0 7260.0 120.0 96.0 of

16052.0 7368.0 628.0 100.0 icalestito
16768.0 7368.0 112.0 100.0 In
16956.0 7372.0 188.0 96.0 the
17188.0 7372.0 612.0 100.0 teultoiles
17848.0 7376.0 116.0 96.0 to
18012.0 7372.0 600.0 100.0 Anieilcan
18663.0 7372.0 192.0 104.0 cit-

16048.0 7480.0 312.0 100.0 1/ens
16368.0 7556.0 24.0 40.0 ,
16448.0 7483.0 188.0 104.0 the
16679.0 7492.0 168.0 96.0 act
16900.0 7483.0 712.0 112.0 authort/lng
17660.0 7488.0 188.0 100.0 the
17892.0 7488.0 768.0 104.0 construction
18731.0 7500.0 112.0 92.0 ot

16052.0 7596.0 512.0 116.0 abridge
16652.0 7624.0 368.0 80.0 across
17112.0 7600.0 756.0 104.0 thoMlssouil
17964.0 7604.0 296.0 104.0 river
18343.0 7604.0 500.0 104.0 between

16056.0 7708.0 444.0 108.0 Kansas
16548.0 7716.0 256.0 120.0 City
16848.0 7716.0 220.0 104.0 and
17120.0 7720.0 376.0 120.0 Sibley
17504.0 7788.0 24.0 52.0 ,
17583.0 7720.0 216.0 104.0 Mo.
17815.0 7792.0 24.0 44.0 ,
17896.0 7720.0 224.0 104.0 and
18208.0 7720.0 188.0 104.0 the
18460.0 7720.0 396.0 108.0 Paclhc

16052.0 7828.0 476.0 104.0 railroad
16616.0 7832.0 428.0 120.0 Inqulrv
17116.0 7832.0 188.0 104.0 bill
17316.0 7908.0 28.0 48.0 ,
17395.0 7844.0 112.0 92.0 to
17583.0 7840.0 568.0 100.0 authoiizu
18227.0 7840.0 188.0 100.0 the
18507.0 7840.0 304.0 108.0 mint

16052.0 7944.0 196.0 116.0 ing
16351.0 7956.0 108.0 92.0 ot
16580.0 7952.0 188.0 96.0 the
16872.0 7952.0 496.0 112.0 eulogies
17455.0 7952.0 564.0 104.0 delivered
18111.0 7956.0 112.0 100.0 in
18320.0 7980.0 532.0 92.0 congiess

16056.0 8080.0 296.0 88.0 upon
16464.0 8060.0 188.0 104.0 the
16756.0 8064.0 220.0 104.0 Iito
17055.0 8068.0 308.0 100.0 John
17460.0 8072.0 136.0 100.0 A.
17660.0 8076.0 376.0 116.0 Logan
18051.0 8144.0 24.0 40.0 ,
18132.0 8072.0 720.0 124.0 authorizing

16052.0 8175.0 188.0 100.0 the
16279.0 8180.0 760.0 104.0 construction
17096.0 8188.0 124.0 92.0 of
17304.0 8212.0 60.0 72.0 a
17452.0 8184.0 388.0 104.0 brldco
17884.0 8212.0 372.0 76.0 across
18320.0 8196.0 192.0 92.0 the
18591.0 8192.0 216.0 96.0 .Mis

16052.0 8292.0 296.0 100.0 souri
16460.0 8292.0 292.0 104.0 river
16876.0 8295.0 496.0 104.0 between
17484.0 8299.0 432.0 104.0 Ouialn
18039.0 8304.0 228.0 100.0 and
18379.0 8308.0 468.0 100.0 Council

16056.0 8404.0 392.0 112.0 Hluffs.
16512.0 8408.0 148.0 104.0 Ii.
16691.0 8436.0 28.0 92.0 ;
16831.0 8416.0 116.0 96.0 to
17016.0 8416.0 372.0 112.0 repeal
17452.0 8419.0 420.0 100.0 cerlaln
17923.0 8419.0 492.0 100.0 sections
18456.0 8424.0 124.0 96.0 of
18663.0 8424.0 188.0 100.0 the

16052.0 8524.0 432.0 104.0 revised
16536.0 8532.0 472.0 96.0 stitutcs
17052.0 8528.0 488.0 124.0 iplntlng
17604.0 8536.0 116.0 96.0 to
17792.0 8532.0 184.0 100.0 the
18063.0 8539.0 792.0 116.0 appointment

16048.0 8640.0 120.0 96.0 of
16211.0 8644.0 260.0 100.0 civil
16524.0 8644.0 424.0 100.0 olllceis
17004.0 8648.0 32.0 112.0 (
17052.0 8644.0 188.0 104.0 the
17288.0 8648.0 396.0 100.0 tenuio
17723.0 8648.0 128.0 96.0 of
17896.0 8648.0 308.0 100.0 oilicu
18248.0 8656.0 172.0 96.0 act
18436.0 8656.0 32.0 112.0 )
18507.0 8672.0 28.0 100.0 ;
18615.0 8676.0 204.0 96.0 pro-

16048.0 8756.0 400.0 120.0 viding
16491.0 8783.0 140.0 76.0 an
16684.0 8760.0 632.0 104.0 additional
17359.0 8760.0 396.0 104.0 circuit
17812.0 8764.0 348.0 120.0 judge
18208.0 8760.0 112.0 104.0 In
18376.0 8772.0 188.0 96.0 tne
18612.0 8792.0 176.0 76.0 second

16044.0 8872.0 224.0 100.0 end
16315.0 8872.0 464.0 124.0 judicial
16828.0 8876.0 392.0 104.0 circuit
17224.0 8951.0 28.0 40.0 ,
17311.0 8880.0 112.0 96.0 to
17468.0 8904.0 432.0 96.0 convey
17947.0 8884.0 112.0 96.0 to
18108.0 8880.0 224.0 100.0 and
18379.0 8904.0 204.0 76.0 con
18608.0 8884.0 236.0 100.0 linn

16052.0 8987.0 112.0 100.0 In
16240.0 8991.0 188.0 100.0 the
16512.0 8991.0 232.0 100.0 citv
16828.0 8996.0 124.0 96.0 of
17036.0 8996.0 436.0 100.0 Auroia
17484.0 9067.0 24.0 40.0 ,
17571.0 8991.0 316.0 104.0 Kane
17932.0 9000.0 420.0 116.0 county
18355.0 9067.0 28.0 44.0 ,
18444.0 8996.0 196.0 100.0 UN
18687.0 9067.0 24.0 44.0 ,
18788.0 9024.0 64.0 76.0 n

16048.0 9104.0 320.0 100.0 small
16424.0 9104.0 368.0 104.0 Island
16843.0 9108.0 112.0 100.0 In
17016.0 9111.0 188.0 100.0 thn
17255.0 9108.0 228.0 104.0 Pox
17576.0 9111.0 272.0 100.0 rivei
17959.0 9096.0 428.0 120.0 located
18439.0 9111.0 408.0 104.0 within

16048.0 9220.0 188.0 100.0 the
16279.0 9224.0 348.0 100.0 limits
16676.0 9228.0 124.0 96.0 of
16884.0 9228.0 244.0 100.0 said
17219.0 9228.0 224.0 108.0 citv
17455.0 9296.0 24.0 48.0 ,
17552.0 9228.0 228.0 104.0 and
17880.0 9231.0 964.0 120.0 twenty-pension

16048.0 9336.0 224.0 100.0 and
16380.0 9340.0 328.0 100.0 icllef
16807.0 9340.0 256.0 108.0 bills
17072.0 9416.0 24.0 48.0 ,
17192.0 9328.0 596.0 136.0 Including
17868.0 9368.0 224.0 80.0 ono
18179.0 9352.0 112.0 96.0 to
18355.0 9352.0 492.0 120.0 pension

16048.0 9452.0 476.0 104.0 General
16572.0 9460.0 360.0 112.0 Speed
16983.0 9468.0 108.0 92.0 h.
17156.0 9456.0 252.0 124.0 Pry.

16315.0 9696.0 716.0 100.0 Clovolnncl
17116.0 9700.0 300.0 96.0 Will
17492.0 9708.0 316.0 112.0 Stay
17887.0 9712.0 136.0 88.0 nt
18104.0 9704.0 456.0 100.0 Home.

16175.0 9832.0 880.0 108.0 WASIII.VOTOV
17060.0 9908.0 28.0 48.0 ,
17200.0 9839.0 380.0 104.0 March
17684.0 9843.0 88.0 100.0 3.
17904.0 9839.0 244.0 104.0 The
18256.0 9836.0 592.0 128.0 president

16044.0 9972.0 204.0 104.0 has
16291.0 9976.0 472.0 104.0 decided
16816.0 9984.0 200.0 104.0 not
17064.0 9988.0 116.0 96.0 to
17219.0 10007.0 144.0 96.0 go
17431.0 9988.0 112.0 96.0 to
17631.0 9980.0 188.0 104.0 the
17908.0 9980.0 408.0 128.0 capital
18403.0 9988.0 408.0 100.0 tomorrow

16048.0 10144.0 228.0 76.0 row
16332.0 10124.0 176.0 100.0 for
16551.0 10120.0 188.0 104.0 the
16788.0 10148.0 192.0 100.0 pui
17007.0 10152.0 264.0 96.0 pose
17344.0 10124.0 124.0 100.0 of
17552.0 10124.0 384.0 120.0 acting
18024.0 10152.0 144.0 76.0 on
18268.0 10152.0 568.0 80.0 mcasuies

16052.0 10260.0 356.0 104.0 which
16460.0 10287.0 256.0 96.0 may
16764.0 10268.0 128.0 100.0 bo
16940.0 10268.0 404.0 124.0 passed
17424.0 10264.0 144.0 124.0 by
17612.0 10296.0 532.0 92.0 congress
18191.0 10268.0 416.0 120.0 during
18656.0 10272.0 188.0 104.0 the

16048.0 10404.0 212.0 104.0 list
16348.0 10404.0 336.0 104.0 hours
16772.0 10411.0 120.0 96.0 of
16976.0 10408.0 188.0 108.0 the
17252.0 10408.0 428.0 104.0 session
17696.0 10480.0 24.0 32.0 ,
17856.0 10408.0 180.0 108.0 lie
18128.0 10411.0 464.0 104.0 advised
18660.0 10415.0 188.0 100.0 the

16044.0 10548.0 584.0 124.0 president
16667.0 10552.0 120.0 100.0 of
16836.0 10552.0 188.0 104.0 the
17108.0 10560.0 392.0 96.0 senate
17583.0 10552.0 228.0 104.0 and
17892.0 10552.0 188.0 104.0 the
18167.0 10556.0 480.0 112.0 speaker
18728.0 10560.0 120.0 96.0 of

16044.0 10692.0 192.0 100.0 the
16279.0 10692.0 348.0 100.0 house
16672.0 10695.0 120.0 100.0 of
16840.0 10692.0 176.0 108.0 his
17060.0 10695.0 504.0 104.0 decision
17619.0 10720.0 112.0 80.0 in
17780.0 10699.0 228.0 100.0 this
18056.0 10704.0 436.0 116.0 icspcct
18540.0 10699.0 304.0 120.0 otuly

16048.0 10832.0 216.0 104.0 list
16312.0 10832.0 408.0 104.0 ovcnln
16768.0 10863.0 32.0 44.0 '
16872.0 10836.0 224.0 104.0 and
17192.0 10840.0 356.0 100.0 added
17644.0 10840.0 244.0 100.0 that
17976.0 10836.0 188.0 104.0 the
18251.0 10840.0 592.0 104.0 executive

16044.0 10952.0 316.0 100.0 otlice
16408.0 10948.0 368.0 104.0 would
16824.0 10948.0 424.0 108.0 remain
17344.0 10976.0 288.0 96.0 open
17684.0 10956.0 144.0 100.0 all
17880.0 10956.0 332.0 116.0 night
18256.0 10956.0 224.0 104.0 and
18531.0 10979.0 152.0 104.0 up
18731.0 10964.0 116.0 92.0 to

16048.0 11067.0 188.0 96.0 the
16315.0 11092.0 264.0 92.0 very
16631.0 11072.0 260.0 92.0 houi
16992.0 11067.0 124.0 96.0 of
17204.0 11067.0 380.0 116.0 adjoin
17616.0 11076.0 392.0 92.0 nnient
18099.0 11080.0 116.0 92.0 at
18299.0 11096.0 296.0 76.0 noon
18695.0 11080.0 112.0 92.0 to-

16052.0 11204.0 472.0 76.0 morrow
16576.0 11180.0 172.0 100.0 for
16795.0 11180.0 188.0 104.0 the
17072.0 11183.0 560.0 120.0 reception
17692.0 11187.0 120.0 92.0 of
17896.0 11183.0 152.0 100.0 all
18140.0 11187.0 464.0 100.0 matte's
18695.0 11212.0 116.0 80.0 re-

16048.0 11296.0 456.0 124.0 quiting
16631.0 11296.0 584.0 104.0 executive
17311.0 11300.0 420.0 100.0 action.
17920.0 11303.0 128.0 96.0 In
18164.0 11320.0 688.0 84.0 accordance

16056.0 11416.0 268.0 96.0 with
16375.0 11408.0 224.0 104.0 this
16648.0 11412.0 260.0 120.0 plan
16964.0 11412.0 188.0 104.0 the
17224.0 11416.0 580.0 112.0 president
17848.0 11416.0 224.0 100.0 and
18147.0 11427.0 296.0 92.0 moil
18487.0 11424.0 112.0 92.0 ol
18656.0 11420.0 192.0 100.0 the

16052.0 11532.0 544.0 96.0 members
16636.0 11532.0 124.0 96.0 of
16807.0 11528.0 176.0 100.0 his
17024.0 11528.0 456.0 100.0 cabinet
17528.0 11532.0 224.0 100.0 will
17812.0 11532.0 424.0 100.0 remain
18332.0 11560.0 140.0 72.0 on
18572.0 11536.0 284.0 108.0 duty

16052.0 11652.0 112.0 92.0 at
16211.0 11644.0 188.0 100.0 the
16443.0 11644.0 340.0 100.0 white
16836.0 11648.0 344.0 96.0 house
17231.0 11644.0 384.0 124.0 nouly
17684.0 11644.0 152.0 104.0 all
17935.0 11644.0 332.0 108.0 nidit
18360.0 11652.0 228.0 100.0 and
18660.0 11652.0 188.0 100.0 the

16044.0 11759.0 832.0 104.0 consideration
16932.0 11764.0 124.0 96.0 of
17100.0 11788.0 64.0 72.0 a
17243.0 11764.0 300.0 116.0 huge
17631.0 11764.0 480.0 100.0 number
18184.0 11764.0 124.0 96.0 of
18400.0 11764.0 412.0 120.0 Import-

16048.0 11879.0 204.0 100.0 ant
16296.0 11875.0 252.0 100.0 bills
16604.0 11900.0 36.0 80.0 v
16648.0 11919.0 32.0 56.0 >
16712.0 11875.0 252.0 100.0 hlch
17036.0 11879.0 400.0 116.0 passeil
17487.0 11884.0 192.0 96.0 the
17764.0 11884.0 396.0 96.0 senate
18248.0 11884.0 596.0 120.0 yesterday

16048.0 11992.0 224.0 100.0 and
16324.0 11992.0 396.0 120.0 to-day
16772.0 11992.0 228.0 104.0 will
17043.0 12016.0 428.0 100.0 occupy
17535.0 11995.0 300.0 100.0 their
17875.0 11999.0 372.0 100.0 cntlie
18296.0 11995.0 272.0 104.0 time
18612.0 11995.0 228.0 108.0 and

16048.0 12108.0 616.0 104.0 attention.

17144.0 12356.0 164.0 112.0 by
17388.0 12356.0 816.0 100.0 Llmttntlon.

16175.0 12487.0 624.0 108.0 WASHING
16836.0 12508.0 228.0 88.0 ro.v
17072.0 12563.0 24.0 48.0 ,
17152.0 12491.0 376.0 100.0 March
17612.0 12496.0 92.0 104.0 3.
17836.0 12491.0 240.0 104.0 The
18128.0 12496.0 188.0 100.0 bill
18412.0 12496.0 160.0 100.0 foi
18672.0 12496.0 188.0 100.0 the

16048.0 12628.0 700.0 128.0 redemption
16864.0 12632.0 124.0 100.0 of
17076.0 12632.0 316.0 104.0 trade
17475.0 12632.0 412.0 108.0 dollars
17983.0 12636.0 228.0 104.0 and
18299.0 12636.0 184.0 104.0 the
18572.0 12640.0 284.0 100.0 anil-

16048.0 12771.0 572.0 124.0 polygamj
16703.0 12771.0 192.0 104.0 bill
16952.0 12771.0 276.0 108.0 have
17288.0 12775.0 444.0 100.0 become
17780.0 12775.0 272.0 104.0 laws
18104.0 12775.0 460.0 108.0 without
18668.0 12784.0 188.0 100.0 the

16052.0 12916.0 676.0 124.0 president's
16764.0 12916.0 580.0 104.0 signature
17392.0 12916.0 144.0 128.0 by
17580.0 12944.0 396.0 76.0 reason
18068.0 12924.0 116.0 96.0 ot
18268.0 12924.0 188.0 100.0 thn
18504.0 12924.0 316.0 124.0 expir-

16052.0 13055.0 304.0 104.0 ation
16416.0 13055.0 504.0 108.0 to-nlzht
17024.0 13059.0 124.0 100.0 of
17236.0 13059.0 184.0 104.0 the
17504.0 13059.0 864.0 108.0 constitutional
18460.0 13064.0 360.0 104.0 limita-

16056.0 13204.0 232.0 96.0 tion
16344.0 13204.0 124.0 92.0 of
16515.0 13208.0 184.0 92.0 ten
16744.0 13200.0 192.0 120.0 day
16971.0 13228.0 52.0 72.0 s
17072.0 13200.0 396.0 104.0 within
17516.0 13204.0 368.0 104.0 which
17935.0 13204.0 136.0 104.0 ho
18108.0 13204.0 404.0 104.0 should
18567.0 13208.0 192.0 104.0 hav
18791.0 13236.0 60.0 76.0 o

16052.0 13320.0 532.0 96.0 retuined
16631.0 13316.0 188.0 104.0 the
16867.0 13316.0 256.0 104.0 bills
17168.0 13328.0 116.0 92.0 to
17383.0 13343.0 528.0 100.0 congioss
17964.0 13324.0 112.0 100.0 In
18128.0 13352.0 256.0 72.0 case
18427.0 13328.0 124.0 96.0 of
18636.0 13328.0 224.0 100.0 dls-

16056.0 13436.0 560.0 116.0 appioval.
16812.0 13432.0 288.0 104.0 Hoth
17152.0 13432.0 256.0 100.0 bills
17455.0 13459.0 288.0 76.0 vvcro
17788.0 13440.0 544.0 136.0 carefully
18420.0 13444.0 436.0 100.0 consld-

16056.0 13547.0 252.0 100.0 oied
16360.0 13547.0 120.0 112.0 bv
16548.0 13547.0 188.0 100.0 the
16840.0 13547.0 576.0 124.0 president
17428.0 13619.0 24.0 52.0 ,
17504.0 13552.0 232.0 104.0 and
17839.0 13552.0 340.0 104.0 while
18260.0 13556.0 268.0 120.0 they
18600.0 13583.0 208.0 76.0 con-

16060.0 13663.0 384.0 100.0 tained
16488.0 13688.0 312.0 76.0 some
16843.0 13663.0 628.0 112.0 provisions
17520.0 13676.0 116.0 92.0 to
17680.0 13663.0 368.0 108.0 which
18099.0 13667.0 140.0 104.0 he
18284.0 13671.0 576.0 124.0 preferred

16060.0 13783.0 212.0 92.0 not
16312.0 13780.0 116.0 96.0 to
16460.0 13780.0 464.0 100.0 commit
16968.0 13776.0 720.0 120.0 hlniNenVha
17704.0 13860.0 24.0 32.0 ,
17768.0 13804.0 240.0 76.0 was
18048.0 13783.0 616.0 116.0 unwilling
18748.0 13791.0 120.0 96.0 to

16060.0 13888.0 384.0 108.0 defeat
16488.0 13892.0 196.0 100.0 the
16715.0 13875.0 432.0 140.0 objects
17188.0 13892.0 136.0 100.0 of
17347.0 13888.0 204.0 108.0 the
17595.0 13911.0 516.0 88.0 measure
18135.0 13892.0 160.0 128.0 by
18332.0 13920.0 76.0 80.0 a
18451.0 13907.0 292.0 96.0 veto.

17436.0 14040.0 88.0 60.0 *

16232.0 14155.0 508.0 96.0 Pacific
16824.0 14155.0 648.0 100.0 Unllroad
17540.0 14159.0 1160.0 116.0 Appropriations.

16187.0 14292.0 892.0 104.0 WASHiMiTON-
17084.0 14363.0 24.0 48.0 ,
17159.0 14296.0 388.0 100.0 March
17583.0 14300.0 84.0 96.0 3.
17807.0 14300.0 460.0 116.0 Among
18316.0 14300.0 188.0 104.0 the
18552.0 14300.0 328.0 104.0 Items

16068.0 14428.0 360.0 104.0 added
16484.0 14435.0 144.0 116.0 by
16679.0 14431.0 188.0 104.0 the
16915.0 14431.0 640.0 104.0 committee
17607.0 14464.0 144.0 72.0 on
17792.0 14439.0 916.0 120.0 appropriations
18760.0 14456.0 120.0 88.0 to

16068.0 14572.0 188.0 100.0 the
16300.0 14572.0 452.0 120.0 general
16804.0 14572.0 616.0 120.0 deficiency
17468.0 14572.0 192.0 104.0 bill
17716.0 14599.0 184.0 76.0 aio
17947.0 14576.0 188.0 100.0 the
18227.0 14576.0 592.0 128.0 following
18844.0 14603.0 28.0 92.0 ;

16068.0 14712.0 220.0 104.0 Tor
16332.0 14712.0 184.0 104.0 the
16560.0 14712.0 392.0 108.0 Union
17007.0 14716.0 416.0 104.0 Pacific
17468.0 14716.0 484.0 104.0 ralltoad
17991.0 14716.0 884.0 124.0 fortianspoita-

16068.0 14832.0 232.0 100.0 tlon
16351.0 14856.0 160.0 76.0 sei
16539.0 14828.0 296.0 104.0 vices
16884.0 14832.0 176.0 100.0 for
17135.0 14832.0 424.0 104.0 certain
17656.0 14860.0 324.0 92.0 yeais
17988.0 14908.0 24.0 44.0 ,
18191.0 14839.0 164.0 92.0 l.tr
18367.0 14843.0 216.0 112.0 ,000
18608.0 14864.0 28.0 92.0 ;
18707.0 14843.0 176.0 96.0 for

16068.0 14948.0 188.0 100.0 the
16303.0 14948.0 448.0 100.0 Central
16812.0 14948.0 408.0 104.0 Pacific
17264.0 14971.0 128.0 76.0 or
17475.0 14948.0 568.0 104.0 Southern
18164.0 14952.0 408.0 104.0 Pacific
18576.0 15032.0 28.0 40.0 ,
18704.0 14960.0 180.0 100.0 for

16068.0 15060.0 884.0 124.0 transportation
17007.0 15064.0 428.0 104.0 service
17440.0 15135.0 24.0 44.0 ,
17535.0 15068.0 472.0 112.0 tM-i-i.W
18032.0 15091.0 32.0 88.0 ;
18140.0 15072.0 176.0 96.0 for
18415.0 15072.0 468.0 100.0 salaries

16064.0 15180.0 228.0 100.0 and
16344.0 15204.0 552.0 92.0 expenses
16944.0 15180.0 104.0 96.0 ol
17135.0 15180.0 188.0 104.0 the
17431.0 15167.0 688.0 136.0 Mississippi
18212.0 15188.0 300.0 100.0 river
18591.0 15215.0 248.0 76.0 com-

16068.0 15295.0 468.0 100.0 mission
16551.0 15367.0 28.0 40.0 ,
16631.0 15295.0 448.0 120.0 sn.ouo.

16544.0 15564.0 832.0 96.0 HAILUOAI
17395.0 15575.0 44.0 76.0 )

16072.0 15819.0 612.0 108.0 heading
16812.0 15815.0 588.0 100.0 Officials
17468.0 15819.0 160.0 92.0 of
17788.0 15815.0 572.0 104.0 VnrioitH
18492.0 15823.0 400.0 100.0 Lines

16551.0 15960.0 352.0 96.0 Meet
17019.0 15972.0 140.0 80.0 to
17228.0 15960.0 500.0 116.0 Adjust
17807.0 15960.0 608.0 100.0 Alntterti.

16187.0 16096.0 312.0 104.0 Nrvv
16563.0 16096.0 372.0 104.0 YOHK
16944.0 16168.0 24.0 48.0 ,
17043.0 16092.0 384.0 108.0 March
17511.0 16099.0 88.0 100.0 3.
17735.0 16099.0 248.0 104.0 Ono
18075.0 16103.0 120.0 96.0 of
18308.0 16099.0 188.0 104.0 the
18603.0 16111.0 296.0 96.0 most

16076.0 16240.0 420.0 120.0 largely
16584.0 16235.0 536.0 104.0 atteneled
17183.0 16240.0 736.0 108.0 conferences
17991.0 16244.0 124.0 100.0 of
18208.0 16244.0 624.0 108.0 transconti-

16076.0 16380.0 392.0 104.0 nental
16520.0 16380.0 480.0 108.0 lallioid
17076.0 16404.0 592.0 92.0 managers
17759.0 16408.0 264.0 80.0 over
18111.0 16383.0 256.0 104.0 held
18460.0 16387.0 116.0 104.0 In
18668.0 16387.0 228.0 104.0 this

16072.0 16519.0 228.0 124.0 city
16375.0 16547.0 232.0 76.0 was
16696.0 16515.0 372.0 108.0 closed
17156.0 16524.0 408.0 120.0 to-day.
17699.0 16524.0 112.0 100.0 It
17863.0 16528.0 356.0 100.0 lasted
18287.0 16532.0 228.0 100.0 two
18579.0 16532.0 308.0 116.0 days.

16072.0 16664.0 244.0 100.0 The
16360.0 16664.0 328.0 100.0 roads
16776.0 16667.0 724.0 116.0 icprcsentcd
17552.0 16692.0 292.0 76.0 were
17932.0 16667.0 188.0 104.0 the
18167.0 16671.0 456.0 104.0 Central
18683.0 16675.0 152.0 100.0 Pa-

16072.0 16808.0 240.0 100.0 cific
16320.0 16879.0 28.0 44.0 ,
16408.0 16799.0 388.0 108.0 Union
16891.0 16808.0 412.0 104.0 Pacific
17308.0 16879.0 28.0 44.0 ,
17428.0 16808.0 568.0 104.0 Noithorn
18092.0 16812.0 412.0 104.0 Pacific
18511.0 16887.0 24.0 44.0 ,
18627.0 16816.0 244.0 104.0 MIS'

16072.0 16972.0 260.0 80.0 sour
16348.0 16948.0 28.0 104.0 !
16491.0 16948.0 408.0 104.0 Pacific
16903.0 17024.0 28.0 40.0 ,
17043.0 16948.0 556.0 104.0 Atchlson
17616.0 17024.0 24.0 44.0 ,
17752.0 16948.0 468.0 120.0 Topeka
18328.0 16955.0 96.0 96.0 &
18536.0 16955.0 360.0 104.0 Santa

16108.0 17087.0 120.0 104.0 i'e
16236.0 17163.0 28.0 40.0 ,
16392.0 17092.0 228.0 100.0 and
16788.0 17087.0 564.0 108.0 Southern
17520.0 17092.0 444.0 104.0 Pacific.
18215.0 17092.0 244.0 108.0 The
18620.0 17123.0 284.0 80.0 con-

16108.0 17232.0 420.0 104.0 'erenco
16652.0 17232.0 580.0 104.0 dlsctisbcd
17359.0 17235.0 580.0 120.0 questions
17952.0 17308.0 24.0 48.0 ,
18135.0 17235.0 236.0 104.0 Ilrst
18384.0 17312.0 24.0 44.0 ,
18540.0 17264.0 124.0 80.0 as
18788.0 17243.0 116.0 100.0 to

16108.0 17371.0 156.0 104.0 .ho
16375.0 17375.0 820.0 120.0 requirements
17304.0 17380.0 124.0 96.0 of
17556.0 17371.0 188.0 104.0 the
17851.0 17380.0 632.0 104.0 Inter-state
18603.0 17407.0 256.0 76.0 com-

16100.0 17540.0 336.0 80.0 merce
16563.0 17516.0 196.0 100.0 bill
16884.0 17516.0 220.0 104.0 and
17120.0 17588.0 24.0 52.0 ,
17264.0 17520.0 408.0 100.0 second
17687.0 17592.0 28.0 40.0 ,
17820.0 17520.0 252.0 100.0 how
18200.0 17520.0 192.0 104.0 tlio
18519.0 17527.0 384.0 100.0 tiaiis-

16076.0 17655.0 712.0 104.0 contlncntal
16843.0 17659.0 332.0 104.0 roads
17219.0 17683.0 208.0 80.0 can
17484.0 17664.0 180.0 116.0 get
17720.0 17659.0 248.0 104.0 Into
18015.0 17659.0 552.0 128.0 harmony
18620.0 17668.0 272.0 104.0 with

16127.0 17800.0 140.0 100.0 ho
16308.0 17800.0 216.0 104.0 law
16572.0 17800.0 228.0 104.0 and
16855.0 17804.0 292.0 104.0 meet
17192.0 17800.0 192.0 104.0 the
17428.0 17804.0 556.0 100.0 demands
18032.0 17804.0 116.0 100.0 ot
18224.0 17807.0 376.0 124.0 public
18644.0 17832.0 256.0 80.0 son-

16136.0 17943.0 384.0 100.0 iment.
16648.0 17939.0 244.0 104.0 The
16980.0 17943.0 348.0 104.0 result
17440.0 17948.0 124.0 96.0 of
17668.0 17943.0 296.0 104.0 their
18068.0 17943.0 816.0 112.0 deliberations

16084.0 18107.0 232.0 80.0 was
16360.0 18084.0 248.0 100.0 that
16655.0 18091.0 220.0 96.0 two
16924.0 18084.0 364.0 108.0 tariffs
17340.0 18088.0 176.0 100.0 for
17564.0 18088.0 428.0 124.0 freight
18096.0 18088.0 228.0 104.0 and
18439.0 18116.0 468.0 100.0 passon-

16115.0 18255.0 32.0 92.0 ;
16156.0 18255.0 116.0 72.0 er
16312.0 18227.0 528.0 104.0 business
16884.0 18227.0 408.0 104.0 should
17340.0 18227.0 132.0 104.0 bo
17520.0 18232.0 544.0 116.0 prepared
18075.0 18303.0 20.0 48.0 ,
18191.0 18259.0 224.0 76.0 ono
18524.0 18236.0 364.0 104.0 under

16132.0 18372.0 140.0 104.0 he
16315.0 18368.0 272.0 124.0 long
16636.0 18372.0 264.0 100.0 haul
16944.0 18372.0 376.0 104.0 clause
17364.0 18372.0 228.0 100.0 and
17644.0 18372.0 188.0 104.0 the
17880.0 18375.0 320.0 100.0 other
18248.0 18375.0 368.0 104.0 under
18700.0 18379.0 192.0 100.0 the

16084.0 18511.0 312.0 104.0 short
16440.0 18511.0 264.0 104.0 haul
16752.0 18511.0 376.0 108.0 clause
17135.0 18587.0 24.0 48.0 ,
17212.0 18539.0 124.0 76.0 as
17383.0 18511.0 264.0 124.0 they
17696.0 18539.0 192.0 76.0 are
17964.0 18536.0 152.0 84.0 mi
18144.0 18520.0 184.0 100.0 dei
18352.0 18520.0 320.0 104.0 stood
18755.0 18524.0 136.0 120.0 by

16084.0 18656.0 188.0 104.0 the
16315.0 18652.0 356.0 108.0 roads.
16807.0 18652.0 368.0 104.0 These
17224.0 18656.0 364.0 104.0 tariffs
17636.0 18684.0 184.0 76.0 are
17872.0 18659.0 112.0 100.0 to
18032.0 18663.0 264.0 96.0 take
18343.0 18659.0 332.0 104.0 effect
18748.0 18688.0 148.0 76.0 on

16084.0 18795.0 324.0 116.0 April
16452.0 18799.0 60.0 92.0 0
16515.0 18871.0 28.0 40.0 ,
16596.0 18795.0 224.0 104.0 and
16867.0 18820.0 188.0 76.0 aru
17108.0 18804.0 112.0 92.0 to
17267.0 18812.0 128.0 84.0 no
17448.0 18795.0 612.0 104.0 submitted
18111.0 18812.0 112.0 88.0 to
18275.0 18799.0 188.0 104.0 the
18555.0 18799.0 320.0 104.0 inter-

16080.0 18940.0 288.0 96.0 state
16416.0 18936.0 484.0 100.0 railroad
16936.0 18936.0 912.0 100.0 commissioners
17892.0 18936.0 412.0 104.0 within
18343.0 18968.0 68.0 76.0 a
18451.0 18968.0 396.0 76.0 reason-

16080.0 19052.0 248.0 100.0 able
16428.0 19052.0 272.0 100.0 tlmo
16804.0 19052.0 280.0 104.0 aftei
17207.0 19048.0 288.0 104.0 their
17604.0 19056.0 804.0 120.0 appointment
18496.0 19056.0 92.0 104.0 Is
18695.0 19083.0 144.0 80.0 an

16084.0 19168.0 556.0 100.0 nounced.

16196.0 19279.0 644.0 104.0 Thetiafllc
16912.0 19279.0 640.0 108.0 committee
17556.0 19359.0 28.0 40.0 ,
17640.0 19279.0 360.0 108.0 which
18080.0 19283.0 620.0 104.0 concluded
18755.0 19287.0 140.0 108.0 Its

16084.0 19403.0 368.0 96.0 .abors
16588.0 19424.0 148.0 76.0 on
16888.0 19399.0 420.0 108.0 irelght
17428.0 19399.0 788.0 104.0 classlhcallou
18328.0 19399.0 528.0 112.0 Tuesday
18863.0 19479.0 28.0 48.0 ,

16076.0 19515.0 396.0 120.0 joined
16520.0 19515.0 188.0 100.0 the
16760.0 19536.0 608.0 100.0 passenger
17412.0 19523.0 400.0 112.0 agents
17899.0 19519.0 228.0 100.0 and
18236.0 19519.0 324.0 104.0 other
18644.0 19508.0 228.0 120.0 rail'

16084.0 19632.0 260.0 100.0 road
16400.0 19651.0 584.0 96.0 magnates
17031.0 19635.0 112.0 96.0 to
17183.0 19632.0 264.0 120.0 day.
17640.0 19632.0 248.0 104.0 The
17976.0 19632.0 436.0 120.0 subject
18475.0 19639.0 124.0 96.0 of
18680.0 19639.0 172.0 100.0 dls

16080.0 19748.0 452.0 104.0 cusslon
16588.0 19771.0 228.0 80.0 was
16900.0 19748.0 188.0 104.0 tbo
17176.0 19752.0 856.0 136.0 Interpretation
18120.0 19759.0 128.0 92.0 of
18308.0 19752.0 188.0 104.0 the
18567.0 19755.0 300.0 104.0 Inter-

16084.0 19868.0 288.0 100.0 state
16412.0 19887.0 620.0 76.0 commuice
17084.0 19864.0 220.0 104.0 bill.
17436.0 19855.0 572.0 120.0 Opinions
18084.0 19868.0 116.0 104.0 In
18256.0 19872.0 476.0 104.0 lelatlon
18788.0 19879.0 116.0 96.0 to

16084.0 19984.0 192.0 100.0 the
16320.0 19984.0 540.0 116.0 meaning
16900.0 19979.0 124.0 104.0 of
17091.0 19979.0 188.0 104.0 the
17359.0 19984.0 596.0 104.0 exclusion
18048.0 19992.0 376.0 92.0 clause
18516.0 19988.0 380.0 108.0 varied

16088.0 20095.0 408.0 140.0 widely
16508.0 20171.0 24.0 40.0 ,
16568.0 20099.0 188.0 100.0 the
16800.0 20099.0 440.0 100.0 lastom
17299.0 20120.0 248.0 80.0 men
17604.0 20099.0 1284.0 120.0 belnglnclinedtoeon-

16084.0 20223.0 304.0 92.0 struo
16431.0 20219.0 88.0 96.0 It
16556.0 20211.0 508.0 120.0 liberally
17072.0 20283.0 24.0 40.0 ,
17135.0 20215.0 192.0 100.0 the
17376.0 20219.0 480.0 100.0 vvcstoin
17908.0 20240.0 592.0 96.0 managers
18548.0 20223.0 340.0 104.0 favor-

16088.0 20331.0 200.0 116.0 Ing
16372.0 20356.0 64.0 76.0 a
16527.0 20331.0 320.0 104.0 strict
16952.0 20331.0 892.0 124.0 Inteipietatlon.
18015.0 20339.0 424.0 116.0 Owing
18516.0 20343.0 116.0 96.0 to
18675.0 20339.0 232.0 104.0 this

16088.0 20447.0 188.0 100.0 the
16324.0 20455.0 672.0 92.0 conference
17043.0 20472.0 232.0 76.0 was
17323.0 20451.0 408.0 100.0 unable
17839.0 20451.0 112.0 100.0 to
18051.0 20476.0 316.0 76.0 como
18475.0 20455.0 116.0 100.0 to
18675.0 20480.0 224.0 92.0 any

16084.0 20564.0 464.0 100.0 dellulte
16592.0 20564.0 656.0 104.0 conclusion
17344.0 20568.0 292.0 100.0 until
17747.0 20564.0 376.0 120.0 to-day
18132.0 20640.0 24.0 48.0 ,
18256.0 20568.0 652.0 108.0 whenaic-

16088.0 20695.0 248.0 104.0 port
16443.0 20703.0 228.0 76.0 was
16768.0 20680.0 404.0 116.0 agiccd
17284.0 20703.0 340.0 100.0 upon.
17752.0 20680.0 280.0 104.0 This
18144.0 20684.0 228.0 100.0 will
18475.0 20688.0 132.0 100.0 bo
18675.0 20711.0 188.0 96.0 pre-

16088.0 20796.0 392.0 100.0 sented
16643.0 20808.0 660.0 92.0 to-moirow.
17532.0 20796.0 240.0 100.0 'Iho
17923.0 20796.0 600.0 112.0 following
18672.0 20831.0 232.0 76.0 was

16084.0 20907.0 480.0 124.0 adopted
16596.0 20932.0 28.0 80.0 :

16211.0 21023.0 536.0 104.0 Hesolved
16764.0 21099.0 24.0 40.0 ,
16884.0 21023.0 400.0 112.0 Where
17347.0 21031.0 552.0 100.0 eastward
17947.0 21027.0 476.0 116.0 through
18484.0 21031.0 420.0 116.0 freight

16091.0 21151.0 292.0 92.0 rates
16436.0 21168.0 188.0 76.0 are
16672.0 21147.0 404.0 116.0 quoted
17135.0 21151.0 140.0 104.0 by
17328.0 21151.0 644.0 112.0 agreement
18063.0 21147.0 112.0 100.0 to
18263.0 21172.0 228.0 96.0 any
18588.0 21151.0 320.0 136.0 point

16091.0 21284.0 144.0 76.0 on
16288.0 21284.0 224.0 92.0 any
16560.0 21256.0 476.0 108.0 railroad
17052.0 21332.0 24.0 44.0 ,
17135.0 21288.0 144.0 72.0 no
17332.0 21259.0 192.0 104.0 bill
17576.0 21263.0 124.0 96.0 of
17752.0 21259.0 388.0 112.0 lading
18227.0 21263.0 116.0 96.0 at
18391.0 21292.0 64.0 72.0 a
18504.0 21248.0 396.0 128.0 higher

16088.0 21380.0 240.0 96.0 rate
16372.0 21399.0 204.0 80.0 can
16631.0 21376.0 128.0 100.0 bo
16812.0 21376.0 372.0 100.0 Issued
17231.0 21383.0 112.0 92.0 to
17392.0 21399.0 224.0 88.0 any
17651.0 21376.0 436.0 104.0 shorter
18120.0 21376.0 788.0 108.0 Intermediate

16096.0 21492.0 320.0 124.0 point
16460.0 21519.0 144.0 72.0 on
16660.0 21492.0 188.0 104.0 the
16896.0 21515.0 308.0 80.0 samn
17267.0 21492.0 264.0 104.0 line.

16224.0 21607.0 536.0 104.0 Itosolved
16776.0 21679.0 24.0 48.0 ,
16876.0 21607.0 400.0 104.0 Under
17359.0 21620.0 448.0 100.0 present
17896.0 21607.0 656.0 108.0 conditions
18627.0 21616.0 240.0 100.0 eastbound
18876.0 21667.0 32.0 24.0 -

16091.0 21723.0 380.0 104.0 bound
16520.0 21747.0 128.0 80.0 or
16691.0 21740.0 276.0 88.0 west
17019.0 21723.0 376.0 104.0 bound
17468.0 21727.0 472.0 108.0 through
17996.0 21727.0 260.0 100.0 bills
18299.0 21732.0 112.0 96.0 ol
18511.0 21727.0 392.0 116.0 lading

16096.0 21843.0 328.0 108.0 given
16479.0 21851.0 112.0 92.0 to
16636.0 21868.0 128.0 76.0 or
16812.0 21847.0 280.0 96.0 Irom
17156.0 21843.0 372.0 116.0 points
17631.0 21847.0 440.0 120.0 beyond
18164.0 21843.0 488.0 120.0 Chicago
18660.0 21923.0 24.0 44.0 ,
18740.0 21851.0 160.0 104.0 St.

16103.0 21959.0 336.0 104.0 Louis
16448.0 22035.0 28.0 40.0 ,
16527.0 21988.0 100.0 76.0 01
16691.0 21959.0 320.0 108.0 other
17072.0 21959.0 520.0 124.0 junction
17684.0 21963.0 384.0 124.0 points
18120.0 21963.0 108.0 100.0 In
18284.0 21959.0 296.0 124.0 joint
18624.0 21991.0 244.0 76.0 com-

16096.0 22075.0 384.0 104.0 mittee
16527.0 22079.0 524.0 124.0 territory
17140.0 22087.0 112.0 92.0 to
17335.0 22104.0 128.0 76.0 or
17552.0 22079.0 284.0 100.0 from
17928.0 22079.0 364.0 100.0 which
18388.0 22087.0 332.0 96.0 roads
18788.0 22112.0 128.0 76.0 or

16100.0 22192.0 736.0 104.0 associations
17079.0 22195.0 440.0 100.0 theieot
17804.0 22195.0 536.0 104.0 establish
18624.0 22199.0 296.0 104.0 their

16096.0 22312.0 364.0 100.0 taiills
16467.0 22384.0 24.0 48.0 ,
16688.0 22315.0 112.0 92.0 to
16983.0 22335.0 124.0 76.0 or
17335.0 22315.0 288.0 96.0 trom
17815.0 22312.0 312.0 100.0 these
18372.0 22295.0 528.0 132.0 junction

16148.0 22428.0 272.0 100.0 mint
16431.0 22499.0 24.0 44.0 ,
16527.0 22428.0 224.0 100.0 and
16867.0 22432.0 116.0 96.0 to
17088.0 22451.0 112.0 76.0 01
17320.0 22432.0 292.0 96.0 fiom
17728.0 22432.0 440.0 104.0 regular
18232.0 22415.0 388.0 136.0 points
18675.0 22451.0 208.0 84.0 easi

16151.0 22543.0 376.0 100.0 beieot
16544.0 22611.0 24.0 36.0 ,
16624.0 22552.0 292.0 92.0 latcs
16968.0 22539.0 112.0 100.0 In
17171.0 22543.0 264.0 104.0 both
17544.0 22543.0 616.0 104.0 diiectloiis
18268.0 22543.0 404.0 108.0 should
18788.0 22556.0 128.0 100.0 bo

16096.0 22655.0 408.0 124.0 quoted
16556.0 22659.0 268.0 116.0 only
16908.0 22655.0 180.0 108.0 via
17180.0 22659.0 268.0 104.0 such
17556.0 22663.0 692.0 116.0 connecting
18355.0 22663.0 332.0 100.0 loads
18788.0 22695.0 124.0 72.0 as

16100.0 22771.0 284.0 104.0 shall
16431.0 22775.0 244.0 116.0 join
16739.0 22775.0 108.0 100.0 in
16903.0 22779.0 292.0 96.0 lates
17248.0 22783.0 108.0 92.0 to
17407.0 22779.0 280.0 96.0 Intel
17720.0 22779.0 484.0 104.0 mediate
18256.0 22779.0 384.0 104.0 points
18719.0 22792.0 200.0 92.0 not

16103.0 22891.0 112.0 100.0 In
16267.0 22916.0 184.0 76.0 exi
16479.0 22912.0 176.0 80.0 ess
16700.0 22891.0 124.0 100.0 of
16872.0 22895.0 292.0 100.0 rates
17243.0 22899.0 112.0 96.0 to
17460.0 22903.0 676.0 112.0 purccntaL'o
18251.0 22895.0 384.0 120.0 points
18748.0 22899.0 132.0 100.0 be

16103.0 23031.0 44.0 96.0 j
16180.0 23007.0 260.0 100.0 ond.

16216.0 23120.0 244.0 104.0 The
16560.0 23120.0 304.0 124.0 joint
16968.0 23120.0 648.0 112.0 oommltteo
17723.0 23124.0 228.0 104.0 will
18024.0 23135.0 296.0 92.0 meet
18367.0 23124.0 328.0 108.0 again
18764.0 23131.0 112.0 96.0 to

16103.0 23263.0 516.0 80.0 morrow.

16224.0 23360.0 572.0 100.0 CHICAGO
16804.0 23431.0 28.0 40.0 ,
16884.0 23355.0 380.0 104.0 March
17311.0 23360.0 88.0 100.0 3.
17532.0 23355.0 244.0 104.0 'Iho
17820.0 23360.0 452.0 112.0 pencil
18332.0 23379.0 588.0 100.0 managers

16100.0 23471.0 124.0 100.0 of
16291.0 23471.0 288.0 104.0 lines
16631.0 23475.0 688.0 100.0 nieiiilieibol
17383.0 23471.0 184.0 100.0 thn
17628.0 23467.0 500.0 108.0 Westein
18147.0 23543.0 24.0 44.0 ,
18236.0 23471.0 640.0 104.0 Northwest

16103.0 23612.0 192.0 76.0 nrn
16339.0 23587.0 224.0 100.0 and
16600.0 23587.0 840.0 104.0 Southwestern
17484.0 23587.0 628.0 108.0 Passenger
18140.0 23587.0 736.0 104.0 associations

16108.0 23699.0 116.0 104.0 In
16279.0 23703.0 716.0 116.0 considering
17084.0 23703.0 188.0 100.0 tlio
17320.0 23711.0 372.0 112.0 lepoit
17732.0 23711.0 120.0 92.0 of
17920.0 23707.0 188.0 92.0 the
18184.0 23703.0 448.0 104.0 genital
18687.0 23732.0 132.0 88.0 pa
18832.0 23739.0 92.0 72.0 v

16103.0 23843.0 408.0 96.0 senger
16612.0 23827.0 396.0 104.0 agents
17016.0 23892.0 28.0 44.0 ,
17120.0 23819.0 280.0 100.0 have
17504.0 23843.0 100.0 76.0 in
17636.0 23819.0 312.0 104.0 rived
18015.0 23823.0 116.0 96.0 at
18236.0 23843.0 64.0 76.0 a
18403.0 23819.0 508.0 104.0 decision

16108.0 23932.0 112.0 100.0 In
16416.0 23936.0 388.0 112.0 regird
16976.0 23940.0 112.0 104.0 to
17255.0 23932.0 476.0 124.0 mileage
17896.0 23932.0 404.0 104.0 tickets
18460.0 23943.0 112.0 92.0 to
18736.0 23936.0 188.0 104.0 the

16108.0 24047.0 324.0 104.0 effect
16560.0 24052.0 244.0 100.0 that
16948.0 24056.0 112.0 96.0 to
17180.0 24052.0 340.0 100.0 allow
17644.0 24056.0 188.0 96.0 the
17959.0 24056.0 456.0 120.0 present
18552.0 24052.0 368.0 108.0 rebito

16108.0 24171.0 108.0 92.0 ot
16267.0 24171.0 116.0 96.0 t'
16448.0 24163.0 864.0 104.0 locommeiclal
17368.0 24167.0 532.0 100.0 travelers
18000.0 24167.0 96.0 100.0 Is
18196.0 24167.0 676.0 104.0 di-orimlnu

16108.0 24279.0 236.0 104.0 tlon
16404.0 24279.0 360.0 104.0 under
16812.0 24291.0 184.0 88.0 the
17048.0 24304.0 252.0 80.0 new
17347.0 24283.0 252.0 104.0 law.
17720.0 24279.0 768.0 128.0 Accordingly
18536.0 24287.0 388.0 100.0 oideis

16112.0 24420.0 80.0 76.0 w
16224.0 24420.0 184.0 80.0 cio
16460.0 24399.0 376.0 100.0 Issued
16903.0 24403.0 384.0 116.0 to-day
17395.0 24399.0 392.0 116.0 byill
17899.0 24403.0 120.0 96.0 of
18128.0 24403.0 196.0 100.0 the
18436.0 24411.0 440.0 96.0 vvesten

16112.0 24511.0 328.0 104.0 roads
16491.0 24523.0 112.0 88.0 to
16652.0 24511.0 564.0 104.0 heicafter
17255.0 24511.0 692.0 112.0 dlfcontlnui
17956.0 24548.0 28.0 44.0 *
18036.0 24515.0 184.0 100.0 thu
18272.0 24515.0 236.0 104.0 silo
18552.0 24519.0 124.0 96.0 of
18764.0 24548.0 120.0 72.0 ni

16112.0 24632.0 248.0 100.0 hate
16400.0 24628.0 400.0 108.0 tickets
16812.0 24704.0 24.0 44.0 ,
16896.0 24632.0 188.0 100.0 but
17135.0 24635.0 116.0 96.0 to
17304.0 24632.0 440.0 104.0 furnish
17824.0 24628.0 476.0 108.0 milea''u
18352.0 24632.0 404.0 108.0 tickets
18803.0 24659.0 120.0 76.0 as

16112.0 24748.0 628.0 104.0 heietotoro
16792.0 24755.0 108.0 92.0 to
16948.0 24748.0 188.0 100.0 the
17183.0 24752.0 452.0 116.0 geneial
17711.0 24748.0 368.0 112.0 public
18132.0 24755.0 112.0 96.0 at
18292.0 24752.0 188.0 104.0 the
18528.0 24767.0 232.0 88.0 rate
18812.0 24784.0 60.0 72.0 o

16103.0 24868.0 112.0 116.0 2J
16327.0 24872.0 320.0 96.0 cents
16696.0 24859.0 384.0 112.0 imile.
17079.0 24935.0 28.0 36.0 .

16772.0 25131.0 700.0 100.0 Canadian

16236.0 25272.0 596.0 108.0 OTTAWA.
16888.0 25267.0 376.0 108.0 March
17335.0 25272.0 24.0 92.0 !
17364.0 25272.0 28.0 88.0 !
17395.0 25339.0 24.0 32.0 .
17568.0 25267.0 488.0 124.0 jSpeeial
18120.0 25272.0 596.0 112.0 Telegram
18820.0 25280.0 112.0 96.0 to

16120.0 25415.0 188.0 104.0 the
16372.0 25411.0 292.0 132.0 Ili.Kj
16807.0 25411.0 184.0 104.0 Sir
17040.0 25411.0 460.0 104.0 Charles
17564.0 25407.0 456.0 128.0 Tuppcr
18024.0 25487.0 28.0 44.0 ,
18159.0 25415.0 196.0 104.0 Mr.
18451.0 25415.0 444.0 124.0 Thump

16120.0 25583.0 204.0 76.0 son
16339.0 25631.0 24.0 48.0 ,
16464.0 25555.0 228.0 108.0 Mr.
16807.0 25555.0 448.0 104.0 Forcter
17364.0 25551.0 224.0 108.0 and
17696.0 25551.0 208.0 108.0 Mr.
18032.0 25555.0 520.0 104.0 McCIcan
18572.0 25631.0 24.0 48.0 ,
18680.0 25564.0 256.0 96.0 who

16127.0 25707.0 584.0 120.0 leprosutit
16760.0 25695.0 188.0 104.0 the
16983.0 25695.0 556.0 108.0 maritime
17588.0 25699.0 596.0 120.0 provinces
18232.0 25699.0 112.0 104.0 in
18400.0 25699.0 188.0 100.0 the
18675.0 25703.0 200.0 100.0 cab-

16127.0 25839.0 232.0 104.0 Inet
16372.0 25915.0 24.0 40.0 ,
16515.0 25835.0 528.0 112.0 returned
17156.0 25844.0 116.0 96.0 to
17380.0 25839.0 184.0 104.0 the
17672.0 25839.0 412.0 108.0 capital
18191.0 25844.0 288.0 100.0 from
18615.0 25839.0 228.0 108.0 Nov

16124.0 25959.0 380.0 104.0 Scotia
16548.0 25975.0 112.0 84.0 to
16708.0 25959.0 252.0 120.0 day.
17144.0 25955.0 388.0 104.0 Foster
17535.0 26027.0 28.0 48.0 ,
17663.0 25955.0 512.0 104.0 minister
18280.0 25955.0 120.0 104.0 of
18511.0 25959.0 352.0 104.0 marln

16124.0 26079.0 232.0 104.0 and
16408.0 26075.0 488.0 104.0 hsherles
16908.0 26147.0 24.0 44.0 ,
16988.0 26071.0 240.0 104.0 said
17284.0 26075.0 184.0 100.0 the
17516.0 26092.0 752.0 96.0 government
18323.0 26071.0 220.0 108.0 will
18612.0 26079.0 252.0 96.0 rnak

16144.0 26216.0 148.0 80.0 no
16356.0 26191.0 436.0 116.0 change
16848.0 26191.0 112.0 104.0 In
17016.0 26191.0 144.0 104.0 Its
17216.0 26191.0 480.0 100.0 attitude
17747.0 26191.0 112.0 104.0 In
17920.0 26191.0 576.0 100.0 reference
18552.0 26195.0 112.0 96.0 to
18752.0 26195.0 116.0 100.0 th

16132.0 26307.0 408.0 136.0 fishery
16588.0 26307.0 556.0 124.0 question.
17276.0 26303.0 284.0 104.0 "Wo
17600.0 26332.0 192.0 76.0 are
17896.0 26315.0 196.0 92.0 not
18203.0 26303.0 536.0 124.0 prepared
18827.0 26315.0 40.0 92.0 t

16132.0 26423.0 520.0 104.0 abandon
16703.0 26423.0 188.0 100.0 the
16944.0 26423.0 416.0 104.0 former
17400.0 26435.0 436.0 104.0 ground
17952.0 26420.0 220.0 104.0 and
18287.0 26431.0 304.0 124.0 steps
18704.0 26423.0 144.0 104.0 vvl
18868.0 26427.0 8.0 96.0 !

16136.0 26540.0 128.0 100.0 bo
16315.0 26540.0 144.0 104.0 tal
16515.0 26567.0 132.0 76.0 nil
16667.0 26611.0 24.0 48.0 ,
16752.0 26540.0 112.0 104.0 In
16920.0 26563.0 252.0 84.0 cnso
17224.0 26563.0 156.0 80.0 no
17424.0 26543.0 792.0 112.0 arrangement
18275.0 26543.0 92.0 96.0 Is
18439.0 26540.0 284.0 108.0 tixcd
18824.0 26540.0 112.0 104.0 In

16136.0 26660.0 188.0 100.0 the
16436.0 26656.0 608.0 104.0 meantime
17052.0 26731.0 24.0 44.0 ,
17200.0 26663.0 112.0 92.0 to
17428.0 26683.0 308.0 76.0 mom
17884.0 26656.0 688.0 116.0 tlmrouehly
18712.0 26660.0 228.0 100.0 and

16132.0 26771.0 612.0 124.0 efficiently
16792.0 26771.0 348.0 120.0 guird
17192.0 26795.0 204.0 76.0 our
17484.0 26771.0 364.0 104.0 coasts
17935.0 26771.0 224.0 104.0 and
18272.0 26780.0 424.0 116.0 protect
18748.0 26799.0 204.0 76.0 our

16139.0 26891.0 596.0 100.0 hshermnn
16783.0 26887.0 416.0 108.0 during
17252.0 26891.0 184.0 100.0 thu
17544.0 26887.0 456.0 124.0 coming
18092.0 26911.0 440.0 80.0 season.
18704.0 26887.0 248.0 104.0 The

16139.0 27011.0 308.0 120.0 entry
16515.0 27007.0 120.0 108.0 of
16688.0 26999.0 936.0 112.0 Ne\vfiundland
17079.0 27031.0 24.0 68.0 )
17675.0 27003.0 244.0 108.0 Into
18008.0 27003.0 192.0 104.0 the
18287.0 27003.0 616.0 108.0 confedera-

16144.0 27119.0 88.0 108.0 te
16288.0 27139.0 196.0 88.0 not
16527.0 27127.0 116.0 100.0 at
16688.0 27119.0 144.0 108.0 all
16884.0 27119.0 548.0 128.0 unlikely.

16795.0 27363.0 796.0 100.0 Fisherman
17716.0 27363.0 584.0 124.0 Hcjolec.

16264.0 27503.0 828.0 112.0 Gi.oucr.smt
17100.0 27579.0 20.0 44.0 ,
17231.0 27503.0 336.0 104.0 Mass.
17588.0 27579.0 28.0 44.0 ,
17732.0 27503.0 376.0 104.0 March
18227.0 27503.0 588.0 108.0 3.--There
18868.0 27499.0 92.0 108.0 Is

16144.0 27655.0 316.0 116.0 grunt
16508.0 27647.0 548.0 128.0 lejolclng
17103.0 27647.0 116.0 104.0 In
17272.0 27643.0 228.0 108.0 this
17535.0 27643.0 228.0 128.0 city
17836.0 27651.0 112.0 100.0 to
17991.0 27643.0 220.0 124.0 day
18260.0 27671.0 416.0 96.0 among
18728.0 27671.0 236.0 84.0 yes-

16151.0 27787.0 156.0 108.0 Eel
16380.0 27811.0 440.0 80.0 owners
16864.0 27791.0 228.0 108.0 and
17144.0 27787.0 592.0 108.0 fishermen
17776.0 27815.0 268.0 80.0 over
18092.0 27787.0 188.0 104.0 the
18328.0 27815.0 468.0 96.0 passage
18839.0 27791.0 124.0 100.0 of

16151.0 27931.0 188.0 108.0 the
16416.0 27931.0 76.0 104.0 r"
16503.0 27935.0 64.0 100.0 d
16592.0 27960.0 96.0 76.0 in
16703.0 27955.0 144.0 80.0 up
16867.0 27931.0 164.0 104.0 its'
17088.0 27927.0 228.0 112.0 bill.
17452.0 27939.0 160.0 96.0 At
17699.0 27955.0 296.0 80.0 noon
18096.0 27931.0 148.0 104.0 all
18311.0 27931.0 168.0 108.0 11
18499.0 27931.0 464.0 108.0 U.mo

16156.0 28075.0 288.0 100.0 runs
16452.0 28124.0 24.0 52.0 ,
16544.0 28051.0 368.0 108.0 colors
16964.0 28047.0 432.0 108.0 Uoisted
17228.0 28139.0 24.0 48.0 ,
17448.0 28051.0 228.0 104.0 and
17723.0 28075.0 292.0 100.0 guns
18072.0 28051.0 300.0 104.0 flred-

19035.0 2776.0 860.0 240.0 DRAWING
20187.0 2788.0 220.0 232.0 TO
20619.0 2796.0 288.0 232.0 ITS
21147.0 2796.0 624.0 236.0 DEATH
21800.0 2972.0 40.0 64.0 ,

19032.0 3300.0 548.0 172.0 Exciting
19680.0 3312.0 400.0 128.0 Scones
20180.0 3308.0 116.0 132.0 In
20411.0 3320.0 188.0 124.0 tbo
20684.0 3320.0 372.0 132.0 IIouso
21159.0 3332.0 136.0 124.0 of
21404.0 3332.0 368.0 148.0 Repre-

19227.0 3488.0 624.0 136.0 sentatives
19903.0 3492.0 456.0 172.0 Duriug
20431.0 3500.0 188.0 132.0 the
20700.0 3500.0 476.0 176.0 Closing
21224.0 3508.0 408.0 136.0 Hours.

19039.0 3852.0 1252.0 124.0 PANDEMONIUM
20351.0 3868.0 608.0 116.0 RCIGNS
21024.0 3876.0 824.0 120.0 SUPREME

19032.0 4231.0 264.0 100.0 The
19372.0 4231.0 436.0 104.0 Circle
19883.0 4244.0 128.0 96.0 In
20095.0 4244.0 416.0 100.0 Trout
20580.0 4252.0 156.0 96.0 of
20787.0 4252.0 236.0 100.0 the
21115.0 4252.0 648.0 120.0 Hprnkcr'
21780.0 4284.0 64.0 72.0 *

19271.0 4404.0 352.0 96.0 IH-Hk
19763.0 4408.0 932.0 104.0 rilledMlh
20811.0 4424.0 780.0 100.0 Statesmen

19548.0 4572.0 1464.0 132.0 FrantlonllyVnltiK
21067.0 4588.0 248.0 100.0 lct

20076.0 4748.0 732.0 108.0 Measures.

19148.0 5092.0 268.0 100.0 The
19495.0 5096.0 456.0 116.0 Forty
19975.0 5096.0 396.0 100.0 Ninth
20459.0 5104.0 508.0 100.0 Awaits
21067.0 5104.0 184.0 100.0 Itn
21356.0 5112.0 364.0 100.0 Fate.

19148.0 5228.0 880.0 112.0 WASIUVOION
20035.0 5308.0 24.0 52.0 ,
20187.0 5236.0 380.0 108.0 Mnicli
20703.0 5244.0 88.0 100.0 3.
20944.0 5244.0 16.0 116.0 |
20992.0 5236.0 436.0 120.0 Special
21535.0 5240.0 320.0 116.0 Tclo-

19059.0 5400.0 32.0 88.0 ;
19107.0 5396.0 220.0 80.0 ram
19387.0 5380.0 112.0 96.0 to
19567.0 5380.0 188.0 100.0 tlio
19816.0 5376.0 364.0 128.0 Hii.J
19960.0 5404.0 24.0 80.0 :
20047.0 5400.0 24.0 84.0 :
20324.0 5380.0 652.0 128.0 Kxtrcmoly
21024.0 5384.0 500.0 120.0 exciting
21612.0 5396.0 232.0 100.0 nnil

19068.0 5516.0 580.0 104.0 lolsterous
19816.0 5548.0 188.0 80.0 aio
20211.0 5524.0 184.0 108.0 the
20631.0 5548.0 392.0 88.0 scenes
21219.0 5536.0 628.0 108.0 connected

19068.0 5655.0 232.0 104.0 \itli
19524.0 5668.0 188.0 96.0 tlio
19931.0 5664.0 436.0 116.0 closing
20640.0 5668.0 340.0 108.0 hours
21248.0 5680.0 128.0 96.0 of
21643.0 5680.0 192.0 104.0 the

19088.0 5792.0 684.0 128.0 'ortj-nlnth
19835.0 5828.0 560.0 92.0 congress.
20527.0 5812.0 504.0 108.0 Sneaker
21079.0 5816.0 472.0 108.0 Carlisle
21583.0 5844.0 264.0 96.0 says

19092.0 5939.0 176.0 104.0 lial
19316.0 5939.0 116.0 104.0 In
19483.0 5939.0 148.0 108.0 all
19683.0 5944.0 172.0 104.0 Ids
19907.0 5956.0 400.0 96.0 twelve
20399.0 5956.0 488.0 116.0 ye.nsof
20980.0 5960.0 852.0 120.0 concessional

19092.0 6080.0 136.0 104.0 Ifo
19276.0 6080.0 136.0 108.0 he
19459.0 6084.0 200.0 108.0 has
19716.0 6112.0 336.0 80.0 ne\er
20100.0 6116.0 260.0 80.0 scon
20416.0 6124.0 124.0 72.0 so
20587.0 6100.0 324.0 104.0 much
20959.0 6108.0 400.0 100.0 clnnioi
21451.0 6128.0 144.0 76.0 on
21648.0 6103.0 192.0 104.0 the

19107.0 6248.0 192.0 76.0 oor
19340.0 6232.0 124.0 92.0 or
19507.0 6228.0 188.0 104.0 HID
19743.0 6232.0 340.0 104.0 house
20132.0 6232.0 224.0 104.0 ntul
20411.0 6252.0 192.0 108.0 yet
20664.0 6240.0 116.0 100.0 nt
20872.0 6240.0 184.0 104.0 the
21147.0 6268.0 308.0 76.0 same
21559.0 6244.0 292.0 108.0 time

19092.0 6364.0 204.0 104.0 uch
19352.0 6364.0 496.0 108.0 uniform
19900.0 6372.0 288.0 120.0 good
20243.0 6384.0 428.0 100.0 humor.
20819.0 6376.0 480.0 108.0 Itotook
21388.0 6384.0 192.0 104.0 the
21667.0 6384.0 168.0 108.0 bit

19080.0 6528.0 68.0 76.0 n
19259.0 6504.0 176.0 104.0 his
19531.0 6512.0 388.0 100.0 mouth
20011.0 6512.0 216.0 104.0 lait
20327.0 6512.0 404.0 132.0 I'nday
20783.0 6544.0 72.0 76.0 w
20888.0 6520.0 216.0 104.0 hen
21163.0 6524.0 188.0 100.0 tlio
21400.0 6528.0 220.0 100.0 last
21663.0 6524.0 180.0 104.0 six

19107.0 6671.0 112.0 72.0 av
19256.0 6671.0 48.0 76.0 s
19352.0 6656.0 124.0 92.0 of
19524.0 6652.0 188.0 96.0 tl.o
19760.0 6652.0 432.0 100.0 session
20247.0 6656.0 356.0 152.0 bepn
20619.0 6728.0 24.0 40.0 ,
20744.0 6656.0 420.0 124.0 during
21275.0 6664.0 364.0 104.0 which
21752.0 6664.0 96.0 108.0 It

19071.0 6812.0 160.0 72.0 ins
19271.0 6784.0 280.0 104.0 been
19608.0 6788.0 116.0 104.0 In
19775.0 6788.0 324.0 104.0 order
20144.0 6795.0 104.0 100.0 nt
20300.0 6820.0 204.0 96.0 anj
20575.0 6795.0 276.0 104.0 tlmo
20900.0 6808.0 112.0 96.0 to
21064.0 6804.0 504.0 120.0 suspend
21639.0 6804.0 192.0 104.0 the

19092.0 6920.0 236.0 108.0 ulcs
19440.0 6928.0 224.0 104.0 anil
19736.0 6936.0 192.0 112.0 imt
19980.0 6932.0 256.0 104.0 bills
20288.0 6960.0 300.0 100.0 upon
20643.0 6936.0 288.0 104.0 their
20980.0 6968.0 504.0 104.0 pissase.
21624.0 6944.0 224.0 108.0 Hut

19104.0 7068.0 460.0 124.0 Ithomjh
19620.0 7072.0 580.0 112.0 hundicds
20247.0 7084.0 120.0 96.0 of
20419.0 7079.0 552.0 104.0 membets
21031.0 7088.0 284.0 100.0 ha\o
21412.0 7084.0 428.0 124.0 begged

19027.0 7212.0 224.0 100.0 and
19379.0 7212.0 440.0 108.0 ho\\leit
19948.0 7220.0 180.0 100.0 for
20252.0 7220.0 704.0 124.0 recognition
20975.0 7296.0 24.0 56.0 ,
21175.0 7224.0 264.0 128.0 they
21552.0 7232.0 296.0 104.0 hate

19092.0 7352.0 396.0 128.0 teadlly
19563.0 7363.0 272.0 100.0 been
19891.0 7388.0 28.0 76.0 i
19944.0 7368.0 116.0 96.0 of
20071.0 7363.0 268.0 104.0 used
20387.0 7363.0 236.0 104.0 nnil
20700.0 7363.0 280.0 108.0 h.uo
21072.0 7368.0 344.0 104.0 taken
21540.0 7368.0 296.0 108.0 tholr

19088.0 7504.0 232.0 96.0 eats
19367.0 7500.0 116.0 104.0 to
19528.0 7512.0 644.0 100.0 icciinorate
20216.0 7508.0 228.0 104.0 and
20500.0 7504.0 264.0 108.0 then
20819.0 7536.0 380.0 80.0 lonovv
21272.0 7512.0 296.0 104.0 their
21651.0 7508.0 192.0 112.0 dc-

19068.0 7640.0 364.0 108.0 nands
19483.0 7652.0 172.0 96.0 lor
19704.0 7647.0 756.0 124.0 recognition.
20599.0 7647.0 232.0 108.0 Not
20879.0 7676.0 220.0 84.0 ono
21147.0 7652.0 200.0 108.0 has
21412.0 7656.0 408.0 104.0 shown

19068.0 7800.0 172.0 88.0 nil
19348.0 7784.0 328.0 108.0 blood
19780.0 7816.0 128.0 76.0 or
19992.0 7788.0 516.0 108.0 rellected
20604.0 7820.0 292.0 100.0 upon
20951.0 7800.0 188.0 100.0 the
21192.0 7796.0 340.0 108.0 chair.
21667.0 7800.0 168.0 104.0 At

19080.0 7924.0 272.0 108.0 lines
19399.0 7931.0 188.0 100.0 the
19635.0 7956.0 340.0 84.0 arena
19984.0 8008.0 24.0 48.0 ,
20059.0 7960.0 68.0 80.0 a
20187.0 7936.0 664.0 104.0 smiu-ciiclu
20939.0 7944.0 320.0 96.0 iiOxaO
21364.0 7944.0 232.0 104.0 fuel
21716.0 7944.0 120.0 104.0 In

19080.0 8076.0 256.0 100.0 rent
19440.0 8084.0 124.0 92.0 or
19652.0 8072.0 184.0 108.0 the
19931.0 8076.0 572.0 128.0 speaker's
20568.0 8080.0 280.0 104.0 desk
20855.0 8152.0 24.0 48.0 ,
20939.0 8080.0 200.0 108.0 has
21192.0 8080.0 280.0 108.0 been
21527.0 8084.0 312.0 104.0 tilled

19068.0 8212.0 224.0 104.0 vlth
19343.0 8215.0 432.0 108.0 excited
19828.0 8219.0 548.0 100.0 mombois
20387.0 8295.0 20.0 44.0 ,
20464.0 8219.0 396.0 124.0 ciying
20908.0 8232.0 116.0 96.0 at
21111.0 8228.0 188.0 100.0 the
21412.0 8228.0 200.0 120.0 top
21716.0 8228.0 124.0 100.0 ot

19088.0 8356.0 212.0 104.0 lieli
19364.0 8356.0 368.0 108.0 voices
19840.0 8364.0 176.0 100.0 for
20124.0 8360.0 696.0 124.0 recognition
20836.0 8436.0 24.0 40.0 ,
20920.0 8364.0 564.0 128.0 Haunting
21576.0 8368.0 264.0 104.0 bills

19071.0 8524.0 76.0 76.0 n
19196.0 8499.0 152.0 100.0 all
19408.0 8499.0 224.0 104.0 and
19683.0 8499.0 468.0 120.0 making
20216.0 8503.0 240.0 104.0 side
20548.0 8508.0 500.0 104.0 remarks
21055.0 8583.0 24.0 48.0 ,
21175.0 8508.0 672.0 128.0 presenting

19024.0 8667.0 68.0 72.0 a
19136.0 8667.0 336.0 76.0 scene
19519.0 8640.0 356.0 108.0 which
19891.0 8716.0 24.0 52.0 ,
19972.0 8644.0 324.0 104.0 when
20356.0 8644.0 336.0 104.0 taken
20748.0 8648.0 276.0 108.0 with
21127.0 8652.0 188.0 100.0 the
21404.0 8652.0 452.0 104.0 eontln-

19071.0 8808.0 232.0 72.0 ions
19391.0 8780.0 268.0 104.0 loud
19707.0 8783.0 536.0 124.0 rapplngs
20291.0 8787.0 120.0 100.0 of
20500.0 8792.0 188.0 100.0 the
20792.0 8787.0 576.0 120.0 speaker's
21472.0 8792.0 324.0 120.0 gavel
21803.0 8864.0 32.0 52.0 ,

19092.0 8920.0 404.0 108.0 ivallcd
19604.0 8928.0 884.0 120.0 pandemonium
20595.0 8932.0 232.0 104.0 and
20932.0 8928.0 552.0 128.0 bewared
21595.0 8936.0 256.0 104.0 des-

19092.0 9064.0 468.0 124.0 riptlon.
19695.0 9060.0 244.0 112.0 The
20004.0 9071.0 520.0 116.0 galleiles
20592.0 9071.0 220.0 104.0 and
20912.0 9076.0 548.0 104.0 coirldois
21552.0 9076.0 296.0 104.0 lead-

19083.0 9231.0 60.0 72.0 n
19160.0 9231.0 68.0 96.0 g
19336.0 9204.0 432.0 104.0 thereto
19876.0 9235.0 292.0 76.0 \\cre
20255.0 9212.0 300.0 104.0 lilted
20664.0 9220.0 108.0 96.0 to
20840.0 9240.0 240.0 76.0 ovei
21111.0 9224.0 28.0 92.0 (
21151.0 9216.0 424.0 124.0 lowing
21619.0 9216.0 236.0 104.0 and

19032.0 9355.0 348.0 96.0 aioat
19464.0 9344.0 228.0 108.0 this
19784.0 9348.0 480.0 124.0 writing.
20404.0 9352.0 100.0 104.0 It
20575.0 9384.0 228.0 76.0 was
20888.0 9364.0 228.0 96.0 and
21212.0 9360.0 96.0 100.0 Is
21392.0 9372.0 464.0 108.0 enough

19080.0 9515.0 64.0 72.0 0
19191.0 9492.0 192.0 100.0 tax
19432.0 9488.0 184.0 104.0 the
19668.0 9500.0 560.0 96.0 nereot
20324.0 9492.0 188.0 104.0 the
20604.0 9500.0 284.0 96.0 most
20992.0 9500.0 868.0 120.0 -possessed

19071.0 9628.0 540.0 124.0 ncsidlng
19799.0 9636.0 376.0 104.0 olllcer
20175.0 9708.0 28.0 48.0 ,
20440.0 9639.0 196.0 96.0 but
20860.0 9636.0 504.0 120.0 Speaker
21592.0 9639.0 264.0 104.0 Oar-

19080.0 9772.0 200.0 104.0 Isle
19288.0 9847.0 24.0 48.0 ,
19587.0 9776.0 116.0 104.0 In
19972.0 9776.0 592.0 104.0 execution
20848.0 9784.0 124.0 96.0 ot
21240.0 9780.0 176.0 104.0 his
21675.0 9784.0 188.0 100.0 tle-

19080.0 9916.0 680.0 108.0 crmlnatlon
19907.0 9927.0 676.0 100.0 announcpd
20739.0 9948.0 144.0 76.0 on
21004.0 9920.0 416.0 124.0 Friday
21576.0 9923.0 220.0 104.0 last
21795.0 9996.0 36.0 48.0 ,

19068.0 10083.0 160.0 76.0 tas
19276.0 10060.0 484.0 124.0 steadily
19847.0 10064.0 452.0 104.0 leluscit
20416.0 10083.0 112.0 84.0 to
20623.0 10064.0 596.0 128.0 recognize
21308.0 10091.0 140.0 76.0 an
21463.0 10091.0 48.0 100.0 j
21544.0 10068.0 300.0 124.0 body

19064.0 10200.0 300.0 108.0 vhlle
19408.0 10204.0 312.0 104.0 tliero
19772.0 10232.0 288.0 76.0 were
20163.0 10204.0 848.0 128.0 appropilotian
21067.0 10207.0 256.0 104.0 bills
21332.0 10284.0 24.0 44.0 ,
21400.0 10211.0 444.0 100.0 confcr-

19095.0 10371.0 60.0 76.0 n
19176.0 10371.0 120.0 76.0 co
19440.0 10356.0 432.0 112.0 reports
20020.0 10371.0 124.0 76.0 or
20247.0 10348.0 320.0 104.0 other
20700.0 10348.0 612.0 124.0 privileged
21448.0 10360.0 408.0 96.0 matter

19080.0 10500.0 284.0 112.0 cady
19452.0 10491.0 180.0 100.0 tor
19716.0 10488.0 884.0 108.0 consldeialion.
20732.0 10488.0 244.0 108.0 The
21064.0 10520.0 788.0 100.0 consequence

19064.0 10655.0 160.0 76.0 las
19271.0 10632.0 276.0 100.0 been
19608.0 10636.0 116.0 100.0 th
19739.0 10695.0 20.0 40.0 ,
19763.0 10664.0 32.0 72.0 >
19808.0 10640.0 44.0 92.0 t
19895.0 10655.0 272.0 100.0 very
20216.0 10632.0 220.0 100.0 few
20527.0 10655.0 568.0 84.0 measures
21180.0 10636.0 284.0 104.0 have
21552.0 10636.0 288.0 112.0 been

19076.0 10775.0 288.0 100.0 alien
19471.0 10775.0 288.0 100.0 from
19868.0 10775.0 188.0 104.0 the
20163.0 10772.0 532.0 108.0 calendir
20816.0 10775.0 420.0 124.0 during
21323.0 10775.0 188.0 104.0 tlio
21604.0 10779.0 252.0 120.0 past

19068.0 10912.0 272.0 104.0 vook
19348.0 10983.0 24.0 48.0 ,
19428.0 10916.0 224.0 104.0 and
19704.0 10916.0 184.0 100.0 the
19975.0 10912.0 176.0 104.0 six
20223.0 10912.0 680.0 128.0 suspension
21004.0 10920.0 124.0 96.0 of
21216.0 10916.0 300.0 104.0 rules
21564.0 10920.0 284.0 124.0 dajs

19068.0 11080.0 244.0 80.0 uivo
19360.0 11067.0 272.0 88.0 been
19683.0 11059.0 128.0 96.0 of
19883.0 11080.0 148.0 76.0 no
20079.0 11056.0 528.0 120.0 piactical
20664.0 11084.0 224.0 76.0 use.
21019.0 11056.0 552.0 104.0 Senators
21616.0 11056.0 236.0 104.0 and

19083.0 11196.0 884.0 120.0 cpicscntathos
20035.0 11208.0 284.0 92.0 have
20392.0 11200.0 276.0 100.0 been
20724.0 11200.0 284.0 128.0 busy
21096.0 11223.0 68.0 76.0 a
21228.0 11200.0 292.0 116.0 good
21616.0 11223.0 244.0 92.0 por-

19083.0 11336.0 180.0 100.0 Ion
19316.0 11336.0 128.0 100.0 of
19488.0 11336.0 188.0 104.0 the
19724.0 11336.0 316.0 104.0 week
20115.0 11336.0 504.0 120.0 clearing
20664.0 11351.0 200.0 88.0 out
20912.0 11340.0 272.0 104.0 theli
21243.0 11336.0 340.0 104.0 desks
21627.0 11340.0 236.0 100.0 and

19076.0 11476.0 452.0 124.0 lacking
19592.0 11476.0 272.0 104.0 theii
19956.0 11480.0 388.0 104.0 effects
20447.0 11480.0 340.0 120.0 ready
20879.0 11484.0 176.0 96.0 lor
21100.0 11480.0 596.0 124.0 departure
21740.0 11484.0 120.0 100.0 to

19088.0 11616.0 240.0 104.0 heir
19375.0 11624.0 380.0 100.0 homes
19763.0 11696.0 24.0 44.0 ,
19840.0 11620.0 224.0 100.0 and
20168.0 11620.0 400.0 104.0 \\lthln
20672.0 11627.0 752.0 116.0 twenty-lour
21515.0 11620.0 344.0 108.0 hours

19035.0 11791.0 64.0 72.0 a
19143.0 11764.0 304.0 112.0 largo
19495.0 11764.0 440.0 120.0 portion
20032.0 11768.0 108.0 96.0 ol
20199.0 11764.0 300.0 100.0 thorn
20556.0 11759.0 228.0 108.0 \\111
20831.0 11764.0 132.0 100.0 bo
21012.0 11791.0 144.0 76.0 on
21264.0 11764.0 296.0 104.0 their
21604.0 11791.0 252.0 96.0 way

19035.0 11908.0 184.0 96.0 out
19276.0 11908.0 120.0 96.0 of
19459.0 11904.0 188.0 104.0 the
19692.0 11904.0 232.0 124.0 city
19924.0 11976.0 28.0 52.0 ,
20052.0 11928.0 344.0 100.0 many
20472.0 11908.0 116.0 100.0 to
20635.0 11932.0 324.0 80.0 no\et
21024.0 11915.0 380.0 96.0 rctiun
21460.0 11912.0 116.0 100.0 to
21619.0 11936.0 244.0 88.0 par-

19092.0 12043.0 400.0 128.0 Icipato
19540.0 12043.0 112.0 104.0 In
19707.0 12048.0 184.0 104.0 the
19939.0 12043.0 624.0 112.0 legislative
20648.0 12048.0 740.0 124.0 piocccdlngs
21431.0 12052.0 124.0 96.0 of
21600.0 12075.0 256.0 76.0 eon-

19071.0 12216.0 308.0 88.0 imss.
19507.0 12188.0 372.0 104.0 Those
19972.0 12192.0 372.0 100.0 whose
20455.0 12188.0 344.0 104.0 terms
20864.0 12192.0 384.0 120.0 expire
21359.0 12196.0 116.0 100.0 at
21547.0 12216.0 312.0 80.0 noon

19083.0 12356.0 604.0 80.0 c-morrow
19731.0 12359.0 188.0 76.0 are
19963.0 12332.0 192.0 104.0 the
20240.0 12340.0 280.0 92.0 most
20572.0 12332.0 484.0 104.0 anxious
21103.0 12336.0 116.0 100.0 to
21264.0 12332.0 192.0 124.0 got
21499.0 12359.0 324.0 96.0 away

19104.0 12500.0 64.0 72.0 n
19227.0 12472.0 184.0 104.0 the
19464.0 12472.0 360.0 104.0 hotels
19871.0 12472.0 1008.0 104.0 thocorrldoisaro
20927.0 12472.0 296.0 104.0 tilled
21279.0 12476.0 268.0 100.0 \\lth
21592.0 12500.0 212.0 76.0 con

19071.0 12611.0 588.0 120.0 cessional
19751.0 12616.0 340.0 100.0 boxes
20139.0 12616.0 276.0 100.0 \\ith
20484.0 12616.0 188.0 104.0 the
20780.0 12640.0 392.0 80.0 namcH
21255.0 12620.0 128.0 96.0 of
21463.0 12620.0 396.0 100.0 states-

19076.0 12784.0 212.0 76.0 nen
19340.0 12784.0 124.0 76.0 or
19512.0 12760.0 436.0 104.0 allowed
20040.0 12760.0 612.0 100.0 statesmen
20748.0 12780.0 300.0 104.0 upon
21171.0 12760.0 336.0 104.0 them.
21648.0 12764.0 184.0 100.0 On

19083.0 12899.0 140.0 104.0 ho
19331.0 12899.0 348.0 104.0 house
19743.0 12899.0 244.0 104.0 sldo
20067.0 12899.0 124.0 100.0 of
20300.0 12899.0 184.0 100.0 the
20587.0 12899.0 412.0 124.0 capltol
21111.0 12899.0 312.0 108.0 these
21491.0 12899.0 352.0 108.0 boxes

19035.0 13044.0 404.0 104.0 almost
19483.0 13040.0 320.0 108.0 block
19852.0 13044.0 188.0 104.0 tlio
20124.0 13040.0 552.0 108.0 corrldois
20756.0 13068.0 248.0 80.0 neai
21076.0 13044.0 188.0 104.0 ilio
21308.0 13048.0 500.0 100.0 elevator
21807.0 13116.0 32.0 44.0 ,

19035.0 13188.0 224.0 100.0 and
19312.0 13183.0 260.0 128.0 they
19623.0 13183.0 264.0 104.0 look
19996.0 13192.0 200.0 96.0 not
20283.0 13183.0 388.0 104.0 unlike
20739.0 13192.0 328.0 96.0 collln
21147.0 13188.0 344.0 100.0 boxes
21540.0 13183.0 308.0 128.0 piled

19039.0 13356.0 148.0 88.0 up
19232.0 13356.0 220.0 76.0 ono
19555.0 13332.0 356.0 108.0 aboyn
20016.0 13328.0 460.0 104.0 anothei
20604.0 13328.0 112.0 100.0 In
20811.0 13356.0 140.0 76.0 an
21064.0 13328.0 796.0 104.0 nndeitaker's

19035.0 13472.0 316.0 124.0 shop.
19476.0 13467.0 244.0 108.0 The
19823.0 13467.0 344.0 104.0 boxes
20267.0 13496.0 324.0 100.0 cany
20688.0 13467.0 344.0 124.0 alone
21100.0 13496.0 344.0 100.0 many
21491.0 13467.0 332.0 128.0 disap-

19076.0 13612.0 424.0 104.0 pointed
19587.0 13612.0 344.0 120.0 hopes
20040.0 13623.0 124.0 92.0 to
20264.0 13608.0 296.0 104.0 tholr
20652.0 13612.0 224.0 104.0 last
20975.0 13612.0 436.0 124.0 testing
21499.0 13616.0 348.0 124.0 place.

19240.0 13776.0 156.0 100.0 ny
19444.0 13756.0 192.0 112.0 pot
19731.0 13756.0 360.0 140.0 clwuy
20232.0 13747.0 448.0 112.0 arothu
20443.0 13848.0 20.0 40.0 ,
20679.0 13776.0 52.0 76.0 ?
20780.0 13751.0 344.0 120.0 given
21204.0 13751.0 260.0 120.0 only
21564.0 13751.0 296.0 104.0 nde-

19047.0 13884.0 260.0 112.0 cent
19348.0 13875.0 892.0 124.0 cbhln'essTonRr
20259.0 13884.0 364.0 108.0 burial
20703.0 13888.0 124.0 104.0 In
20879.0 13884.0 316.0 112.0 these
21284.0 13884.0 564.0 116.0 "official"

19051.0 14008.0 376.0 100.0 boxes.
19560.0 13995.0 348.0 120.0 Manv
19960.0 14008.0 548.0 100.0 members
20563.0 14004.0 232.0 104.0 will
20843.0 14027.0 328.0 96.0 carry
21219.0 14004.0 336.0 112.0 homo
21592.0 14008.0 268.0 100.0 thus

19056.0 14119.0 152.0 104.0 all
19312.0 14124.0 196.0 100.0 the
19611.0 14128.0 300.0 96.0 fume
20020.0 14128.0 224.0 96.0 two
20351.0 14136.0 332.0 100.0 jeais
20787.0 14128.0 124.0 92.0 of
21019.0 14144.0 528.0 100.0 congress
21660.0 14124.0 204.0 100.0 bus

19051.0 14239.0 480.0 116.0 brought
19620.0 14244.0 336.0 96.0 them.
20088.0 14235.0 244.0 100.0 The
20396.0 14244.0 572.0 116.0 prospects
21076.0 14264.0 192.0 76.0 are
21371.0 14244.0 248.0 96.0 that
21663.0 14239.0 200.0 100.0 but

19083.0 14351.0 240.0 100.0 Ittlo
19375.0 14348.0 228.0 104.0 will
19724.0 14355.0 132.0 96.0 bo
19924.0 14351.0 300.0 100.0 done
20336.0 14355.0 664.0 96.0 to-nioiio\v
21091.0 14351.0 448.0 104.0 further
21583.0 14355.0 276.0 100.0 thane

19076.0 14492.0 12.0 72.0 :
19104.0 14492.0 68.0 72.0 o
19280.0 14492.0 328.0 92.0 agree
19695.0 14488.0 300.0 92.0 upon
20091.0 14468.0 188.0 96.0 the
20356.0 14464.0 844.0 124.0 iippiupiiatlon
21291.0 14464.0 252.0 104.0 bills
21627.0 14468.0 244.0 100.0 still

19056.0 14584.0 112.0 96.0 In
19220.0 14584.0 712.0 96.0 eonfeienco.
20132.0 14580.0 280.0 100.0 This
20503.0 14584.0 196.0 96.0 has
20768.0 14580.0 276.0 104.0 been
21156.0 14603.0 144.0 76.0 an
21395.0 14584.0 408.0 100.0 exceed-

19056.0 14692.0 316.0 120.0 ingly
19495.0 14700.0 276.0 116.0 busy
19835.0 14696.0 220.0 140.0 day
20156.0 14700.0 120.0 96.0 at
20368.0 14696.0 188.0 100.0 the
20664.0 14696.0 344.0 104.0 Vthlto
21096.0 14696.0 384.0 104.0 house.
21607.0 14696.0 248.0 104.0 The

19056.0 14807.0 576.0 112.0 piesldcnt
19676.0 14803.0 572.0 108.0 lemalncd
20300.0 14807.0 516.0 104.0 secluded
20855.0 14836.0 124.0 76.0 as
21028.0 14811.0 324.0 104.0 much
21407.0 14839.0 124.0 76.0 as
21624.0 14839.0 196.0 112.0 pos-

19056.0 14927.0 280.0 100.0 sible
19379.0 14927.0 292.0 100.0 until
19724.0 14931.0 184.0 96.0 the
19948.0 14923.0 448.0 104.0 cabinet
20447.0 14931.0 496.0 112.0 meeting
20995.0 14923.0 112.0 104.0 In
21204.0 14927.0 328.0 104.0 order
21612.0 14931.0 256.0 100.0 that

19071.0 15043.0 124.0 100.0 lie
19240.0 15040.0 352.0 112.0 might
19623.0 15043.0 396.0 100.0 devote
20067.0 15043.0 176.0 100.0 his
20324.0 15043.0 368.0 104.0 ontlio
20775.0 15047.0 272.0 96.0 time
21151.0 15043.0 116.0 100.0 to
21371.0 15072.0 60.0 72.0 a
21547.0 15047.0 308.0 112.0 large

19059.0 15160.0 476.0 100.0 number
19575.0 15163.0 116.0 92.0 ol
19799.0 15160.0 256.0 100.0 bills
20139.0 15160.0 544.0 120.0 awaiting
20792.0 15160.0 176.0 100.0 his
21072.0 15160.0 412.0 104.0 action.
21612.0 15160.0 252.0 104.0 The

19059.0 15276.0 272.0 108.0 only
19379.0 15276.0 392.0 100.0 visitor
19804.0 15276.0 136.0 100.0 ho
19984.0 15299.0 232.0 76.0 saw
20264.0 15295.0 120.0 80.0 in
20435.0 15276.0 176.0 100.0 his
20655.0 15276.0 312.0 100.0 office
21016.0 15276.0 228.0 104.0 this
21323.0 15284.0 540.0 116.0 morning

19064.0 15411.0 228.0 80.0 was
19331.0 15392.0 584.0 100.0 Assistant
19960.0 15392.0 584.0 108.0 Seciut.iry
20595.0 15388.0 552.0 104.0 Kaiichlld
21159.0 15463.0 24.0 44.0 ,
21240.0 15396.0 368.0 100.0 whom
21720.0 15392.0 144.0 104.0 bo

19068.0 15512.0 256.0 100.0 sent
19367.0 15508.0 204.0 100.0 for.
19700.0 15508.0 24.0 40.0 '
19727.0 15508.0 52.0 96.0 1
19808.0 15508.0 176.0 100.0 his
20032.0 15508.0 228.0 100.0 fact
20303.0 15531.0 276.0 92.0 guve
20623.0 15508.0 216.0 100.0 rise
20888.0 15524.0 224.0 84.0 ton
21156.0 15516.0 376.0 132.0 report
21616.0 15508.0 248.0 104.0 that

19068.0 15623.0 140.0 96.0 ho
19256.0 15623.0 216.0 100.0 had
19519.0 15623.0 280.0 100.0 been
19912.0 15619.0 472.0 108.0 selected
20500.0 15636.0 116.0 88.0 to
20720.0 15623.0 468.0 100.0 succeed
21327.0 15628.0 552.0 116.0 secretary

19068.0 15735.0 600.0 116.0 Mainline.
19796.0 15735.0 244.0 100.0 The
20091.0 15735.0 576.0 124.0 president
20720.0 15739.0 360.0 100.0 tound
21168.0 15739.0 272.0 104.0 time
21448.0 15815.0 24.0 48.0 ,
21571.0 15739.0 252.0 112.0 howe
21831.0 15787.0 40.0 28.0 -

19068.0 15880.0 260.0 72.0 oer
19331.0 15928.0 28.0 44.0 ,
19411.0 15855.0 116.0 100.0 to
19575.0 15876.0 136.0 80.0 go
19755.0 15852.0 332.0 104.0 down
20163.0 15855.0 244.0 100.0 Into
20496.0 15855.0 188.0 96.0 the
20768.0 15855.0 244.0 104.0 eist
21096.0 15876.0 308.0 80.0 room
21487.0 15863.0 112.0 92.0 to
21708.0 15884.0 116.0 76.0 re-

19071.0 15968.0 304.0 104.0 ceive
19420.0 15996.0 68.0 72.0 a
19528.0 15968.0 636.0 116.0 delegation
20223.0 15972.0 296.0 100.0 fioni
20611.0 15972.0 188.0 100.0 the
20908.0 15972.0 584.0 100.0 Delaware
21580.0 15976.0 292.0 100.0 rtato

19076.0 16088.0 672.0 104.0 Icgislatinc.
19799.0 16084.0 796.0 124.0 accompanieil
20643.0 16088.0 140.0 116.0 by
20872.0 16088.0 536.0 104.0 Senators
21496.0 16088.0 380.0 104.0 Saiilii-

19071.0 16204.0 928.0 120.0 buiyandUiay.
20127.0 16212.0 104.0 88.0 A
20288.0 16204.0 452.0 100.0 numbei
20860.0 16208.0 124.0 92.0 of
21088.0 16208.0 556.0 100.0 memborB
21744.0 16204.0 132.0 100.0 of

19068.0 16340.0 532.0 96.0 congress
19640.0 16315.0 360.0 100.0 callul
20047.0 16328.0 116.0 88.0 at
20208.0 16315.0 188.0 100.0 the
20447.0 16320.0 340.0 100.0 \\hlto
20891.0 16320.0 344.0 100.0 house
21243.0 16391.0 24.0 44.0 ,
21368.0 16320.0 196.0 100.0 but
21663.0 16324.0 208.0 100.0 not

19071.0 16431.0 336.0 116.0 being
19456.0 16431.0 244.0 100.0 able
19743.0 16439.0 116.0 92.0 to
19927.0 16460.0 184.0 72.0 see
20220.0 16431.0 188.0 104.0 the
20515.0 16427.0 572.0 128.0 picsldont
21091.0 16504.0 28.0 56.0 ,
21240.0 16431.0 268.0 104.0 thov
21612.0 16460.0 212.0 80.0 con-

19076.0 16551.0 384.0 96.0 tented
19507.0 16547.0 668.0 104.0 themsehes
20228.0 16547.0 136.0 112.0 by
20411.0 16547.0 764.0 120.0 asceitaiulng
21224.0 16555.0 116.0 96.0 In
21388.0 16536.0 196.0 116.0 the
21687.0 16580.0 128.0 76.0 as-

19068.0 16664.0 420.0 100.0 sistant
19528.0 16664.0 656.0 120.0 secrclaiy's
20228.0 16664.0 316.0 100.0 otllco
20587.0 16667.0 188.0 100.0 the
20824.0 16667.0 364.0 100.0 status
21231.0 16667.0 124.0 96.0 of
21400.0 16667.0 260.0 104.0 bills
21747.0 16671.0 124.0 100.0 In

19071.0 16784.0 364.0 96.0 which
19492.0 16780.0 264.0 120.0 they
19804.0 16808.0 288.0 76.0 were
20132.0 16780.0 728.0 124.0 particularly
20951.0 16784.0 644.0 104.0 Interested.
21732.0 16784.0 140.0 104.0 In

19068.0 16896.0 328.0 104.0 older
19440.0 16896.0 240.0 100.0 that
19727.0 16904.0 188.0 92.0 the
20004.0 16896.0 576.0 124.0 president
20688.0 16896.0 360.0 116.0 might
21132.0 16904.0 204.0 96.0 not
21443.0 16900.0 128.0 100.0 bo
21679.0 16923.0 208.0 80.0 mi-

19076.0 17012.0 680.0 128.0 necessarily
19799.0 17012.0 468.0 128.0 delayed
20327.0 17016.0 112.0 100.0 In
20491.0 17012.0 400.0 116.0 taking
20947.0 17016.0 268.0 100.0 tlnal
21264.0 17016.0 368.0 100.0 action
21723.0 17043.0 156.0 76.0 on

19071.0 17127.0 260.0 100.0 bills
19340.0 17199.0 24.0 48.0 ,
19411.0 17127.0 144.0 104.0 be
19616.0 17112.0 496.0 120.0 directed
20216.0 17127.0 248.0 104.0 that
20568.0 17127.0 152.0 104.0 all
20824.0 17123.0 260.0 112.0 bills
21188.0 17131.0 372.0 104.0 which
21667.0 17131.0 224.0 104.0 had

19076.0 17243.0 280.0 100.0 been
19399.0 17243.0 496.0 100.0 roloiretl
19948.0 17260.0 112.0 84.0 to
20100.0 17256.0 184.0 88.0 ttie
20336.0 17243.0 444.0 104.0 vuiious
20843.0 17247.0 776.0 124.0 departments
21711.0 17251.0 184.0 100.0 for

19071.0 17363.0 768.0 96.0 examination
19895.0 17359.0 132.0 100.0 bo
20071.0 17363.0 528.0 100.0 letiirned
20652.0 17363.0 112.0 100.0 to
20816.0 17375.0 188.0 92.0 tlio
21076.0 17363.0 340.0 100.0 whlto
21523.0 17363.0 360.0 104.0 house

19080.0 17476.0 140.0 120.0 by
19271.0 17479.0 112.0 92.0 IB
19428.0 17476.0 420.0 100.0 o'clock
19888.0 17479.0 320.0 100.0 to-da
20220.0 17504.0 44.0 92.0 >
20336.0 17479.0 92.0 100.0 if
20476.0 17476.0 516.0 124.0 possible.
21123.0 17479.0 764.0 104.0 Downstairs

19080.0 17600.0 320.0 92.0 usliei
19440.0 17611.0 36.0 80.0 i
19519.0 17615.0 288.0 80.0 were
19856.0 17592.0 264.0 124.0 kept
20175.0 17596.0 252.0 108.0 busy
20496.0 17596.0 596.0 120.0 disposing
21175.0 17600.0 124.0 96.0 of
21404.0 17624.0 68.0 72.0 a
21576.0 17596.0 316.0 120.0 largo

19080.0 17720.0 468.0 88.0 number
19592.0 17716.0 120.0 92.0 ot
19760.0 17708.0 816.0 104.0 excursionists
20628.0 17712.0 248.0 100.0 who
20927.0 17708.0 432.0 104.0 Mocked
21467.0 17716.0 116.0 96.0 to
21691.0 17695.0 196.0 120.0 the

19076.0 17823.0 348.0 100.0 white
19471.0 17823.0 388.0 104.0 house.
20056.0 17823.0 324.0 120.0 They
20488.0 17851.0 288.0 76.0 weio
20903.0 17836.0 200.0 92.0 not
21204.0 17828.0 472.0 100.0 allowed
21771.0 17836.0 120.0 92.0 to

19071.0 17939.0 412.0 100.0 ascend
19551.0 17939.0 188.0 100.0 the
19823.0 17935.0 336.0 108.0 stairs
20267.0 17939.0 228.0 104.0 and
20604.0 17939.0 220.0 104.0 had
20932.0 17948.0 112.0 96.0 to
21088.0 17967.0 208.0 76.0 con
21323.0 17943.0 220.0 104.0 line
21592.0 17943.0 296.0 104.0 their

19071.0 18055.0 740.0 120.0 sight-seeing
19859.0 18059.0 116.0 96.0 to
20059.0 18055.0 188.0 100.0 the
20351.0 18072.0 244.0 84.0 east
20700.0 18080.0 336.0 80.0 loom.
21163.0 18059.0 244.0 100.0 Tlio
21515.0 18063.0 380.0 120.0 report

19076.0 18171.0 244.0 100.0 that
19364.0 18171.0 208.0 104.0 Mi.
19628.0 18171.0 556.0 100.0 Pairchlld
20240.0 18171.0 368.0 104.0 would
20679.0 18179.0 128.0 96.0 bo
20852.0 18175.0 192.0 100.0 thu
21151.0 18179.0 280.0 96.0 next
21532.0 18200.0 312.0 80.0 secre-

19080.0 18292.0 244.0 116.0 tary
19372.0 18292.0 116.0 96.0 ot
19540.0 18292.0 188.0 96.0 the
19775.0 18303.0 508.0 104.0 tieasury
20327.0 18288.0 720.0 132.0 spieadmy
21120.0 18292.0 428.0 124.0 rapldlv
21571.0 18364.0 28.0 48.0 ,
21651.0 18292.0 236.0 104.0 and

19080.0 18396.0 376.0 108.0 before
19507.0 18408.0 108.0 96.0 W
19664.0 18404.0 424.0 100.0 o'clock
20136.0 18408.0 192.0 96.0 tint
20368.0 18404.0 372.0 104.0 clerks
20848.0 18408.0 112.0 100.0 In
21076.0 18408.0 192.0 100.0 the
21371.0 18412.0 516.0 120.0 treasury

19076.0 18520.0 712.0 124.0 department
19840.0 18520.0 216.0 104.0 had
20107.0 18520.0 84.0 104.0 It
20235.0 18520.0 244.0 104.0 that
20532.0 18524.0 176.0 100.0 his
20756.0 18543.0 336.0 84.0 name
21159.0 18520.0 216.0 108.0 had
21424.0 18524.0 468.0 120.0 alicady

19080.0 18644.0 272.0 92.0 been
19408.0 18644.0 256.0 96.0 sent
19712.0 18644.0 116.0 92.0 to
19871.0 18640.0 188.0 96.0 the
20107.0 18644.0 392.0 96.0 senate
20503.0 18711.0 24.0 36.0 ,
20583.0 18635.0 228.0 100.0 and
20908.0 18640.0 472.0 120.0 coupled
21440.0 18640.0 268.0 104.0 with
21795.0 18648.0 92.0 96.0 it

19080.0 18751.0 520.0 100.0 \\anthat
19688.0 18751.0 872.0 100.0 otChletCleik
20628.0 18751.0 580.0 104.0 Vouimins
21315.0 18759.0 116.0 92.0 to
21503.0 18755.0 132.0 100.0 bo
21720.0 18780.0 128.0 80.0 as-

19076.0 18867.0 416.0 96.0 sistant
19531.0 18871.0 588.0 116.0 secretary.
20247.0 18867.0 244.0 100.0 The
20539.0 18871.0 372.0 120.0 report
20956.0 18867.0 340.0 100.0 about
21327.0 18867.0 204.0 104.0 Mr.
21592.0 18867.0 296.0 104.0 You-

19076.0 19003.0 328.0 76.0 mans
19452.0 18980.0 536.0 124.0 probably
20079.0 19003.0 308.0 100.0 grew
20431.0 18995.0 200.0 88.0 out
20672.0 18987.0 128.0 96.0 of
20903.0 18983.0 188.0 104.0 the
21200.0 18987.0 688.0 120.0 knowledge

19076.0 19096.0 244.0 100.0 that
19384.0 19096.0 136.0 100.0 ho
19604.0 19096.0 216.0 104.0 had
19915.0 19092.0 272.0 112.0 been
20296.0 19119.0 272.0 80.0 seen
20684.0 19096.0 468.0 124.0 visiting
21260.0 19100.0 192.0 104.0 the
21540.0 19100.0 352.0 108.0 white

19076.0 19227.0 348.0 84.0 house
19476.0 19216.0 108.0 100.0 In
19640.0 19216.0 188.0 100.0 the
19871.0 19212.0 496.0 120.0 evening
20411.0 19239.0 148.0 76.0 on
20619.0 19239.0 300.0 76.0 moic
20987.0 19216.0 272.0 104.0 than
21315.0 19239.0 220.0 76.0 one
21580.0 19243.0 268.0 80.0 occa-

19071.0 19332.0 252.0 96.0 sion
19420.0 19323.0 372.0 112.0 lately.
19931.0 19332.0 584.0 100.0 Assistant
20619.0 19332.0 588.0 120.0 Secictaiy
21315.0 19332.0 576.0 108.0 Fairchlld

19071.0 19447.0 228.0 100.0 and
19375.0 19443.0 848.0 104.0 Mr.oumans
20312.0 19447.0 264.0 100.0 both
20655.0 19447.0 508.0 108.0 received
21275.0 19471.0 616.0 84.0 numcioua

19076.0 19559.0 964.0 120.0 congratulations
20091.0 19588.0 296.0 96.0 upon
20443.0 19563.0 292.0 104.0 their
20804.0 19567.0 564.0 136.0 supposed
21460.0 19592.0 436.0 80.0 uioino-

19076.0 19683.0 240.0 96.0 tlon
19372.0 19683.0 228.0 96.0 two
19652.0 19683.0 332.0 96.0 hours
20091.0 19679.0 380.0 104.0 bctoro
20580.0 19679.0 88.0 100.0 It
20775.0 19679.0 88.0 104.0 Is
20971.0 19672.0 188.0 116.0 the
21219.0 19687.0 436.0 100.0 custom
21764.0 19683.0 128.0 104.0 of

19076.0 19820.0 280.0 76.0 e\en
19447.0 19796.0 484.0 112.0 sending
20028.0 19796.0 780.0 100.0 nominations
20915.0 19796.0 116.0 104.0 to
21139.0 19796.0 192.0 104.0 the
21436.0 19803.0 460.0 124.0 cnpltol.

19083.0 19912.0 248.0 100.0 The
19379.0 19912.0 272.0 120.0 only
19704.0 19912.0 676.0 104.0 foundation
20435.0 19916.0 180.0 100.0 for
20655.0 19916.0 192.0 96.0 the
20912.0 19919.0 380.0 116.0 irpoit
21392.0 19919.0 128.0 96.0 of
21612.0 19919.0 296.0 100.0 their

19080.0 20028.0 536.0 100.0 selection
19676.0 20055.0 228.0 76.0 was
19939.0 20028.0 188.0 104.0 the
20180.0 20032.0 264.0 100.0 visit
20484.0 20032.0 120.0 96.0 of
20652.0 20032.0 208.0 104.0 Mr.
20924.0 20028.0 576.0 108.0 Falrchlld
21544.0 20047.0 120.0 88.0 to
21708.0 20039.0 196.0 100.0 the

19083.0 20144.0 344.0 104.0 white
19476.0 20144.0 348.0 104.0 house
19876.0 20148.0 228.0 100.0 this
20156.0 20148.0 564.0 120.0 morning.

19375.0 20283.0 256.0 84.0 THK
19680.0 20287.0 428.0 80.0 EMIIIi
20124.0 20287.0 28.0 76.0 :
20204.0 20287.0 576.0 80.0 IlISTHirr
20840.0 20287.0 160.0 84.0 UP
21052.0 20287.0 136.0 84.0 IV
21236.0 20283.0 388.0 88.0 AKMS.

19208.0 20375.0 728.0 108.0 Ifouiobes'i
19880.0 20407.0 20.0 56.0 '
20020.0 20379.0 308.0 104.0 chief
20416.0 20387.0 592.0 96.0 executive
21103.0 20383.0 204.0 100.0 has
21376.0 20415.0 64.0 72.0 n
21527.0 20379.0 384.0 124.0 single

19088.0 20491.0 384.0 108.0 trlend
19519.0 20495.0 208.0 104.0 left
19780.0 20495.0 112.0 100.0 In
19963.0 20495.0 192.0 100.0 tlm
20247.0 20495.0 472.0 100.0 District
20807.0 20495.0 88.0 100.0 It
20987.0 20491.0 96.0 108.0 Is
21171.0 20499.0 212.0 100.0 not
21472.0 20499.0 432.0 100.0 known

19083.0 20615.0 252.0 96.0 who
19372.0 20608.0 136.0 104.0 he
19516.0 20684.0 24.0 48.0 ,
19587.0 20615.0 200.0 96.0 she
19832.0 20636.0 128.0 76.0 or
20004.0 20611.0 88.0 100.0 It
20139.0 20611.0 128.0 100.0 Is.
20411.0 20611.0 284.0 100.0 lntr
20700.0 20636.0 48.0 96.0 >
20783.0 20611.0 196.0 116.0 ing
21064.0 20615.0 116.0 96.0 to
21272.0 20611.0 376.0 112.0 Knock
21696.0 20611.0 196.0 104.0 the

19092.0 20731.0 452.0 96.0 trotters
19592.0 20731.0 280.0 96.0 from
19927.0 20728.0 368.0 100.0 under
20356.0 20728.0 188.0 96.0 the
20628.0 20728.0 444.0 96.0 colored
21168.0 20728.0 724.0 136.0 lepubllcans

19088.0 20844.0 124.0 92.0 of
19259.0 20844.0 188.0 96.0 the
19488.0 20848.0 484.0 112.0 country
20020.0 20844.0 140.0 116.0 by
20240.0 20840.0 732.0 120.0 nominating
21016.0 20840.0 136.0 100.0 Ti
21175.0 20840.0 296.0 104.0 otter
21511.0 20840.0 140.0 104.0 be
21699.0 20852.0 204.0 92.0 has

19076.0 20951.0 392.0 104.0 driven
19560.0 20979.0 320.0 84.0 away
19975.0 20979.0 100.0 72.0 m
20091.0 20979.0 44.0 96.0 >
20172.0 20951.0 292.0 104.0 ilads
20560.0 20960.0 128.0 96.0 of
20795.0 20955.0 392.0 136.0 people
21275.0 20960.0 252.0 100.0 who
21607.0 20964.0 288.0 96.0 hn\o

19092.0 21067.0 632.0 104.0 heietotoio
19768.0 21075.0 320.0 96.0 stood
20144.0 21071.0 136.0 100.0 bv
20375.0 21071.0 264.0 104.0 him.
20763.0 21059.0 248.0 116.0 The
21100.0 21099.0 312.0 96.0 press
21499.0 21075.0 124.0 96.0 of
21711.0 21075.0 192.0 100.0 the

19092.0 21183.0 448.0 104.0 dlstilet
19551.0 21256.0 24.0 52.0 ,
19635.0 21183.0 504.0 108.0 whether
20184.0 21183.0 676.0 108.0 dcmociatlc
20860.0 21259.0 32.0 40.0 ,
20995.0 21187.0 648.0 116.0 teiiubllc.in
21663.0 21263.0 24.0 44.0 ,
21747.0 21191.0 116.0 104.0 In-

19080.0 21303.0 648.0 112.0 dependent
19727.0 21380.0 28.0 44.0 ,
19871.0 21323.0 644.0 104.0 mugwump
20524.0 21380.0 24.0 44.0 ,
20628.0 21328.0 608.0 96.0 mugworm
21252.0 21380.0 24.0 40.0 ,
21364.0 21332.0 128.0 76.0 or
21571.0 21303.0 280.0 116.0 relig

19088.0 21420.0 244.0 100.0 ious
19343.0 21496.0 24.0 40.0 ,
19471.0 21420.0 96.0 100.0 Is
19656.0 21448.0 68.0 76.0 a
19772.0 21420.0 256.0 100.0 unit
20091.0 21423.0 444.0 116.0 against
20631.0 21420.0 224.0 104.0 him
20872.0 21492.0 28.0 52.0 ,
20992.0 21423.0 228.0 104.0 and
21272.0 21420.0 192.0 104.0 the
21508.0 21423.0 400.0 144.0 people

19088.0 21536.0 260.0 104.0 hero
19399.0 21559.0 188.0 80.0 are
19640.0 21543.0 200.0 92.0 not
19888.0 21532.0 248.0 128.0 only
20211.0 21536.0 496.0 124.0 opposed
20780.0 21543.0 112.0 96.0 to
20983.0 21540.0 224.0 108.0 him
21224.0 21607.0 28.0 52.0 ,
21344.0 21540.0 204.0 104.0 but
21636.0 21543.0 268.0 112.0 they

19083.0 21679.0 188.0 72.0 are
19324.0 21656.0 252.0 100.0 mad
19592.0 21727.0 24.0 40.0 ,
19671.0 21679.0 268.0 92.0 \ery
19992.0 21652.0 244.0 104.0 mad
20252.0 21727.0 24.0 48.0 ,
20332.0 21660.0 224.0 96.0 and
20652.0 21660.0 292.0 96.0 Irom
21040.0 21679.0 260.0 80.0 now
21392.0 21683.0 144.0 76.0 on
21636.0 21660.0 272.0 120.0 they

19088.0 21767.0 232.0 104.0 will
19375.0 21772.0 328.0 100.0 knlto
19751.0 21772.0 172.0 100.0 his
19972.0 21772.0 428.0 120.0 obesity
20472.0 21795.0 340.0 100.0 o\ery
20860.0 21772.0 432.0 104.0 chance
21339.0 21776.0 268.0 120.0 they
21655.0 21780.0 236.0 112.0 not.

19088.0 21887.0 308.0 100.0 Once
19447.0 21891.0 132.0 96.0 ho
19632.0 21911.0 228.0 80.0 was
19927.0 21887.0 476.0 124.0 popular
20452.0 21887.0 292.0 104.0 hero.
20884.0 21887.0 292.0 108.0 Now
21248.0 21891.0 140.0 104.0 bo
21467.0 21891.0 96.0 104.0 Is
21651.0 21891.0 256.0 104.0 cold

19092.0 22003.0 396.0 104.0 poison
19540.0 22011.0 116.0 92.0 to
19700.0 22031.0 244.0 76.0 ovei
19972.0 22003.0 400.0 144.0 yimdv.
20515.0 22003.0 172.0 104.0 Ho
20739.0 22003.0 92.0 104.0 Is
20903.0 22028.0 152.0 80.0 no
21144.0 22007.0 292.0 124.0 good
21527.0 22007.0 116.0 100.0 In
21720.0 22011.0 192.0 96.0 the

19092.0 22119.0 476.0 104.0 District
19608.0 22123.0 112.0 100.0 ot
19820.0 22119.0 588.0 108.0 Columbia
20503.0 22148.0 260.0 76.0 now
20935.0 22127.0 168.0 104.0 As
21192.0 22152.0 68.0 76.0 n
21344.0 22135.0 572.0 108.0 symptom

19088.0 22247.0 108.0 88.0 ot
19316.0 22239.0 188.0 100.0 the
19592.0 22235.0 1240.0 120.0 Intense-Indignation
20951.0 22239.0 632.0 124.0 prevailing
21651.0 22251.0 264.0 92.0 bent

19092.0 22379.0 256.0 92.0 may
19396.0 22356.0 136.0 100.0 bo
19572.0 22356.0 292.0 100.0 cited
19915.0 22359.0 188.0 96.0 the
20151.0 22363.0 232.0 92.0 tact
20467.0 22356.0 244.0 104.0 that
20780.0 22352.0 188.0 108.0 the
21019.0 22359.0 456.0 116.0 leading
21515.0 22359.0 332.0 100.0 demo-

19088.0 22479.0 296.0 96.0 crats
19435.0 22476.0 104.0 96.0 ot
19604.0 22472.0 184.0 104.0 the
19847.0 22472.0 456.0 104.0 District
20351.0 22472.0 280.0 104.0 have
20715.0 22472.0 240.0 120.0 just
21019.0 22476.0 216.0 100.0 had
21284.0 22499.0 68.0 76.0 a
21400.0 22476.0 512.0 120.0 meeting

19092.0 22592.0 220.0 100.0 and
19372.0 22588.0 280.0 104.0 h.uo
19695.0 22583.0 704.0 108.0 determined
20491.0 22596.0 112.0 92.0 to
20655.0 22588.0 372.0 104.0 Issued
21079.0 22611.0 144.0 80.0 an
21275.0 22588.0 468.0 104.0 address
21795.0 22596.0 116.0 92.0 to

19095.0 22708.0 184.0 96.0 the
19367.0 22703.0 392.0 124.0 people
19840.0 22703.0 112.0 100.0 In
20052.0 22708.0 320.0 96.0 laver
20459.0 22712.0 112.0 92.0 ot
20688.0 22703.0 332.0 104.0 homo
21103.0 22716.0 236.0 88.0 itilo
21436.0 22703.0 224.0 104.0 and
21732.0 22708.0 140.0 100.0 de-

19100.0 22823.0 576.0 108.0 nouncing
19724.0 22819.0 184.0 100.0 the
19960.0 22823.0 724.0 112.0 Importation
20720.0 22823.0 116.0 96.0 ot
20888.0 22819.0 560.0 100.0 outsiders
21484.0 22823.0 116.0 96.0 to
21648.0 22819.0 272.0 108.0 hold

19092.0 22939.0 188.0 96.0 the
19331.0 22935.0 240.0 100.0 best
19620.0 22935.0 368.0 120.0 plau'H
20056.0 22935.0 112.0 100.0 In
20267.0 22935.0 188.0 96.0 tlio
20512.0 22931.0 484.0 104.0 District.
21127.0 22931.0 64.0 100.0 'I
21236.0 22935.0 140.0 100.0 ho
21443.0 22939.0 472.0 100.0 address

19100.0 23047.0 224.0 104.0 will
19432.0 23051.0 232.0 100.0 talk
19775.0 23047.0 480.0 108.0 straight
20360.0 23055.0 196.0 96.0 out
20664.0 23055.0 288.0 96.0 horn
21067.0 23051.0 188.0 108.0 the
21339.0 23051.0 572.0 108.0 shoulder.

19092.0 23175.0 340.0 88.0 homo
19480.0 23164.0 244.0 104.0 Idea
19808.0 23168.0 116.0 96.0 ot
20040.0 23168.0 188.0 100.0 the
20308.0 23168.0 320.0 100.0 value
20672.0 23168.0 228.0 100.0 and
20995.0 23171.0 396.0 100.0 extent
21496.0 23171.0 124.0 96.0 of
21723.0 23168.0 192.0 104.0 the

19095.0 23284.0 312.0 100.0 work
19492.0 23284.0 296.0 100.0 donb
19888.0 23284.0 112.0 100.0 In
20100.0 23284.0 188.0 96.0 the
20375.0 23284.0 604.0 100.0 recorder's
21072.0 23284.0 316.0 104.0 otllce
21455.0 23307.0 256.0 88.0 may
21780.0 23284.0 140.0 104.0 bo

19092.0 23400.0 456.0 100.0 learned
19644.0 23404.0 324.0 92.0 when
20067.0 23395.0 88.0 100.0 It
20240.0 23395.0 96.0 100.0 Is
20419.0 23395.0 364.0 104.0 stated
20836.0 23400.0 248.0 104.0 th.it
21151.0 23423.0 68.0 80.0 n
21243.0 23400.0 24.0 100.0 I
21291.0 23412.0 188.0 92.0 net
21487.0 23427.0 48.0 92.0 >
21559.0 23400.0 360.0 104.0 -threo

19100.0 23539.0 396.0 92.0 papers
19548.0 23539.0 284.0 76.0 were
19883.0 23511.0 252.0 100.0 tiled
20187.0 23511.0 308.0 104.0 them
20583.0 23511.0 592.0 124.0 yesterday
21224.0 23519.0 180.0 100.0 for
21487.0 23519.0 424.0 100.0 ircord.

19092.0 23627.0 284.0 104.0 This
19420.0 23627.0 584.0 124.0 uvcnlng'f
20059.0 23631.0 340.0 100.0 Critic
20484.0 23656.0 260.0 80.0 siv.s
20831.0 23631.0 244.0 104.0 that
21127.0 23635.0 80.0 96.0 It
21260.0 23635.0 92.0 104.0 Is
21404.0 23639.0 520.0 100.0 rumoicd

19095.0 23747.0 244.0 100.0 that
19432.0 23747.0 112.0 100.0 In
19599.0 23747.0 192.0 100.0 the
19883.0 23772.0 252.0 76.0 new
20199.0 23743.0 448.0 108.0 colored
20736.0 23747.0 416.0 104.0 iccotdr
21188.0 23751.0 320.0 124.0 r-thip
21559.0 23751.0 312.0 104.0 "com

19095.0 23859.0 340.0 104.0 bine"
19507.0 23863.0 188.0 100.0 the
19743.0 23863.0 156.0 104.0 SI'
19907.0 23867.0 28.0 52.0 '
19948.0 23936.0 20.0 48.0 ,
19980.0 23867.0 180.0 92.0 000
20243.0 23888.0 196.0 100.0 per
20503.0 23888.0 436.0 80.0 annum
21031.0 23875.0 244.0 92.0 Ices
21364.0 23863.0 332.0 104.0 taxed
21764.0 23892.0 152.0 80.0 on

19107.0 23976.0 460.0 104.0 District
19676.0 23987.0 520.0 120.0 propeity
20279.0 23980.0 448.0 104.0 holders
20811.0 24007.0 188.0 76.0 are
21076.0 23987.0 116.0 96.0 to
21284.0 23983.0 132.0 100.0 bo
21460.0 23980.0 468.0 108.0 divided

19100.0 24096.0 320.0 104.0 bi'tvvi
19464.0 24119.0 140.0 80.0 on
19656.0 24083.0 452.0 116.0 Trotter
20107.0 24167.0 28.0 40.0 ,
20196.0 24096.0 596.0 104.0 Matthews
20884.0 24096.0 224.0 104.0 and
21188.0 24123.0 144.0 76.0 an
21388.0 24100.0 540.0 108.0 outsider.

19104.0 24235.0 608.0 80.0 I'KNSIOSS
19799.0 24235.0 236.0 80.0 foil
20103.0 24231.0 856.0 84.0 .NKItllASICA.NS
21036.0 24235.0 228.0 80.0 ANI
21284.0 24239.0 28.0 72.0 >
21400.0 24235.0 532.0 88.0 IOVVANH.

19223.0 24327.0 564.0 104.0 Pensions
19835.0 24355.0 100.0 76.0 Lri
19963.0 24331.0 336.0 100.0 anted
20356.0 24327.0 736.0 104.0 Ncbiaskana
21127.0 24336.0 116.0 96.0 to
21287.0 24327.0 220.0 120.0 day
21535.0 24355.0 28.0 76.0 :
21672.0 24331.0 212.0 108.0 Nel-

19104.0 24468.0 200.0 76.0 son
19367.0 24447.0 140.0 100.0 M.
19575.0 24443.0 312.0 120.0 Korsj
19924.0 24447.0 188.0 100.0 the
20115.0 24519.0 28.0 44.0 ,
20187.0 24443.0 384.0 112.0 Hardy
20604.0 24468.0 28.0 88.0 ;
20684.0 24447.0 508.0 100.0 Andrew
21224.0 24443.0 664.0 120.0 J.O'Ltwy
21892.0 24519.0 32.0 56.0 ,

19107.0 24559.0 324.0 116.0 Long
19488.0 24559.0 280.0 104.0 I'lno
19792.0 24584.0 28.0 100.0 ;
19888.0 24559.0 452.0 104.0 ilcrcum
20387.0 24559.0 416.0 104.0 Martin
20824.0 24632.0 24.0 52.0 ,
20912.0 24559.0 308.0 104.0 Vork
21248.0 24588.0 32.0 96.0 ;
21388.0 24563.0 324.0 108.0 Isaac
21759.0 24563.0 160.0 112.0 11.

19104.0 24679.0 612.0 100.0 Alderman
19736.0 24748.0 24.0 40.0 ,
19808.0 24675.0 696.0 104.0 Alnswoith.

19124.0 24803.0 96.0 92.0 A
19256.0 24792.0 556.0 104.0 Pensions
19856.0 24807.0 368.0 96.0 granu
20259.0 24795.0 68.0 100.0 d
20411.0 24792.0 444.0 108.0 lowans
20884.0 24819.0 28.0 80.0 :
21016.0 24792.0 380.0 108.0 Minor
21440.0 24799.0 124.0 100.0 of
21619.0 24795.0 112.0 112.0 J.
21815.0 24799.0 84.0 100.0 1)
21863.0 24799.0 36.0 100.0 )
21911.0 24872.0 28.0 40.0 ,

19112.0 24908.0 516.0 104.0 Mershon
19644.0 24979.0 28.0 44.0 ,
19784.0 24908.0 620.0 104.0 Ulenwood
20431.0 24935.0 28.0 96.0 ;
20592.0 24912.0 436.0 104.0 mlnom
21135.0 24916.0 124.0 100.0 of
21359.0 24912.0 312.0 108.0 John
21783.0 24916.0 144.0 108.0 U.

19100.0 25028.0 360.0 100.0 Jones
19471.0 25099.0 24.0 40.0 ,
19548.0 25023.0 252.0 120.0 liny
19820.0 25023.0 292.0 108.0 ward
20144.0 25047.0 32.0 116.0 ;
20247.0 25028.0 252.0 100.0 Ada
20572.0 25032.0 132.0 96.0 A.
20720.0 25099.0 28.0 48.0 ,
20807.0 25028.0 404.0 104.0 widow
21291.0 25032.0 124.0 100.0 of
21508.0 25032.0 40.0 96.0 (
21568.0 25032.0 372.0 108.0 ieorge

19107.0 25147.0 32.0 88.0 (
19167.0 25139.0 364.0 104.0 illbort
19548.0 25215.0 24.0 48.0 ,
19623.0 25143.0 464.0 100.0 Charles
20136.0 25131.0 252.0 132.0 City
20416.0 25167.0 32.0 92.0 ;
20568.0 25139.0 484.0 112.0 Kloanor
21100.0 25143.0 108.0 108.0 S.
21228.0 25219.0 24.0 28.0 .
21303.0 25147.0 440.0 104.0 mother
21807.0 25152.0 128.0 100.0 of

19107.0 25259.0 400.0 104.0 Casius
19635.0 25255.0 152.0 104.0 M.
19912.0 25255.0 668.0 108.0 llambleton
20599.0 25331.0 24.0 36.0 ,
20756.0 25247.0 540.0 120.0 Marshall
21323.0 25287.0 32.0 96.0 ;
21540.0 25263.0 400.0 104.0 James

19107.0 25371.0 452.0 104.0 Aniand
19575.0 25447.0 24.0 44.0 ,
19652.0 25375.0 456.0 100.0 Charles
20156.0 25375.0 240.0 120.0 City
20443.0 25400.0 24.0 84.0 ;
20548.0 25375.0 400.0 104.0 Hiram
21031.0 25375.0 344.0 104.0 Hales
21388.0 25451.0 24.0 48.0 ,
21463.0 25379.0 412.0 108.0 Florist
21899.0 25407.0 32.0 100.0 ;

19104.0 25491.0 308.0 100.0 John
19476.0 25487.0 144.0 104.0 11.
19704.0 25491.0 300.0 100.0 Cook
20020.0 25560.0 24.0 52.0 ,
20100.0 25491.0 332.0 116.0 Casuy
20479.0 25516.0 32.0 88.0 ;
20572.0 25491.0 396.0 104.0 James
21012.0 25495.0 152.0 104.0 M.
21224.0 25495.0 356.0 108.0 Lamb
21588.0 25571.0 24.0 44.0 ,
21655.0 25499.0 248.0 104.0 Mar
21916.0 25543.0 28.0 40.0 >

19112.0 25607.0 520.0 108.0 tlnsbiirg
19652.0 25627.0 32.0 96.0 ;
19748.0 25607.0 392.0 104.0 James
20223.0 25607.0 324.0 108.0 1'arlt.
20616.0 25607.0 512.0 108.0 Knnncls
21151.0 25635.0 32.0 88.0 ;
21252.0 25611.0 500.0 108.0 Thomas
21800.0 25619.0 40.0 92.0 (
21855.0 25615.0 32.0 100.0 !
21899.0 25688.0 32.0 44.0 .

19124.0 25724.0 404.0 124.0 Drlpps
19536.0 25799.0 24.0 40.0 ,
19652.0 25724.0 576.0 112.0 deceased.
20320.0 25724.0 600.0 104.0 McCiiegoi
20959.0 25751.0 32.0 80.0 :
21096.0 25728.0 612.0 108.0 DenJamln
21795.0 25731.0 136.0 112.0 T.

19112.0 25839.0 508.0 100.0 Howerre
19628.0 25911.0 24.0 40.0 ,
19704.0 25839.0 500.0 120.0 Spi-ncer
20228.0 25863.0 28.0 100.0 ;
20320.0 25839.0 304.0 104.0 John
20732.0 25844.0 112.0 104.0 K.
20912.0 25844.0 336.0 124.0 I'eriy
21252.0 25919.0 28.0 48.0 ,
21335.0 25848.0 540.0 108.0 Cliarlton
21911.0 25875.0 32.0 96.0 ;

19116.0 25959.0 372.0 100.0 liaron
19587.0 25955.0 140.0 108.0 II.
19823.0 25955.0 364.0 100.0 Crane
20196.0 26027.0 24.0 48.0 ,
20320.0 25955.0 404.0 104.0 Mount
20816.0 25964.0 532.0 104.0 I'leasant
21371.0 25987.0 32.0 88.0 ;
21484.0 25964.0 464.0 108.0 Krastua

19124.0 26071.0 36.0 100.0 1
19179.0 26123.0 60.0 48.0 1.
19304.0 26071.0 400.0 100.0 Ilrowo
19719.0 26143.0 28.0 40.0 ,
19799.0 26071.0 456.0 104.0 Clinton
20291.0 26095.0 32.0 96.0 ;
20368.0 26075.0 576.0 108.0 JamusM.
20992.0 26075.0 464.0 108.0 Daniels
21463.0 26155.0 24.0 40.0 ,
21544.0 26083.0 332.0 104.0 Kk'ln
21908.0 26107.0 32.0 108.0 ;

19119.0 26187.0 456.0 104.0 Ueuberi
19632.0 26191.0 116.0 100.0 C.
19808.0 26187.0 296.0 104.0 J5liol
20115.0 26259.0 24.0 52.0 ,
20204.0 26191.0 284.0 104.0 Hear
20532.0 26195.0 32.0 96.0 (
20583.0 26195.0 312.0 100.0 Jrovo
20924.0 26219.0 28.0 104.0 ;
21004.0 26195.0 488.0 108.0 Stewart
21540.0 26199.0 360.0 128.0 Oxlcy
21904.0 26271.0 44.0 52.0 ,

19119.0 26303.0 448.0 108.0 Osiian.

19644.0 26443.0 492.0 84.0 IIANDM
20151.0 26491.0 24.0 40.0 ,
20192.0 26443.0 28.0 84.0 !
20240.0 26487.0 24.0 44.0 ,
20308.0 26443.0 132.0 88.0 IN
20484.0 26447.0 56.0 80.0 1
20580.0 26452.0 164.0 76.0 HE
20792.0 26447.0 596.0 92.0 CAIIlNI'.r.

19015.0 26540.0 24.0 112.0 1
19244.0 26536.0 108.0 108.0 It
19456.0 26540.0 204.0 104.0 has
19768.0 26543.0 268.0 100.0 been
20132.0 26543.0 596.0 116.0 siiBucsted
20840.0 26551.0 116.0 100.0 to
21060.0 26551.0 192.0 100.0 the
21368.0 26551.0 524.0 104.0 ntesldcn

19124.0 26651.0 144.0 124.0 by
19432.0 26679.0 64.0 76.0 a
19623.0 26660.0 456.0 108.0 nninbci
20259.0 26663.0 124.0 96.0 of
20556.0 26663.0 644.0 124.0 promldont
21320.0 26671.0 644.0 104.0 ilemorratii

19124.0 26771.0 244.0 104.0 that
19476.0 26771.0 84.0 104.0 It
19668.0 26775.0 368.0 104.0 would
20151.0 26771.0 128.0 104.0 bo
20408.0 26803.0 68.0 76.0 a
20635.0 26784.0 292.0 116.0 good
21072.0 26780.0 332.0 124.0 thing
21576.0 26784.0 96.0 104.0 If
21815.0 26787.0 128.0 100.0 hi
21944.0 26767.0 24.0 116.0 )

19128.0 26887.0 368.0 104.0 would
19555.0 26887.0 472.0 132.0 appoint
20076.0 26891.0 448.0 104.0 Samuel
20611.0 26891.0 64.0 108.0 J
20696.0 26963.0 28.0 40.0 ,
20824.0 26895.0 484.0 104.0 Itandall
21392.0 26907.0 572.0 120.0 secretary

19128.0 27007.0 124.0 92.0 nf
19375.0 27003.0 188.0 104.0 the
19671.0 27015.0 536.0 112.0 treasury.
20339.0 27007.0 244.0 104.0 Tlio
20748.0 27007.0 648.0 124.0 gentlemen
21484.0 27015.0 488.0 124.0 making

19128.0 27119.0 316.0 100.0 these
19528.0 27127.0 724.0 112.0 suggestions
20356.0 27148.0 188.0 80.0 are
20712.0 27151.0 492.0 84.0 revenue
21311.0 27131.0 604.0 104.0 reformers
21928.0 27203.0 28.0 44.0 ,

19124.0 27235.0 324.0 120.0 They
19492.0 27235.0 280.0 108.0 hi\e
19567.0 27263.0 24.0 76.0 :
19816.0 27239.0 408.0 104.0 argued
20283.0 27243.0 112.0 100.0 to
20484.0 27243.0 188.0 100.0 tlm
20783.0 27243.0 580.0 116.0 president
21472.0 27247.0 244.0 104.0 that
21768.0 27251.0 200.0 104.0 the

19140.0 27375.0 484.0 80.0 unenuo
19671.0 27359.0 600.0 100.0 reformers
20339.0 27352.0 220.0 108.0 \\lll
20616.0 27383.0 344.0 80.0 nfi\er
21052.0 27359.0 132.0 100.0 be
21272.0 27363.0 244.0 100.0 able
21631.0 27371.0 332.0 100.0 tono-

19131.0 27467.0 548.0 120.0 compllsh
19727.0 27476.0 564.0 136.0 anything
20360.0 27495.0 124.0 80.0 as
20592.0 27472.0 272.0 120.0 long
20956.0 27503.0 124.0 76.0 as
21151.0 27476.0 480.0 108.0 Uundull
21687.0 27479.0 96.0 104.0 Is
21831.0 27483.0 132.0 108.0 IH

19136.0 27587.0 188.0 100.0 the
19372.0 27592.0 372.0 100.0 house.
19876.0 27579.0 320.0 128.0 They
20240.0 27611.0 176.0 100.0 saj
20491.0 27587.0 556.0 108.0 therefore
21139.0 27596.0 244.0 104.0 that
21428.0 27596.0 188.0 104.0 the
21667.0 27619.0 260.0 116.0 presIdent
21928.0 27647.0 40.0 40.0 -

19140.0 27699.0 320.0 108.0 Ident
19512.0 27699.0 364.0 112.0 would
19931.0 27703.0 328.0 104.0 make
20303.0 27735.0 64.0 72.0 a
20419.0 27716.0 412.0 96.0 master
20872.0 27711.0 380.0 104.0 stroke
21344.0 27711.0 136.0 120.0 by
21540.0 27695.0 416.0 144.0 taking

19143.0 27819.0 480.0 104.0 Itandall
19676.0 27819.0 244.0 104.0 Into
19951.0 27823.0 188.0 104.0 the
20187.0 27823.0 328.0 104.0 cibln
20532.0 27851.0 24.0 52.0 <
20563.0 27836.0 108.0 92.0 it.

19268.0 27935.0 872.0 108.0 WAniiisoioN
20151.0 28011.0 24.0 44.0 ,
20232.0 27939.0 380.0 104.0 March
20655.0 27943.0 92.0 104.0 3.
20891.0 27939.0 104.0 108.0 It
21048.0 27939.0 96.0 108.0 U
21183.0 27943.0 368.0 104.0 slated
21600.0 27955.0 120.0 96.0 at
21771.0 27947.0 120.0 100.0 th

19152.0 28055.0 332.0 104.0 Ahltc
19531.0 28055.0 348.0 108.0 house
19927.0 28063.0 244.0 100.0 Hut
20240.0 28055.0 504.0 108.0 bi'tietar
20751.0 28087.0 48.0 100.0 )
20944.0 28055.0 488.0 112.0 Manuln
21523.0 28067.0 96.0 100.0 'ij
21723.0 28084.0 208.0 92.0 auf
21932.0 28099.0 32.0 56.0 >
