22552 28936
7868.0 96.0 544.0 120.0 SfWJW
8504.0 124.0 84.0 44.0 "
8592.0 100.0 28.0 16.0 "
8620.0 100.0 32.0 60.0 11

4784.0 684.0 2032.0 800.0 THE
8000.0 716.0 3456.0 764.0 OMAHA
12624.0 680.0 2832.0 800.0 DAILY
16512.0 692.0 1792.0 800.0 BEE
18304.0 1364.0 64.0 128.0 ,

1132.0 2092.0 1708.0 200.0 SIXTEENTH
2980.0 2092.0 852.0 196.0 YEAE.
8232.0 2116.0 1124.0 204.0 OMAHA.
9580.0 2116.0 1228.0 192.0 .MONDAY
11124.0 2080.0 1328.0 220.0 MORNING
12476.0 2240.0 48.0 76.0 ,
12776.0 2108.0 1028.0 208.0 MARCH
14020.0 2124.0 120.0 176.0 7
14160.0 2248.0 40.0 68.0 ,
14404.0 2124.0 544.0 184.0 1887.
20124.0 2092.0 1252.0 200.0 NUMBER
21587.0 2080.0 368.0 192.0 261

1136.0 2608.0 872.0 248.0 BEECHER
2196.0 2600.0 728.0 240.0 SLOWLY
3136.0 2596.0 744.0 240.0 SINKING
3912.0 2768.0 36.0 64.0 ,

1144.0 3172.0 204.0 136.0 All
1420.0 3176.0 324.0 168.0 Hope
1864.0 3168.0 704.0 136.0 Abandoned
2688.0 3168.0 128.0 128.0 of
2924.0 3164.0 196.0 128.0 the
3196.0 3160.0 576.0 164.0 Recovery
3848.0 3156.0 132.0 128.0 of

1888.0 3356.0 200.0 132.0 the
2156.0 3352.0 532.0 132.0 Eminent
2776.0 3344.0 408.0 132.0 Divine
3196.0 3428.0 28.0 44.0 ,

1156.0 3780.0 332.0 116.0 THE
1576.0 3776.0 984.0 116.0 INEVITABLE
2696.0 3768.0 328.0 112.0 END
3152.0 3764.0 212.0 112.0 AT
3452.0 3760.0 512.0 120.0 HAND.

1160.0 4244.0 204.0 96.0 lie
1448.0 4232.0 636.0 104.0 Rcmalna
2156.0 4228.0 936.0 104.0 Unconscious
3144.0 4228.0 524.0 120.0 During
3736.0 4232.0 236.0 96.0 the

1436.0 4408.0 280.0 112.0 Way
1792.0 4404.0 268.0 96.0 and
2144.0 4408.0 512.0 92.0 Suffers
2712.0 4400.0 184.0 100.0 No
2968.0 4396.0 336.0 100.0 Pain
3436.0 4400.0 280.0 100.0 The

1636.0 4572.0 268.0 100.0 Sail
1988.0 4572.0 372.0 100.0 NOWH
2440.0 4572.0 844.0 100.0 Announced
3364.0 4568.0 136.0 100.0 In

2056.0 4740.0 228.0 100.0 the
2356.0 4740.0 748.0 104.0 Churches.

1852.0 5123.0 448.0 104.0 Tcath
2384.0 5132.0 452.0 92.0 Ira\\H

1292.0 5264.0 308.0 108.0 NEW
1692.0 5264.0 360.0 108.0 YOIIK
2068.0 5340.0 28.0 40.0 ,
2148.0 5264.0 380.0 108.0 March
2580.0 5272.0 100.0 96.0 0.
2824.0 5272.0 160.0 96.0 At
3068.0 5272.0 56.0 92.0 8
3220.0 5292.0 100.0 84.0 p.
3380.0 5292.0 140.0 76.0 m.
3584.0 5259.0 400.0 120.0 Henry

1176.0 5408.0 340.0 108.0 Ward
1568.0 5404.0 592.0 112.0 Bcccher's
2204.0 5404.0 584.0 112.0 condition
2884.0 5400.0 576.0 108.0 remained
3516.0 5404.0 476.0 104.0 without

1172.0 5548.0 632.0 112.0 noticeable
1884.0 5552.0 468.0 104.0 chance.
2484.0 5548.0 180.0 104.0 Ho
2760.0 5544.0 96.0 108.0 is
2952.0 5556.0 188.0 112.0 yet
3232.0 5544.0 760.0 112.0 unconscious

1176.0 5696.0 228.0 100.0 nnd
1444.0 5692.0 96.0 104.0 Is
1588.0 5688.0 248.0 108.0 said
1928.0 5700.0 112.0 92.0 to
2088.0 5688.0 132.0 104.0 bo
2264.0 5688.0 400.0 124.0 slowly
2752.0 5684.0 500.0 120.0 sinking.
3388.0 5688.0 180.0 104.0 Ho
3608.0 5716.0 384.0 80.0 moves

1172.0 5832.0 176.0 104.0 his
1436.0 5832.0 304.0 124.0 right
1844.0 5832.0 312.0 104.0 hand
2248.0 5828.0 792.0 128.0 occasionally.
3184.0 5828.0 324.0 124.0 Long
3612.0 5832.0 384.0 104.0 before

1172.0 5976.0 516.0 124.0 daylight
1772.0 5972.0 228.0 108.0 this
2092.0 5972.0 536.0 124.0 mornlnc
2712.0 5972.0 88.0 104.0 it
2892.0 5999.0 232.0 80.0 was
3220.0 5972.0 448.0 108.0 noticed
3752.0 5972.0 244.0 108.0 that

1176.0 6140.0 348.0 100.0 many
1572.0 6144.0 308.0 76.0 more
1972.0 6116.0 400.0 124.0 people
2428.0 6144.0 300.0 76.0 were
2776.0 6144.0 144.0 76.0 on
2996.0 6116.0 192.0 104.0 the
3272.0 6120.0 400.0 100.0 streets
3716.0 6116.0 276.0 104.0 than

1180.0 6284.0 232.0 76.0 was
1460.0 6260.0 316.0 104.0 usual
1832.0 6260.0 112.0 100.0 In
2000.0 6260.0 188.0 104.0 the
2240.0 6256.0 464.0 124.0 vicinity
2756.0 6264.0 120.0 96.0 of
2964.0 6260.0 188.0 104.0 the
3204.0 6256.0 492.0 112.0 Beecher
3740.0 6256.0 216.0 108.0 resi-

1172.0 6416.0 360.0 88.0 dence
1540.0 6471.0 24.0 48.0 ,
1664.0 6400.0 224.0 104.0 and
1944.0 6400.0 144.0 124.0 by
2180.0 6412.0 60.0 92.0 S
2332.0 6400.0 424.0 108.0 o'clock
2828.0 6400.0 312.0 104.0 there
3224.0 6424.0 232.0 80.0 was
3544.0 6400.0 304.0 124.0 quite
3932.0 6432.0 68.0 72.0 a

1172.0 6544.0 372.0 104.0 crowd
1640.0 6539.0 452.0 128.0 eagerly
2144.0 6544.0 468.0 120.0 looking
2700.0 6548.0 172.0 96.0 for
2964.0 6539.0 188.0 108.0 the
3200.0 6544.0 236.0 104.0 first
3480.0 6539.0 472.0 108.0 bulletin
3968.0 6612.0 24.0 40.0 ,

1176.0 6692.0 164.0 96.0 At
1440.0 6688.0 64.0 96.0 0
1604.0 6680.0 428.0 112.0 o'clock
2144.0 6684.0 188.0 108.0 the
2436.0 6684.0 604.0 128.0 following
3148.0 6684.0 484.0 108.0 bulletin
3768.0 6712.0 236.0 80.0 was

1184.0 6824.0 376.0 108.0 Issued
1592.0 6852.0 28.0 80.0 :

1304.0 6972.0 572.0 104.0 "Beecher
1968.0 6976.0 92.0 96.0 Is
2144.0 6972.0 340.0 104.0 about
2576.0 6976.0 188.0 100.0 the
2828.0 7000.0 340.0 80.0 same.
3304.0 6972.0 72.0 104.0 >
3376.0 6988.0 108.0 92.0 lo
3568.0 6972.0 436.0 124.0 change

1180.0 7084.0 324.0 108.0 since
1552.0 7088.0 220.0 104.0 last
1820.0 7084.0 360.0 120.0 night.
2196.0 7088.0 68.0 56.0 "

1300.0 7228.0 248.0 104.0 Tlio
1596.0 7232.0 240.0 100.0 first
1920.0 7228.0 476.0 108.0 bulletin
2456.0 7256.0 232.0 80.0 was
2732.0 7232.0 408.0 120.0 signed
3216.0 7228.0 148.0 116.0 by
3408.0 7228.0 192.0 104.0 Dr.
3656.0 7224.0 176.0 116.0 W.
3884.0 7228.0 112.0 104.0 S.

1180.0 7368.0 444.0 108.0 Scarlcs
1636.0 7444.0 24.0 48.0 ,
1720.0 7368.0 592.0 108.0 Beceher's
2404.0 7372.0 396.0 108.0 family
2868.0 7368.0 584.0 128.0 physician
3472.0 7440.0 24.0 48.0 ,
3552.0 7368.0 228.0 104.0 and
3880.0 7392.0 124.0 76.0 as

1184.0 7508.0 92.0 108.0 It
1384.0 7540.0 232.0 76.0 was
1744.0 7512.0 396.0 124.0 posted
2296.0 7536.0 144.0 76.0 on
2572.0 7512.0 188.0 100.0 the
2888.0 7508.0 600.0 116.0 door-post
3608.0 7504.0 396.0 124.0 people

1184.0 7652.0 516.0 108.0 crowded
1796.0 7656.0 192.0 100.0 tl.o
2072.0 7660.0 332.0 112.0 stoop
2448.0 7660.0 116.0 92.0 to
2648.0 7656.0 260.0 96.0 read
2964.0 7648.0 112.0 104.0 It.
3208.0 7648.0 372.0 104.0 There
3664.0 7676.0 228.0 76.0 was
3936.0 7676.0 60.0 76.0 n

1180.0 7796.0 436.0 120.0 feeling
1780.0 7796.0 124.0 100.0 of
2112.0 7792.0 812.0 104.0 thankfulness
3132.0 7788.0 440.0 124.0 plainly
3796.0 7788.0 168.0 108.0 vis-

1184.0 7932.0 220.0 104.0 ible
1480.0 7960.0 148.0 76.0 on
1744.0 7932.0 292.0 108.0 their
2116.0 7940.0 844.0 100.0 countenances
3052.0 7932.0 244.0 104.0 that
3400.0 7951.0 192.0 88.0 tne
3640.0 7932.0 204.0 108.0 life
3888.0 7936.0 124.0 100.0 of

1188.0 8076.0 192.0 104.0 the
1424.0 8072.0 624.0 108.0 illustrious
2096.0 8072.0 396.0 108.0 divine
2540.0 8100.0 232.0 80.0 was
2816.0 8076.0 240.0 104.0 still
3124.0 8080.0 396.0 108.0 spared
3536.0 8151.0 24.0 48.0 ,
3612.0 8076.0 228.0 104.0 and
3888.0 8104.0 124.0 76.0 as

1192.0 8216.0 196.0 108.0 the
1468.0 8216.0 220.0 128.0 day
1776.0 8216.0 588.0 108.0 advanced
2456.0 8216.0 188.0 108.0 the
2732.0 8216.0 412.0 124.0 throng
3220.0 8244.0 144.0 80.0 on
3460.0 8219.0 192.0 104.0 the
3736.0 8216.0 248.0 108.0 side-

1184.0 8359.0 360.0 104.0 walks
1592.0 8364.0 124.0 100.0 of
1800.0 8359.0 344.0 108.0 Clark
2216.0 8359.0 228.0 108.0 and
2536.0 8359.0 364.0 108.0 Hicks
2988.0 8368.0 404.0 100.0 streets
3468.0 8359.0 548.0 108.0 rendered

1184.0 8504.0 200.0 104.0 the
1420.0 8508.0 364.0 100.0 street
1860.0 8504.0 420.0 104.0 almost
2356.0 8504.0 704.0 124.0 Impassable.
3196.0 8504.0 144.0 104.0 In
3404.0 8508.0 200.0 100.0 the
3636.0 8504.0 388.0 108.0 crowd

1188.0 8672.0 300.0 80.0 were
1692.0 8648.0 400.0 120.0 people
2256.0 8652.0 120.0 100.0 of
2580.0 8672.0 336.0 100.0 every
3096.0 8644.0 420.0 108.0 station
3532.0 8720.0 24.0 44.0 ,
3728.0 8648.0 292.0 104.0 from

1192.0 8792.0 192.0 104.0 the
1588.0 8788.0 684.0 108.0 millionaire
2516.0 8792.0 116.0 100.0 to
2916.0 8788.0 192.0 108.0 the
3352.0 8816.0 672.0 100.0 prosperous

1196.0 8932.0 644.0 108.0 tradesmen
2000.0 8932.0 232.0 104.0 nnd
2380.0 8959.0 272.0 92.0 poor
2776.0 8932.0 528.0 108.0 laborers.
3436.0 8932.0 248.0 104.0 The
3824.0 8959.0 140.0 76.0 ex-

1200.0 9076.0 580.0 124.0 pressions
1904.0 9080.0 124.0 100.0 of
2172.0 9076.0 600.0 128.0 sympathy
2940.0 9076.0 232.0 104.0 nnd
3336.0 9076.0 692.0 104.0 condolence

1204.0 9220.0 252.0 104.0 that
1500.0 9244.0 292.0 80.0 were
1840.0 9220.0 332.0 104.0 heard
2228.0 9244.0 144.0 80.0 on
2460.0 9220.0 152.0 104.0 all
2664.0 9220.0 304.0 104.0 sides
3048.0 9220.0 276.0 116.0 only
3396.0 9220.0 320.0 104.0 made
3800.0 9244.0 144.0 80.0 an-

1204.0 9363.0 320.0 100.0 other
1572.0 9360.0 552.0 128.0 powerful
2180.0 9360.0 624.0 108.0 indication
2860.0 9363.0 124.0 100.0 of
3056.0 9360.0 184.0 104.0 the
3288.0 9356.0 272.0 128.0 high
3608.0 9363.0 412.0 104.0 esteem

1212.0 9503.0 116.0 104.0 in
1384.0 9503.0 364.0 108.0 which
1800.0 9503.0 188.0 108.0 the
2032.0 9503.0 600.0 124.0 Plymouth
2684.0 9507.0 380.0 120.0 pastor
3100.0 9528.0 232.0 80.0 was
3380.0 9503.0 260.0 104.0 held
3688.0 9503.0 144.0 124.0 by
3876.0 9503.0 148.0 104.0 all

1208.0 9643.0 444.0 108.0 classes.
1788.0 9643.0 448.0 124.0 During
2324.0 9648.0 184.0 104.0 thu
2556.0 9648.0 540.0 120.0 morning
3168.0 9672.0 372.0 80.0 scores
3604.0 9648.0 128.0 100.0 of
3808.0 9676.0 188.0 76.0 car-

1212.0 9788.0 364.0 128.0 riages
1620.0 9792.0 344.0 104.0 diove
2012.0 9796.0 248.0 120.0 past
2304.0 9792.0 184.0 100.0 the
2528.0 9792.0 344.0 100.0 house
2900.0 9788.0 232.0 104.0 and
3172.0 9788.0 192.0 104.0 the
3412.0 9792.0 620.0 120.0 occupants

1212.0 9936.0 124.0 96.0 of
1404.0 9960.0 340.0 88.0 many
1788.0 9936.0 124.0 100.0 of
1980.0 9932.0 304.0 104.0 them
2372.0 9928.0 500.0 128.0 alighted
2920.0 9932.0 232.0 104.0 and
3196.0 9928.0 448.0 108.0 walked
3716.0 9956.0 156.0 100.0 up
3916.0 9936.0 116.0 100.0 to

1216.0 10076.0 188.0 104.0 the
1448.0 10076.0 472.0 104.0 bulletin
2008.0 10076.0 228.0 104.0 nnd
2304.0 10076.0 268.0 100.0 then
2624.0 10072.0 528.0 128.0 departed
3168.0 10148.0 24.0 48.0 ,
3252.0 10072.0 344.0 104.0 while
3644.0 10072.0 380.0 108.0 others

1212.0 10216.0 220.0 104.0 left
1520.0 10216.0 288.0 104.0 their
1896.0 10224.0 324.0 100.0 cards
2308.0 10212.0 272.0 108.0 with
2652.0 10216.0 188.0 104.0 the
2884.0 10216.0 636.0 104.0 attendant.
3652.0 10216.0 380.0 104.0 Those

1212.0 10360.0 260.0 104.0 who
1556.0 10383.0 292.0 76.0 weio
1936.0 10383.0 304.0 80.0 more
2328.0 10356.0 644.0 120.0 Intimately
3016.0 10356.0 680.0 124.0 acquainted
3744.0 10383.0 292.0 80.0 were

1212.0 10500.0 548.0 104.0 admitted
1800.0 10500.0 244.0 104.0 into
2092.0 10500.0 188.0 104.0 the
2368.0 10500.0 352.0 104.0 house
2784.0 10500.0 228.0 104.0 nnd
3104.0 10504.0 324.0 100.0 made
3480.0 10500.0 556.0 128.0 Inquiries

1212.0 10643.0 692.0 120.0 concerning
1980.0 10640.0 184.0 104.0 tlio
2212.0 10640.0 444.0 124.0 patient
2700.0 10643.0 648.0 124.0 personally
3352.0 10715.0 28.0 52.0 ,
3476.0 10643.0 196.0 104.0 but
3756.0 10640.0 280.0 124.0 only

1216.0 10783.0 644.0 104.0 immediate
1892.0 10783.0 444.0 104.0 friends
2372.0 10787.0 120.0 96.0 of
2528.0 10783.0 188.0 104.0 tlio
2764.0 10783.0 404.0 116.0 family
3216.0 10808.0 292.0 84.0 were
3552.0 10783.0 480.0 104.0 allowed

1232.0 10923.0 116.0 108.0 In
1444.0 10923.0 188.0 104.0 the
1720.0 10923.0 244.0 108.0 sick
2052.0 10923.0 556.0 108.0 chamber.
2736.0 10923.0 368.0 104.0 There
3152.0 10952.0 232.0 76.0 was
3392.0 11000.0 24.0 48.0 ,
3472.0 10928.0 528.0 104.0 however
4000.0 11000.0 28.0 44.0 ,

1220.0 11096.0 144.0 76.0 an
1456.0 11068.0 596.0 120.0 exception
2148.0 11064.0 320.0 108.0 made
2556.0 11068.0 116.0 100.0 In
2768.0 11068.0 192.0 104.0 the
3044.0 11096.0 252.0 76.0 case
3368.0 11068.0 124.0 100.0 of
3556.0 11068.0 272.0 104.0 llov.
3876.0 11068.0 144.0 104.0 T.

1228.0 11208.0 464.0 112.0 DeWitt
1848.0 11208.0 540.0 124.0 Talmage
2396.0 11284.0 24.0 48.0 ,
2596.0 11208.0 256.0 104.0 who
2972.0 11208.0 360.0 108.0 called
3456.0 11208.0 276.0 104.0 with
3856.0 11208.0 180.0 104.0 his

1228.0 11356.0 552.0 116.0 daughter
1828.0 11348.0 336.0 108.0 Edith
2216.0 11352.0 336.0 100.0 about
2600.0 11356.0 232.0 96.0 1:30
2676.0 11376.0 28.0 76.0 :
2876.0 11380.0 116.0 96.0 p.
3056.0 11380.0 136.0 76.0 m.
3208.0 11420.0 28.0 36.0 .
3332.0 11352.0 232.0 104.0 and
3612.0 11352.0 140.0 104.0 lie
3804.0 11376.0 232.0 80.0 was

1228.0 11496.0 544.0 100.0 admitted
1868.0 11496.0 244.0 100.0 Into
2204.0 11492.0 592.0 104.0 Beeuhcr's
2884.0 11516.0 564.0 100.0 presence.
3580.0 11492.0 452.0 104.0 Fifteen

1232.0 11640.0 496.0 100.0 minutes
1760.0 11636.0 284.0 104.0 Ihter
2084.0 11636.0 540.0 120.0 Talmngc
2672.0 11636.0 208.0 104.0 left
2924.0 11636.0 188.0 104.0 the
3144.0 11636.0 380.0 104.0 house.
3652.0 11636.0 384.0 104.0 About

1232.0 11760.0 112.0 92.0 10
1428.0 11752.0 420.0 104.0 o'clock
1932.0 11752.0 228.0 104.0 this
2244.0 11752.0 532.0 124.0 morning
2864.0 11752.0 188.0 104.0 Dr.
3152.0 11752.0 652.0 104.0 Hammond
3872.0 11780.0 124.0 76.0 ar-

1228.0 11867.0 312.0 104.0 rived
1588.0 11880.0 116.0 92.0 nt
1788.0 11872.0 188.0 100.0 thu
2020.0 11872.0 348.0 100.0 house
2408.0 11872.0 232.0 100.0 and
2720.0 11892.0 148.0 80.0 an
2944.0 11867.0 284.0 104.0 hour
3272.0 11867.0 280.0 108.0 later
3600.0 11867.0 188.0 104.0 the
3836.0 11872.0 160.0 100.0 fol-

1236.0 11987.0 200.0 100.0 low
1468.0 11987.0 196.0 120.0 Ing
1712.0 11984.0 472.0 100.0 bulletin
2248.0 12008.0 232.0 80.0 was
2528.0 11987.0 392.0 132.0 posted
2956.0 12008.0 24.0 76.0 :

1360.0 12104.0 392.0 100.0 "Prof.
1824.0 12100.0 164.0 108.0 W.
2036.0 12100.0 556.0 104.0 Hulmuth
2604.0 12172.0 28.0 48.0 ,
2688.0 12104.0 120.0 96.0 of
2872.0 12100.0 288.0 104.0 New
3220.0 12100.0 312.0 104.0 York
3540.0 12176.0 24.0 44.0 ,
3620.0 12104.0 116.0 100.0 In
3788.0 12123.0 208.0 84.0 con-

1232.0 12216.0 536.0 104.0 sultation
1784.0 12288.0 28.0 52.0 ,
1892.0 12220.0 360.0 140.0 freely
2292.0 12220.0 524.0 100.0 confirms
2864.0 12220.0 188.0 100.0 the
3096.0 12220.0 472.0 108.0 opinion
3624.0 12220.0 44.0 100.0 !
3672.0 12220.0 116.0 96.0 of
3852.0 12228.0 192.0 92.0 the

1232.0 12335.0 688.0 120.0 physicians.
2116.0 12335.0 496.0 100.0 Beecher
2720.0 12335.0 96.0 100.0 Is
2900.0 12335.0 596.0 120.0 gradually
3584.0 12331.0 444.0 128.0 falling.

1236.0 12448.0 188.0 100.0 lie
1476.0 12475.0 252.0 96.0 may
1732.0 12524.0 28.0 48.0 ,
1816.0 12452.0 524.0 100.0 however
2340.0 12520.0 28.0 44.0 ,
2424.0 12448.0 220.0 108.0 live
2692.0 12452.0 180.0 96.0 for
2936.0 12475.0 312.0 76.0 some
3292.0 12452.0 312.0 124.0 days.
3616.0 12452.0 68.0 52.0 "

1352.0 12564.0 296.0 104.0 That
1720.0 12564.0 148.0 104.0 nil
1920.0 12568.0 284.0 104.0 hope
2288.0 12588.0 236.0 80.0 was
2616.0 12568.0 336.0 100.0 elvon
3048.0 12592.0 152.0 96.0 up
3284.0 12592.0 232.0 76.0 was
3608.0 12564.0 436.0 124.0 plainly

1228.0 12679.0 580.0 104.0 Indicated
1860.0 12679.0 140.0 124.0 by
2052.0 12679.0 220.0 104.0 this
2316.0 12679.0 480.0 104.0 bulletin
2852.0 12684.0 228.0 100.0 and
3148.0 12688.0 192.0 96.0 the
3428.0 12684.0 444.0 100.0 rcmaik
3920.0 12684.0 124.0 96.0 of

1228.0 12795.0 272.0 104.0 Kev.
1552.0 12792.0 472.0 108.0 DoWItt
2060.0 12795.0 588.0 120.0 ri'almage
2652.0 12871.0 28.0 48.0 ,
2740.0 12795.0 160.0 104.0 "it
2952.0 12799.0 92.0 100.0 is
3132.0 12820.0 272.0 100.0 very
3484.0 12799.0 432.0 104.0 serious
3924.0 12871.0 24.0 48.0 ,
3964.0 12799.0 68.0 52.0 "

1228.0 12939.0 128.0 76.0 as
1404.0 12912.0 140.0 100.0 ho
1588.0 12920.0 404.0 112.0 passed
2040.0 12920.0 192.0 92.0 out
2236.0 12984.0 28.0 32.0 ,

1344.0 13024.0 208.0 104.0 Mr.
1608.0 13028.0 540.0 120.0 llalliday
2192.0 13024.0 612.0 108.0 continued
2856.0 13028.0 192.0 104.0 the
3092.0 13028.0 488.0 104.0 services
3624.0 13036.0 116.0 96.0 at
3788.0 13028.0 208.0 124.0 Ply-

1228.0 13143.0 384.0 100.0 mouth
1656.0 13143.0 420.0 100.0 church
2124.0 13139.0 224.0 104.0 this
2400.0 13143.0 528.0 116.0 morning
2932.0 13215.0 28.0 40.0 ,
3012.0 13147.0 228.0 100.0 and
3280.0 13151.0 120.0 96.0 at
3448.0 13151.0 112.0 92.0 11
3608.0 13147.0 424.0 104.0 o'clock

1228.0 13288.0 64.0 72.0 n
1336.0 13260.0 472.0 100.0 bulletin
1864.0 13283.0 232.0 80.0 was
2144.0 13256.0 256.0 104.0 read
2452.0 13264.0 116.0 96.0 to
2612.0 13260.0 188.0 100.0 the
2844.0 13264.0 848.0 120.0 congregation.
3788.0 13264.0 244.0 100.0 The

1228.0 13376.0 332.0 104.0 elfoct
1596.0 13376.0 124.0 100.0 ot
1792.0 13376.0 88.0 104.0 It
1928.0 13400.0 232.0 80.0 was
2208.0 13376.0 628.0 104.0 noticeable
2924.0 13400.0 148.0 80.0 on
3156.0 13380.0 188.0 100.0 the
3428.0 13403.0 564.0 96.0 congrega-

1228.0 13492.0 240.0 100.0 tion
1520.0 13492.0 144.0 120.0 by
1708.0 13492.0 192.0 104.0 the
1948.0 13492.0 476.0 100.0 number
2464.0 13496.0 124.0 92.0 of
2652.0 13475.0 880.0 120.0 handkerchiefs
3620.0 13508.0 116.0 88.0 In
3832.0 13520.0 200.0 76.0 use

1228.0 13607.0 232.0 104.0 and
1508.0 13611.0 188.0 96.0 tlio
1740.0 13607.0 372.0 104.0 stilled
2152.0 13607.0 408.0 100.0 sobsot
2612.0 13632.0 340.0 92.0 many
2996.0 13611.0 124.0 96.0 of
3164.0 13611.0 320.0 100.0 those
3528.0 13623.0 492.0 100.0 present.

1228.0 13728.0 168.0 96.0 At
1440.0 13724.0 188.0 100.0 the
1672.0 13724.0 412.0 104.0 church
2132.0 13724.0 124.0 100.0 of
2296.0 13724.0 536.0 112.0 Talmage
2900.0 13732.0 188.0 96.0 the
3132.0 13751.0 336.0 76.0 scene
3516.0 13728.0 292.0 100.0 after
3840.0 13728.0 192.0 100.0 the

1228.0 13840.0 544.0 104.0 reverend
1816.0 13836.0 752.0 128.0 gentleman's
2616.0 13864.0 412.0 100.0 prayer
3112.0 13868.0 240.0 76.0 was
3436.0 13844.0 412.0 100.0 almost
3908.0 13868.0 124.0 76.0 as

1236.0 13951.0 592.0 124.0 nllcctlng.
1952.0 13955.0 540.0 116.0 Talmago
2540.0 13968.0 324.0 88.0 made
2948.0 13984.0 68.0 76.0 n
3060.0 13980.0 268.0 96.0 very
3412.0 13964.0 400.0 96.0 tender
3856.0 13984.0 144.0 92.0 ap-

1232.0 14072.0 256.0 116.0 peal
1540.0 14095.0 152.0 76.0 on
1748.0 14056.0 384.0 116.0 behalf
2196.0 14072.0 128.0 96.0 of
2404.0 14072.0 520.0 100.0 Beecher.
3064.0 14068.0 168.0 104.0 He
3320.0 14072.0 420.0 124.0 prajed
3832.0 14079.0 168.0 96.0 fer-

1236.0 14188.0 404.0 116.0 vently
1736.0 14192.0 184.0 92.0 for
2012.0 14192.0 200.0 96.0 the
2284.0 14184.0 424.0 108.0 Divlno
2760.0 14184.0 508.0 120.0 blessing
3344.0 14211.0 156.0 76.0 on
3580.0 14192.0 200.0 96.0 the
3876.0 14196.0 164.0 92.0 at-

1252.0 14300.0 368.0 104.0 lllctcd
1676.0 14300.0 532.0 120.0 preacher
2204.0 14368.0 32.0 40.0 ,
2308.0 14300.0 228.0 100.0 and
2624.0 14300.0 448.0 100.0 alluded
3160.0 14308.0 116.0 96.0 to
3356.0 14300.0 500.0 104.0 Bcechor
3912.0 14328.0 124.0 72.0 ns

1228.0 14419.0 192.0 96.0 tlio
1468.0 14415.0 376.0 100.0 friend
1908.0 14415.0 124.0 96.0 of
2116.0 14415.0 192.0 96.0 the
2392.0 14411.0 680.0 100.0 millionaire
3076.0 14483.0 28.0 48.0 ,
3196.0 14411.0 376.0 100.0 friend
3652.0 14415.0 124.0 92.0 of
3844.0 14396.0 188.0 116.0 the

1220.0 14532.0 796.0 116.0 worklngman
2032.0 14596.0 28.0 52.0 ,
2172.0 14528.0 208.0 96.0 the
2460.0 14528.0 604.0 100.0 friendless
3072.0 14596.0 28.0 48.0 ,
3188.0 14528.0 236.0 100.0 and
3508.0 14524.0 152.0 104.0 nil
3724.0 14547.0 256.0 80.0 men
3992.0 14600.0 28.0 48.0 ,

1232.0 14644.0 512.0 104.0 whether
1784.0 14640.0 236.0 104.0 rich
2068.0 14664.0 124.0 76.0 or
2232.0 14664.0 300.0 76.0 uoor.

1340.0 14759.0 164.0 100.0 At
1544.0 14759.0 240.0 100.0 2:30
1628.0 14784.0 24.0 76.0 :
1828.0 14784.0 100.0 96.0 p.
1984.0 14780.0 144.0 76.0 m.
2184.0 14755.0 224.0 104.0 tills
2452.0 14751.0 468.0 104.0 bulletin
2972.0 14755.0 556.0 124.0 appeared
3560.0 14780.0 28.0 76.0 :

1348.0 14876.0 264.0 104.0 "Dr.
1664.0 14872.0 656.0 104.0 Hammond
2364.0 14872.0 92.0 100.0 Is
2496.0 14872.0 116.0 100.0 In
2648.0 14872.0 808.0 108.0 consultation.
3536.0 14872.0 496.0 104.0 Beecher

1232.0 14988.0 96.0 104.0 is
1376.0 14992.0 116.0 100.0 In
1544.0 15019.0 68.0 72.0 a
1644.0 14996.0 292.0 96.0 state
1980.0 14992.0 128.0 96.0 of
2148.0 14988.0 660.0 140.0 deopfolna
2876.0 14988.0 148.0 100.0 alt
3112.0 14988.0 256.0 116.0 day.
3500.0 14988.0 184.0 108.0 No
3760.0 14992.0 252.0 112.0 sign

1232.0 15112.0 128.0 96.0 of
1404.0 15107.0 264.0 120.0 pain
1720.0 15132.0 128.0 76.0 or
1888.0 15095.0 856.0 112.0 consciousness
2788.0 15107.0 124.0 96.0 ot
2956.0 15128.0 228.0 92.0 any
3232.0 15103.0 276.0 100.0 sort.
3648.0 15103.0 364.0 104.0 Death

1224.0 15219.0 664.0 108.0 considered
1932.0 15219.0 420.0 104.0 coitaiu
2368.0 15291.0 28.0 52.0 ,
2452.0 15219.0 192.0 100.0 but
2688.0 15219.0 120.0 100.0 at
2848.0 15239.0 148.0 80.0 an
3068.0 15219.0 592.0 104.0 Indefinite
3708.0 15219.0 272.0 104.0 time
4004.0 15287.0 24.0 52.0 ,

1232.0 15340.0 536.0 120.0 probably
1836.0 15340.0 408.0 112.0 to-day.
2256.0 15332.0 72.0 56.0 "

1356.0 15456.0 344.0 104.0 Sineo
1748.0 15452.0 188.0 104.0 tlio
1980.0 15452.0 448.0 100.0 doctors
2472.0 15448.0 568.0 108.0 Informed
3088.0 15452.0 192.0 100.0 the
3328.0 15452.0 552.0 100.0 members
3920.0 15452.0 124.0 100.0 of

1232.0 15571.0 192.0 100.0 the
1468.0 15567.0 400.0 124.0 family
1916.0 15567.0 248.0 104.0 that
2208.0 15567.0 88.0 104.0 It
2344.0 15592.0 228.0 76.0 was
2616.0 15567.0 276.0 116.0 only
2936.0 15596.0 68.0 72.0 a
3044.0 15567.0 520.0 120.0 question
3616.0 15571.0 124.0 96.0 of
3772.0 15567.0 272.0 100.0 time

1232.0 15691.0 180.0 96.0 for
1460.0 15688.0 192.0 100.0 the
1692.0 15699.0 220.0 88.0 end
1928.0 15755.0 24.0 44.0 ,
2004.0 15684.0 264.0 120.0 tlioy
2316.0 15684.0 580.0 100.0 remained
2940.0 15684.0 116.0 100.0 In
3112.0 15695.0 188.0 92.0 the
3384.0 15684.0 244.0 104.0 sick
3672.0 15688.0 328.0 100.0 cham-

1232.0 15808.0 192.0 96.0 ber
1516.0 15827.0 156.0 76.0 aw
1700.0 15804.0 368.0 112.0 ailing
2108.0 15823.0 336.0 96.0 uvery
2552.0 15804.0 676.0 96.0 movement.
3352.0 15800.0 248.0 100.0 The
3684.0 15800.0 364.0 104.0 eldest

1232.0 15920.0 556.0 120.0 daughter
1792.0 15988.0 28.0 40.0 ,
1868.0 15920.0 272.0 96.0 wile
2228.0 15915.0 124.0 100.0 of
2436.0 15911.0 268.0 104.0 llov.
2760.0 15915.0 448.0 100.0 Samuel
3316.0 15915.0 512.0 104.0 Scovllle.
3924.0 15920.0 120.0 96.0 ot

1240.0 16031.0 572.0 104.0 Stamford
1828.0 16103.0 24.0 44.0 ,
1908.0 16031.0 356.0 100.0 Conn.
2280.0 16099.0 28.0 48.0 ,
2356.0 16027.0 604.0 104.0 nirlvednt
3064.0 16027.0 188.0 104.0 the
3360.0 16031.0 348.0 100.0 house
3796.0 16027.0 244.0 108.0 Snt-

1240.0 16152.0 364.0 120.0 nri'.ny
1612.0 16220.0 28.0 48.0 ,
1688.0 16144.0 228.0 104.0 nnd
1964.0 16144.0 196.0 104.0 her
2264.0 16148.0 516.0 100.0 husband
2884.0 16159.0 228.0 92.0 nnd
3220.0 16152.0 228.0 100.0 two
3520.0 16148.0 512.0 104.0 children

1244.0 16264.0 236.0 104.0 will
1568.0 16260.0 764.0 116.0 Immediately
2420.0 16264.0 416.0 100.0 follow.
2960.0 16260.0 248.0 104.0 The
3308.0 16264.0 324.0 100.0 other
3712.0 16288.0 292.0 76.0 mem-

1248.0 16379.0 248.0 104.0 bers
1536.0 16383.0 128.0 96.0 of
1704.0 16379.0 188.0 100.0 the
1940.0 16379.0 392.0 120.0 family
2380.0 16375.0 116.0 104.0 in
2548.0 16379.0 192.0 100.0 the
2824.0 16379.0 344.0 100.0 house
3256.0 16400.0 264.0 80.0 now
3604.0 16404.0 188.0 76.0 are
3832.0 16379.0 208.0 100.0 Mr.

1244.0 16495.0 596.0 104.0 Beechor's
1884.0 16495.0 364.0 100.0 eldest
2348.0 16515.0 200.0 80.0 son
2564.0 16563.0 24.0 48.0 ,
2700.0 16492.0 468.0 104.0 Colonel
3256.0 16495.0 484.0 104.0 Beecher
3740.0 16571.0 28.0 40.0 ,
3860.0 16495.0 180.0 100.0 his

1244.0 16612.0 272.0 104.0 wife
1560.0 16612.0 228.0 104.0 and
1836.0 16616.0 224.0 96.0 two
2108.0 16612.0 600.0 112.0 daughters
2720.0 16684.0 20.0 28.0 ,
2792.0 16612.0 232.0 100.0 and
3128.0 16608.0 180.0 104.0 his
3352.0 16635.0 204.0 76.0 son
3656.0 16612.0 392.0 116.0 Henry

1252.0 16728.0 344.0 108.0 Wnrd
1648.0 16728.0 492.0 104.0 Beecher
2164.0 16752.0 28.0 92.0 ;
2268.0 16719.0 168.0 112.0 W.
2492.0 16728.0 128.0 100.0 C.
2708.0 16719.0 496.0 108.0 Beecher
3244.0 16728.0 228.0 100.0 nnd
3524.0 16728.0 172.0 100.0 his
3752.0 16728.0 260.0 100.0 wife
4016.0 16804.0 28.0 40.0 ,

1252.0 16847.0 256.0 96.0 who
1608.0 16843.0 388.0 104.0 llvent
2100.0 16839.0 584.0 104.0 Columbia
2788.0 16839.0 520.0 116.0 Heights.
3436.0 16843.0 348.0 100.0 Their
3844.0 16868.0 204.0 76.0 son

1272.0 16960.0 468.0 100.0 Herbert
1748.0 17032.0 24.0 48.0 ,
1844.0 16960.0 260.0 104.0 who
2180.0 16960.0 204.0 100.0 has
2428.0 16956.0 280.0 104.0 been
2800.0 16960.0 720.0 120.0 tcleirrnphcd
3608.0 16967.0 116.0 96.0 to
3816.0 16960.0 232.0 104.0 San

1264.0 17072.0 828.0 128.0 Franclscojfor
2096.0 17148.0 24.0 44.0 ,
2180.0 17076.0 96.0 100.0 Is
2320.0 17096.0 144.0 80.0 on
2520.0 17076.0 192.0 100.0 the
2808.0 17100.0 344.0 76.0 ocean
3204.0 17076.0 504.0 104.0 between
3756.0 17072.0 260.0 104.0 Port-

1256.0 17191.0 268.0 100.0 land
1540.0 17263.0 24.0 44.0 ,
1616.0 17191.0 248.0 104.0 Ore.
1880.0 17259.0 24.0 52.0 ,
1952.0 17191.0 228.0 100.0 nnd
2228.0 17191.0 224.0 100.0 San
2508.0 17187.0 628.0 104.0 Francisco.
3272.0 17191.0 176.0 100.0 Ho
3496.0 17191.0 96.0 104.0 Is
3640.0 17208.0 196.0 84.0 not
3876.0 17216.0 140.0 76.0 ex-

1256.0 17307.0 396.0 120.0 pected
1700.0 17327.0 116.0 80.0 to
1856.0 17307.0 332.0 100.0 reach
2240.0 17307.0 280.0 104.0 Now
2568.0 17300.0 320.0 108.0 York
2964.0 17307.0 116.0 104.0 In
3132.0 17307.0 272.0 104.0 tlmo
3448.0 17323.0 120.0 84.0 to
3652.0 17336.0 184.0 76.0 see
3884.0 17307.0 176.0 100.0 his

1264.0 17424.0 368.0 104.0 father
1672.0 17424.0 292.0 104.0 alive
1968.0 17496.0 24.0 44.0 ,
2044.0 17447.0 124.0 76.0 as
2220.0 17420.0 136.0 104.0 he
2404.0 17424.0 96.0 100.0 Is
2580.0 17428.0 200.0 100.0 not
2860.0 17424.0 220.0 104.0 duo
3172.0 17424.0 108.0 104.0 In
3372.0 17424.0 224.0 104.0 San
3696.0 17424.0 296.0 104.0 Fran-

1248.0 17544.0 304.0 100.0 cisco
1596.0 17540.0 172.0 104.0 till
1820.0 17540.0 628.0 100.0 to-morrow
2512.0 17544.0 32.0 112.0 (
2564.0 17540.0 488.0 112.0 Monday
3064.0 17544.0 40.0 116.0 )
3220.0 17540.0 228.0 104.0 and
3556.0 17540.0 272.0 100.0 then
3916.0 17544.0 140.0 96.0 ho

1260.0 17659.0 204.0 100.0 lias
1512.0 17684.0 64.0 72.0 a
1620.0 17647.0 416.0 112.0 week's
2084.0 17655.0 236.0 100.0 ride
2352.0 17655.0 384.0 100.0 before
2764.0 17655.0 136.0 100.0 ho
2944.0 17680.0 208.0 80.0 can
3204.0 17655.0 324.0 100.0 teach
3576.0 17655.0 356.0 104.0 homo.

1384.0 17772.0 240.0 104.0 0:1)5
1468.0 17795.0 24.0 80.0 :
1528.0 17775.0 32.0 92.0 )
1672.0 17795.0 96.0 96.0 p.
1824.0 17795.0 144.0 76.0 m.
2100.0 17772.0 244.0 100.0 The
2424.0 17772.0 580.0 104.0 condition
3096.0 17772.0 128.0 100.0 of
3308.0 17772.0 492.0 104.0 Beecher
3864.0 17772.0 200.0 100.0 has

1268.0 17892.0 208.0 96.0 not
1516.0 17884.0 628.0 124.0 materially
2188.0 17888.0 508.0 120.0 changed
2744.0 17888.0 416.0 116.0 during
3228.0 17884.0 188.0 108.0 the
3516.0 17888.0 252.0 124.0 day.
3880.0 17888.0 180.0 104.0 Ho

1264.0 18003.0 100.0 100.0 Is
1416.0 18003.0 112.0 100.0 In
1580.0 18032.0 64.0 76.0 n
1692.0 18007.0 284.0 120.0 deep
2020.0 18016.0 564.0 92.0 comatose
2628.0 18007.0 288.0 96.0 state
2916.0 18075.0 28.0 52.0 ,
3044.0 18007.0 288.0 100.0 fiom
3444.0 17987.0 360.0 120.0 which
3916.0 18003.0 144.0 104.0 ho

1256.0 18127.0 428.0 96.0 cannot
1732.0 18119.0 132.0 100.0 be
1908.0 18119.0 464.0 104.0 aroused
2388.0 18191.0 24.0 44.0 ,
2468.0 18119.0 224.0 104.0 and
2744.0 18123.0 284.0 96.0 from
3120.0 18119.0 364.0 104.0 which
3596.0 18123.0 140.0 100.0 ho
3824.0 18119.0 228.0 104.0 will

1260.0 18259.0 348.0 80.0 never
1652.0 18236.0 528.0 128.0 piobably
2232.0 18236.0 280.0 120.0 rally
2516.0 18308.0 28.0 32.0 ,
2680.0 18236.0 176.0 100.0 lie
2960.0 18236.0 200.0 104.0 lies
3268.0 18240.0 432.0 124.0 quietly
3704.0 18312.0 28.0 48.0 ,
3824.0 18236.0 232.0 108.0 like

1260.0 18376.0 220.0 80.0 ono
1532.0 18356.0 116.0 100.0 In
1696.0 18356.0 192.0 100.0 tlio
1932.0 18352.0 456.0 124.0 deepest
2428.0 18356.0 308.0 108.0 sleep
2740.0 18428.0 24.0 44.0 ,
2820.0 18356.0 228.0 100.0 and
3096.0 18352.0 312.0 108.0 elves
3516.0 18380.0 148.0 76.0 no
3772.0 18352.0 240.0 104.0 Indi-

1256.0 18471.0 380.0 100.0 cation
1748.0 18467.0 120.0 100.0 of
1976.0 18471.0 264.0 120.0 pain
2348.0 18492.0 128.0 76.0 or
2576.0 18467.0 704.0 104.0 uneasiness.
3416.0 18467.0 216.0 104.0 His
3740.0 18467.0 320.0 124.0 pulse

1264.0 18603.0 52.0 80.0 >
1344.0 18580.0 948.0 104.0 arlcsfrom00to
2336.0 18583.0 204.0 100.0 100.
2664.0 18587.0 424.0 96.0 Atone
3192.0 18583.0 272.0 100.0 time
3568.0 18587.0 180.0 96.0 for
3828.0 18607.0 192.0 80.0 sev-

1268.0 18696.0 236.0 104.0 eral
1552.0 18704.0 336.0 96.0 hours
1936.0 18700.0 88.0 96.0 It
2068.0 18696.0 696.0 104.0 intermitted
2812.0 18704.0 224.0 96.0 two
3136.0 18719.0 128.0 76.0 or
3360.0 18704.0 308.0 96.0 three
3732.0 18696.0 332.0 104.0 times

1272.0 18811.0 120.0 104.0 In
1440.0 18815.0 272.0 100.0 each
1760.0 18815.0 436.0 96.0 minute
2204.0 18883.0 24.0 44.0 ,
2280.0 18811.0 196.0 100.0 but
2524.0 18811.0 224.0 104.0 this
2836.0 18811.0 496.0 116.0 evening
3440.0 18815.0 88.0 96.0 It
3612.0 18811.0 200.0 100.0 has
3904.0 18840.0 160.0 72.0 ic-

1272.0 18927.0 456.0 104.0 malned
1776.0 18927.0 308.0 116.0 quite
2184.0 18923.0 440.0 120.0 regular
2724.0 18927.0 228.0 100.0 and
3060.0 18931.0 308.0 116.0 quite
3472.0 18927.0 276.0 100.0 hard
3836.0 18927.0 228.0 100.0 and

1268.0 19044.0 268.0 100.0 lull.
1672.0 19040.0 220.0 104.0 Ills
1932.0 19044.0 744.0 116.0 temperature
2724.0 19044.0 200.0 96.0 has
2968.0 19040.0 420.0 120.0 ranged
3496.0 19044.0 292.0 100.0 from
3900.0 19048.0 172.0 92.0 100

1272.0 19172.0 120.0 96.0 to
1436.0 19156.0 320.0 124.0 100&
1808.0 19168.0 228.0 92.0 and
2080.0 19164.0 116.0 96.0 nt
2240.0 19160.0 464.0 112.0 present
2744.0 19156.0 396.0 100.0 stands
3184.0 19160.0 116.0 100.0 at
3348.0 19160.0 316.0 120.0 100)4.
3840.0 19156.0 216.0 104.0 His

1272.0 19275.0 736.0 124.0 respirations
2056.0 19271.0 452.0 104.0 numbei
2564.0 19271.0 344.0 104.0 about
2948.0 19271.0 348.0 124.0 thirty
3340.0 19275.0 120.0 100.0 to
3500.0 19283.0 192.0 92.0 the
3764.0 19296.0 232.0 80.0 min

1272.0 19395.0 224.0 100.0 ute.
1628.0 19391.0 216.0 100.0 Ills
1896.0 19388.0 284.0 120.0 body
2228.0 19388.0 224.0 104.0 and
2556.0 19388.0 688.0 104.0 extiemlties
3328.0 19411.0 188.0 80.0 are
3616.0 19391.0 452.0 124.0 equally

1276.0 19527.0 384.0 84.0 warm.
1800.0 19504.0 208.0 104.0 Ills
2056.0 19512.0 244.0 96.0 face
2344.0 19508.0 96.0 100.0 Is
2484.0 19504.0 432.0 104.0 flushed
2964.0 19508.0 224.0 100.0 and
3240.0 19504.0 200.0 104.0 lias
3528.0 19531.0 64.0 76.0 n
3696.0 19531.0 316.0 76.0 some-

1276.0 19628.0 308.0 104.0 what
1628.0 19619.0 276.0 108.0 livid
1948.0 19623.0 260.0 104.0 him.
2344.0 19619.0 180.0 104.0 Ho
2632.0 19623.0 92.0 100.0 Is
2812.0 19619.0 408.0 104.0 unable
3304.0 19623.0 120.0 100.0 to
3504.0 19619.0 348.0 124.0 speak
3940.0 19648.0 132.0 76.0 or

1296.0 19739.0 480.0 104.0 wallow
1820.0 19735.0 560.0 124.0 anything
2424.0 19739.0 392.0 124.0 except
2860.0 19739.0 328.0 100.0 small
3236.0 19739.0 616.0 120.0 quantities
3940.0 19743.0 120.0 96.0 ot

1272.0 19852.0 356.0 132.0 liquid
1644.0 19927.0 24.0 40.0 ,
1720.0 19856.0 364.0 104.0 which
2172.0 19860.0 304.0 96.0 must
2552.0 19856.0 136.0 100.0 bo
2780.0 19856.0 632.0 120.0 cautiously
3516.0 19856.0 136.0 104.0 ad
3672.0 19856.0 232.0 100.0 mill
3924.0 19856.0 136.0 100.0 Is-

1272.0 19972.0 316.0 104.0 tcied
1648.0 19980.0 120.0 96.0 to
1828.0 19976.0 480.0 112.0 prevent
2360.0 19972.0 528.0 116.0 choking.
2992.0 19972.0 200.0 104.0 All
3236.0 19980.0 312.0 96.0 three
3584.0 19972.0 484.0 104.0 medical

1272.0 20091.0 512.0 104.0 advisors
1860.0 20116.0 184.0 76.0 are
2132.0 20087.0 116.0 104.0 In
2376.0 20087.0 208.0 104.0 full
2688.0 20091.0 228.0 100.0 and
3000.0 20083.0 364.0 108.0 entire
3444.0 20087.0 392.0 104.0 accord
3940.0 20116.0 124.0 76.0 as

1276.0 20211.0 116.0 100.0 to
1460.0 20211.0 188.0 100.0 the
1712.0 20211.0 404.0 96.0 nature
2160.0 20203.0 224.0 104.0 and
2424.0 20203.0 472.0 104.0 location
2948.0 20207.0 128.0 96.0 of
3132.0 20207.0 188.0 100.0 the
3384.0 20203.0 436.0 104.0 disease
3828.0 20279.0 24.0 44.0 ,
3924.0 20203.0 144.0 104.0 Its

1276.0 20331.0 456.0 104.0 present
1772.0 20328.0 364.0 100.0 status
2144.0 20396.0 24.0 24.0 ,
2216.0 20324.0 192.0 104.0 the
2472.0 20320.0 528.0 104.0 remedial
3088.0 20347.0 564.0 76.0 measuies
3736.0 20328.0 116.0 96.0 to
3932.0 20324.0 136.0 104.0 bo

1272.0 20444.0 588.0 120.0 employed
1872.0 20512.0 28.0 52.0 ,
1952.0 20444.0 224.0 100.0 nnd
2224.0 20464.0 124.0 80.0 as
2392.0 20444.0 116.0 100.0 to
2552.0 20440.0 192.0 104.0 the
2788.0 20464.0 512.0 96.0 progress
3344.0 20444.0 116.0 96.0 ot
3516.0 20440.0 188.0 100.0 tlio
3748.0 20464.0 304.0 80.0 caso.

1272.0 20559.0 112.0 104.0 It
1428.0 20563.0 92.0 96.0 is
1568.0 20555.0 292.0 108.0 their
1896.0 20555.0 468.0 124.0 opinion
2420.0 20555.0 248.0 104.0 that
2744.0 20551.0 180.0 104.0 his
3008.0 20551.0 584.0 108.0 condition
3688.0 20555.0 376.0 120.0 to-day

1272.0 20675.0 524.0 104.0 confirms
1844.0 20675.0 188.0 104.0 the
2076.0 20671.0 536.0 120.0 opinions
2656.0 20671.0 268.0 120.0 they
3004.0 20671.0 288.0 104.0 have
3352.0 20671.0 712.0 104.0 untcitallied

1276.0 20800.0 292.0 96.0 from
1652.0 20796.0 188.0 100.0 tlio
1928.0 20792.0 628.0 120.0 beginning
2636.0 20792.0 252.0 100.0 that
2968.0 20811.0 524.0 96.0 recovery
3544.0 20792.0 96.0 100.0 Is
3700.0 20800.0 200.0 92.0 not
3944.0 20803.0 116.0 88.0 to

1280.0 20907.0 136.0 96.0 bo
1512.0 20907.0 364.0 100.0 honed
1960.0 20912.0 180.0 96.0 for
2160.0 20932.0 32.0 76.0 :
2260.0 20907.0 244.0 104.0 that
2588.0 20903.0 420.0 120.0 though
3100.0 20903.0 188.0 104.0 the
3372.0 20907.0 484.0 104.0 effusion
3944.0 20907.0 124.0 100.0 of

1276.0 21023.0 336.0 100.0 blood
1656.0 21019.0 244.0 104.0 Into
1952.0 21023.0 184.0 104.0 the
2172.0 21007.0 316.0 120.0 brain
2568.0 21023.0 96.0 100.0 is
2748.0 21039.0 204.0 84.0 not
3024.0 21023.0 472.0 124.0 stopped
3508.0 21095.0 24.0 40.0 ,
3624.0 21052.0 68.0 72.0 a
3756.0 21023.0 304.0 104.0 fresh

1280.0 21139.0 728.0 112.0 hcinoirhaca
2112.0 21163.0 252.0 92.0 may
2468.0 21143.0 116.0 96.0 at
2684.0 21163.0 228.0 104.0 any
3016.0 21139.0 272.0 104.0 time
3392.0 21163.0 332.0 76.0 occur
3828.0 21143.0 232.0 100.0 and

1280.0 21252.0 504.0 124.0 speedily
1868.0 21252.0 224.0 104.0 end
2180.0 21256.0 244.0 100.0 life.
2596.0 21252.0 300.0 104.0 That
3000.0 21252.0 96.0 104.0 Is
3200.0 21260.0 200.0 96.0 not
3508.0 21252.0 348.0 124.0 likely
3944.0 21264.0 116.0 92.0 lo

1284.0 21367.0 444.0 120.0 happen
1816.0 21392.0 124.0 76.0 so
2032.0 21375.0 172.0 96.0 tar
2288.0 21396.0 124.0 72.0 as
2492.0 21375.0 452.0 116.0 present
2992.0 21367.0 684.0 104.0 indications
3716.0 21396.0 188.0 76.0 are
3952.0 21375.0 116.0 96.0 to

1284.0 21487.0 136.0 96.0 bo
1464.0 21483.0 428.0 104.0 trusted
1904.0 21555.0 24.0 48.0 ,
1980.0 21487.0 228.0 100.0 and
2248.0 21487.0 404.0 100.0 should
2696.0 21483.0 88.0 104.0 it
2844.0 21511.0 332.0 76.0 occur
3260.0 21487.0 176.0 100.0 his
3520.0 21487.0 204.0 100.0 life
3812.0 21511.0 256.0 92.0 may

1284.0 21604.0 136.0 100.0 bo
1464.0 21604.0 400.0 116.0 spaied
1908.0 21611.0 220.0 108.0 yet.
2264.0 21600.0 284.0 104.0 How
2596.0 21604.0 268.0 108.0 long
2908.0 21600.0 504.0 124.0 depends
3452.0 21627.0 144.0 76.0 on
3656.0 21600.0 172.0 104.0 his
3872.0 21627.0 140.0 76.0 en-

1284.0 21724.0 492.0 100.0 durance
1860.0 21715.0 228.0 104.0 and
2172.0 21720.0 392.0 108.0 strong
2644.0 21720.0 776.0 100.0 constitution.
3592.0 21715.0 180.0 104.0 No
3844.0 21744.0 228.0 76.0 ono

1284.0 21835.0 412.0 116.0 except
1780.0 21831.0 264.0 104.0 Mrs.
2140.0 21831.0 488.0 100.0 Beecher
2700.0 21827.0 224.0 104.0 and
3016.0 21831.0 196.0 100.0 her
3292.0 21831.0 504.0 104.0 children
3884.0 21864.0 188.0 72.0 are

1284.0 21951.0 480.0 104.0 allowed
1872.0 21951.0 116.0 96.0 to
2076.0 21947.0 264.0 104.0 visit
2428.0 21947.0 176.0 100.0 his
2688.0 21944.0 488.0 108.0 bedside.
3368.0 21944.0 180.0 104.0 No
3644.0 21947.0 436.0 104.0 fuither

1292.0 22068.0 472.0 104.0 bulletin
1808.0 22087.0 80.0 84.0 w
1920.0 22060.0 116.0 108.0 111
2064.0 22064.0 136.0 108.0 be
2236.0 22060.0 372.0 108.0 Issued
2648.0 22064.0 292.0 104.0 until
2976.0 22060.0 500.0 104.0 Mondnv
3512.0 22064.0 556.0 120.0 morning.

3024.0 22175.0 172.0 108.0 W.
3248.0 22179.0 112.0 104.0 S.
3416.0 22179.0 540.0 108.0 SKAIII.K.

1408.0 22299.0 168.0 108.0 At
1616.0 22303.0 104.0 100.0 11
1772.0 22295.0 420.0 108.0 o'clock
2252.0 22291.0 588.0 112.0 Beechor's
2896.0 22295.0 584.0 104.0 condition
3576.0 22319.0 228.0 84.0 was
3904.0 22319.0 188.0 76.0 ro-

1308.0 22423.0 396.0 120.0 poited
1752.0 22419.0 668.0 116.0 unchanged
2464.0 22439.0 264.0 80.0 save
2776.0 22416.0 180.0 100.0 for
2992.0 22443.0 64.0 72.0 a
3100.0 22412.0 464.0 120.0 gradual
3604.0 22412.0 476.0 116.0 sinking

1288.0 22552.0 492.0 88.0 towards
1820.0 22536.0 192.0 104.0 the
2060.0 22532.0 604.0 104.0 Inevitable
2700.0 22532.0 260.0 104.0 end.
3092.0 22527.0 484.0 104.0 General
3616.0 22527.0 464.0 104.0 lloiatio

1304.0 22655.0 312.0 120.0 King
1700.0 22651.0 208.0 104.0 left
1996.0 22651.0 188.0 104.0 the
2268.0 22647.0 348.0 108.0 house
2700.0 22655.0 120.0 100.0 at
2920.0 22651.0 244.0 96.0 that
3248.0 22647.0 284.0 104.0 hour
3612.0 22647.0 228.0 104.0 and
3904.0 22672.0 136.0 76.0 ex-

1292.0 22771.0 456.0 124.0 pressed
1796.0 22767.0 188.0 108.0 the
2028.0 22767.0 468.0 108.0 opinion
2544.0 22763.0 244.0 104.0 that
2868.0 22763.0 484.0 104.0 Beceher
3440.0 22763.0 364.0 108.0 would
3892.0 22763.0 188.0 104.0 die

1284.0 22895.0 424.0 112.0 during
1748.0 22888.0 192.0 104.0 the
1984.0 22888.0 332.0 104.0 nlilit
2356.0 22911.0 124.0 72.0 or
2520.0 22884.0 380.0 104.0 before
2948.0 22884.0 556.0 112.0 morning.

1416.0 23004.0 488.0 112.0 William
1956.0 23004.0 132.0 104.0 C.
2152.0 22999.0 488.0 108.0 Di'ccher
2688.0 22999.0 92.0 104.0 Is
2828.0 22999.0 500.0 124.0 reported
3380.0 23004.0 116.0 100.0 to
3544.0 22995.0 280.0 108.0 hnvo
3904.0 23020.0 180.0 76.0 ex-

1792.0 23127.0 188.0 100.0 tlio
2024.0 23119.0 468.0 128.0 opinion
2544.0 23115.0 232.0 104.0 that
2824.0 23115.0 176.0 104.0 his
3048.0 23115.0 368.0 104.0 fattier
3464.0 23115.0 364.0 104.0 would
3884.0 23119.0 200.0 100.0 note

1368.0 23267.0 56.0 76.0 o
1468.0 23243.0 292.0 100.0 alive
1800.0 23243.0 300.0 100.0 after
2136.0 23243.0 60.0 92.0 S
2236.0 23235.0 428.0 104.0 o'clock
2716.0 23231.0 228.0 104.0 tills
2988.0 23235.0 568.0 116.0 morning.
3724.0 23231.0 352.0 116.0 Many

1292.0 23359.0 396.0 120.0 people
1728.0 23356.0 484.0 104.0 anxious
2260.0 23359.0 112.0 100.0 to
2416.0 23356.0 268.0 104.0 hear
2728.0 23359.0 192.0 96.0 the
2984.0 23348.0 332.0 104.0 latest
3364.0 23371.0 312.0 80.0 news
3724.0 23352.0 124.0 100.0 of
3892.0 23348.0 188.0 100.0 the

1296.0 23471.0 356.0 112.0 dying
1696.0 23471.0 392.0 104.0 dlvluu
2172.0 23499.0 184.0 76.0 mo
2440.0 23467.0 752.0 124.0 congregated
3296.0 23492.0 148.0 76.0 on
3536.0 23463.0 188.0 104.0 the
3808.0 23459.0 236.0 104.0 side-

1304.0 23587.0 360.0 100.0 walks
1708.0 23587.0 120.0 100.0 in
1876.0 23587.0 320.0 104.0 front
2240.0 23591.0 124.0 96.0 of
2408.0 23591.0 188.0 100.0 the
2672.0 23612.0 376.0 80.0 nouse.
3216.0 23579.0 180.0 112.0 St.
3484.0 23583.0 304.0 104.0 Clalr
3868.0 23579.0 220.0 100.0 Me-

1316.0 23696.0 456.0 124.0 Kelway
1780.0 23771.0 28.0 44.0 ,
1860.0 23703.0 608.0 120.0 managing
2568.0 23703.0 364.0 104.0 editor
3012.0 23703.0 128.0 100.0 of
3240.0 23699.0 192.0 108.0 the
3512.0 23696.0 568.0 120.0 Brooklyn

1308.0 23812.0 352.0 108.0 Kaelr
1660.0 23888.0 32.0 48.0 ,
1740.0 23839.0 260.0 96.0 says
2044.0 23816.0 240.0 104.0 that
2328.0 23820.0 724.0 124.0 prcllmlnaiy
3084.0 23824.0 312.0 116.0 steps
3444.0 23843.0 288.0 80.0 wore
3780.0 23816.0 264.0 104.0 mak-

1312.0 23927.0 196.0 120.0 ing
1596.0 23939.0 112.0 92.0 to
1784.0 23931.0 548.0 104.0 celebrate
2436.0 23935.0 188.0 100.0 the
2724.0 23935.0 332.0 132.0 triple
3140.0 23935.0 736.0 124.0 annlveiMiiy
3964.0 23935.0 116.0 100.0 ot

1312.0 24047.0 192.0 100.0 the
1544.0 24047.0 396.0 100.0 events
1988.0 24047.0 112.0 100.0 In
2164.0 24047.0 572.0 104.0 Becchei's
2768.0 24035.0 228.0 116.0 life.
3124.0 24051.0 244.0 104.0 Thu
3404.0 24047.0 676.0 108.0 celebration

1316.0 24183.0 232.0 76.0 was
1592.0 24171.0 116.0 88.0 to
1756.0 24164.0 280.0 104.0 have
2080.0 24164.0 336.0 100.0 taken
2468.0 24160.0 308.0 120.0 place
2820.0 24187.0 116.0 76.0 in
2984.0 24164.0 652.0 128.0 September
3724.0 24171.0 116.0 100.0 in
3892.0 24167.0 192.0 104.0 the

1312.0 24275.0 572.0 116.0 Brooklyn
1940.0 24279.0 568.0 116.0 Acadi.my
2548.0 24279.0 120.0 96.0 of
2772.0 24275.0 392.0 108.0 Music.
3328.0 24284.0 280.0 104.0 This
3700.0 24284.0 92.0 104.0 Is
3900.0 24284.0 192.0 104.0 the

1312.0 24391.0 416.0 104.0 tiftleth
1776.0 24415.0 264.0 96.0 year
2080.0 24399.0 112.0 96.0 ot
2260.0 24387.0 572.0 108.0 lieecher's
2940.0 24395.0 544.0 120.0 marriage
3488.0 24471.0 28.0 44.0 ,
3628.0 24399.0 188.0 104.0 the
3924.0 24403.0 124.0 100.0 fif-

1312.0 24507.0 284.0 104.0 tieth
1640.0 24507.0 124.0 100.0 of
1812.0 24507.0 172.0 104.0 his
2028.0 24507.0 644.0 104.0 ordination
2724.0 24523.0 112.0 88.0 to
2920.0 24511.0 188.0 100.0 the
3196.0 24511.0 524.0 120.0 ministry
3728.0 24587.0 24.0 48.0 ,
3864.0 24515.0 228.0 104.0 and

1312.0 24628.0 188.0 104.0 the
1624.0 24624.0 456.0 108.0 fortieth
2168.0 24624.0 116.0 100.0 of
2368.0 24624.0 176.0 104.0 his
2628.0 24632.0 560.0 120.0 pastorate
3252.0 24628.0 124.0 100.0 ot
3496.0 24628.0 596.0 120.0 Plymouth

1308.0 24743.0 448.0 104.0 church.
1900.0 24735.0 252.0 108.0 Had
2200.0 24743.0 188.0 100.0 the
2468.0 24743.0 460.0 108.0 beloved
3036.0 24747.0 380.0 116.0 pastor
3520.0 24743.0 292.0 104.0 lived
3924.0 24747.0 168.0 104.0 bis

1308.0 24859.0 816.0 116.0 congregation
2176.0 24855.0 224.0 104.0 and
2488.0 24859.0 436.0 104.0 friends
3008.0 24859.0 372.0 104.0 would
3468.0 24855.0 280.0 108.0 have
3832.0 24859.0 228.0 108.0 cele

1312.0 24975.0 188.0 104.0 bra
1512.0 24983.0 184.0 96.0 ted
1744.0 24979.0 312.0 100.0 these
2100.0 24983.0 392.0 92.0 events
2540.0 24975.0 112.0 100.0 in
2700.0 25003.0 68.0 76.0 a
2812.0 24975.0 184.0 120.0 big
3036.0 24975.0 452.0 120.0 jubilee.

1444.0 25092.0 184.0 124.0 Up
1672.0 25100.0 116.0 92.0 to
1828.0 25096.0 60.0 92.0 3
1932.0 25119.0 96.0 76.0 a.
2088.0 25115.0 140.0 76.0 m.
2280.0 25111.0 152.0 80.0 no
2476.0 25104.0 368.0 108.0 report
2936.0 25087.0 204.0 108.0 has
3228.0 25092.0 272.0 104.0 been
3600.0 25087.0 492.0 108.0 received

1316.0 25207.0 292.0 100.0 from
1664.0 25207.0 516.0 100.0 Beecher.
2312.0 25207.0 188.0 104.0 Dr.
2580.0 25207.0 640.0 104.0 Hammond
3264.0 25207.0 248.0 104.0 said
3560.0 25207.0 488.0 108.0 to-night
4072.0 25228.0 20.0 84.0 :

1320.0 25323.0 572.0 100.0 "lieeeher
2000.0 25319.0 228.0 104.0 will
2344.0 25343.0 336.0 84.0 never
2788.0 25331.0 128.0 92.0 bu
3020.0 25323.0 596.0 104.0 conscious
3720.0 25323.0 372.0 116.0 ngaln.

1312.0 25432.0 468.0 112.0 Tin-IP's
1828.0 25436.0 620.0 140.0 absolutely
2496.0 25459.0 152.0 80.0 no
2700.0 25440.0 312.0 116.0 hope.
3148.0 25440.0 172.0 104.0 He
3372.0 25459.0 252.0 100.0 may
3708.0 25432.0 188.0 108.0 die
3984.0 25440.0 108.0 100.0 In

1328.0 25559.0 224.0 96.0 two
1644.0 25564.0 340.0 96.0 hours
2104.0 25551.0 224.0 104.0 nnd
2380.0 25543.0 140.0 112.0 ho
2572.0 25576.0 252.0 100.0 may
2868.0 25559.0 216.0 100.0 last
3124.0 25583.0 64.0 76.0 a
3232.0 25555.0 396.0 124.0 couple
3668.0 25555.0 124.0 100.0 of
3832.0 25555.0 216.0 108.0 day
4060.0 25580.0 32.0 72.0 !

1316.0 25675.0 408.0 116.0 longer
1720.0 25743.0 24.0 48.0 ,
1792.0 25671.0 204.0 104.0 but
2032.0 25667.0 340.0 104.0 death
2444.0 25671.0 104.0 100.0 Is
2624.0 25671.0 420.0 108.0 ceitulu
3056.0 25739.0 24.0 40.0 ,
3212.0 25671.0 676.0 124.0 Piacttcally
3972.0 25671.0 124.0 100.0 he

1320.0 25787.0 96.0 104.0 la
1464.0 25815.0 64.0 80.0 a
1572.0 25787.0 288.0 108.0 dead
1912.0 25807.0 296.0 84.0 man.
2224.0 25783.0 68.0 60.0 "

1792.0 26019.0 736.0 124.0 Sympathy
2576.0 26019.0 392.0 100.0 From
3048.0 26019.0 524.0 100.0 Abroad
3604.0 26087.0 24.0 36.0 ,

1436.0 26159.0 524.0 112.0 LONDON
1972.0 26231.0 24.0 48.0 ,
2088.0 26151.0 384.0 116.0 March
2608.0 26227.0 32.0 32.0 .
2780.0 26155.0 264.0 108.0 Kcv.
3140.0 26155.0 204.0 108.0 Mr.
3444.0 26155.0 424.0 112.0 Parker
3872.0 26227.0 24.0 44.0 ,
3996.0 26155.0 100.0 104.0 at

1312.0 26303.0 188.0 112.0 his
1540.0 26303.0 424.0 108.0 service
2052.0 26299.0 224.0 116.0 this
2360.0 26295.0 488.0 120.0 evening
2856.0 26371.0 28.0 52.0 ,
2932.0 26295.0 580.0 124.0 eulogized
3588.0 26299.0 492.0 104.0 Becchcr
4084.0 26371.0 12.0 44.0 ,

1316.0 26444.0 820.0 128.0 Jleexpicssed
2184.0 26439.0 188.0 108.0 the
2424.0 26439.0 556.0 124.0 piofound
3032.0 26439.0 600.0 120.0 sympathy
3680.0 26452.0 116.0 88.0 ot
3852.0 26439.0 228.0 104.0 him-

1312.0 26571.0 224.0 104.0 self
1600.0 26571.0 236.0 104.0 and
1884.0 26563.0 176.0 104.0 his
2096.0 26567.0 444.0 100.0 htateu
2600.0 26559.0 268.0 104.0 with
2944.0 26563.0 28.0 100.0 t
2996.0 26559.0 136.0 100.0 ho
3176.0 26555.0 484.0 104.0 utttlctfd
3704.0 26563.0 392.0 116.0 pastor

1324.0 26815.0 432.0 112.0 Death
1884.0 26811.0 144.0 108.0 ot
2180.0 26811.0 312.0 96.0 Mrs.
2624.0 26795.0 780.0 112.0 Cleveland'
3416.0 26823.0 60.0 68.0 *
3604.0 26795.0 492.0 100.0 Grand'
4084.0 26835.0 12.0 32.0 '

2448.0 26947.0 572.0 100.0 mother.

1444.0 27095.0 564.0 112.0 OKTKOir
2008.0 27167.0 28.0 48.0 ,
2132.0 27091.0 388.0 116.0 Maidl
2604.0 27087.0 92.0 104.0 0.
2836.0 27079.0 264.0 108.0 Mrs.
3204.0 27075.0 296.0 108.0 Huth
3592.0 27071.0 148.0 108.0 U.
3836.0 27071.0 236.0 104.0 liar

1324.0 27256.0 260.0 84.0 mon
1600.0 27307.0 28.0 52.0 ,
1720.0 27239.0 440.0 104.0 mother
2232.0 27231.0 132.0 108.0 of
2464.0 27231.0 268.0 108.0 Mrs.
2832.0 27219.0 452.0 108.0 Kolsom
3388.0 27215.0 236.0 108.0 and
3708.0 27211.0 360.0 112.0 urand

1320.0 27375.0 436.0 108.0 mother
1836.0 27379.0 124.0 104.0 ot
2064.0 27379.0 260.0 104.0 Mrs.
2420.0 27375.0 432.0 108.0 Grover
2936.0 27355.0 612.0 120.0 Cleveland
3564.0 27431.0 24.0 56.0 ,
3664.0 27355.0 264.0 104.0 died
4016.0 27379.0 64.0 80.0 a

1316.0 27515.0 504.0 108.0 Jackson
1836.0 27592.0 28.0 48.0 ,
1916.0 27520.0 296.0 120.0 Mich
2232.0 27592.0 24.0 40.0 ,
2276.0 27592.0 32.0 48.0 ,
2380.0 27524.0 112.0 104.0 at
2580.0 27524.0 116.0 96.0 10
2736.0 27511.0 428.0 108.0 o'clock
3244.0 27503.0 228.0 112.0 this
3560.0 27499.0 532.0 120.0 morning

1320.0 27660.0 380.0 108.0 where
1784.0 27660.0 200.0 108.0 the
2072.0 27664.0 196.0 104.0 has
2316.0 27664.0 276.0 108.0 been
2688.0 27660.0 364.0 120.0 living
3100.0 27656.0 184.0 104.0 for
3356.0 27647.0 192.0 108.0 the
3636.0 27651.0 256.0 120.0 past
3936.0 27643.0 148.0 100.0 tot

1316.0 27827.0 56.0 116.0 }
1392.0 27827.0 196.0 84.0 tar
1696.0 27800.0 272.0 108.0 with
2020.0 27803.0 200.0 108.0 her
2260.0 27831.0 204.0 76.0 son
2472.0 27875.0 36.0 48.0 ,
2556.0 27803.0 152.0 108.0 M.
2756.0 27800.0 148.0 108.0 II.
2948.0 27800.0 544.0 104.0 Harmon.
3624.0 27771.0 228.0 120.0 Sfm
3904.0 27811.0 172.0 76.0 wa
4080.0 27815.0 16.0 64.0 :

1316.0 27895.0 288.0 136.0 torn
1656.0 27919.0 120.0 112.0 lu
1828.0 27923.0 240.0 104.0 IbW
2068.0 27996.0 28.0 52.0 ,
2148.0 27919.0 232.0 112.0 and
2464.0 27947.0 236.0 84.0 was
2784.0 27915.0 488.0 108.0 married
3320.0 27911.0 120.0 108.0 In
3508.0 27907.0 268.0 108.0 1SGO.
3908.0 27911.0 188.0 96.0 bui

4132.0 2604.0 332.0 120.0 spent
4516.0 2604.0 184.0 104.0 the
4800.0 2620.0 436.0 104.0 creator
5284.0 2620.0 248.0 124.0 part
5572.0 2624.0 120.0 96.0 of
5776.0 2620.0 200.0 104.0 her
6020.0 2620.0 204.0 104.0 life
6268.0 2624.0 116.0 100.0 at
6436.0 2616.0 456.0 112.0 Batavla
6908.0 2692.0 28.0 52.0 ,

4136.0 2724.0 140.0 96.0 N.
4352.0 2736.0 52.0 84.0 1
4452.0 2784.0 28.0 36.0 .
4496.0 2724.0 440.0 108.0 .where
4940.0 2800.0 24.0 48.0 ,
5020.0 2740.0 296.0 96.0 after
5360.0 2744.0 188.0 96.0 the
5596.0 2740.0 332.0 100.0 death
5976.0 2744.0 120.0 96.0 of
6188.0 2740.0 204.0 100.0 Mr.
6460.0 2740.0 432.0 104.0 Folsom
6908.0 2808.0 32.0 60.0 ,

4132.0 2836.0 272.0 100.0 Mrs.
4452.0 2836.0 444.0 108.0 holsom
4948.0 2848.0 228.0 104.0 and
5232.0 2848.0 484.0 108.0 Franklo
5764.0 2856.0 296.0 104.0 lived
6100.0 2856.0 268.0 100.0 with
6420.0 2852.0 196.0 108.0 her
6652.0 2836.0 292.0 120.0 until

4140.0 2956.0 496.0 96.0 trankle
4736.0 2984.0 228.0 80.0 was
5052.0 2964.0 180.0 104.0 old
5324.0 2972.0 448.0 100.0 enouuli
5824.0 2980.0 112.0 92.0 to
6024.0 2972.0 392.0 104.0 attend
6528.0 2972.0 372.0 104.0 school
6912.0 3040.0 28.0 48.0 ,

4136.0 3068.0 328.0 100.0 when
4524.0 3072.0 264.0 120.0 they
4880.0 3080.0 392.0 104.0 moved
5324.0 3088.0 116.0 96.0 to
5536.0 3084.0 472.0 108.0 Buffalo.
6144.0 3088.0 280.0 104.0 Mrs.
6492.0 3084.0 448.0 108.0 Folsom

4144.0 3200.0 224.0 80.0 was
4424.0 3188.0 232.0 100.0 will
4668.0 3216.0 48.0 100.0 ;
4788.0 3188.0 200.0 104.0 her
5036.0 3196.0 172.0 100.0 for
5252.0 3224.0 312.0 80.0 Home
5652.0 3200.0 272.0 104.0 tlmo
6012.0 3204.0 528.0 124.0 previous
6588.0 3208.0 116.0 100.0 to
6756.0 3204.0 196.0 100.0 her

4140.0 3296.0 328.0 104.0 death
4484.0 3368.0 24.0 36.0 ,
4564.0 3316.0 224.0 92.0 and
4852.0 3308.0 588.0 108.0 President
5488.0 3320.0 224.0 100.0 and
5764.0 3320.0 264.0 104.0 Mrs.
6088.0 3320.0 616.0 104.0 Cleveland
6760.0 3344.0 192.0 76.0 are

4140.0 3420.0 536.0 116.0 expected
4772.0 3428.0 112.0 96.0 to
4968.0 3432.0 392.0 100.0 attend
5416.0 3432.0 188.0 104.0 the
5652.0 3436.0 480.0 108.0 funeral.
6264.0 3436.0 228.0 108.0 She
6540.0 3436.0 228.0 108.0 will
6824.0 3440.0 128.0 100.0 be

4140.0 3528.0 388.0 108.0 bulled
4576.0 3552.0 120.0 88.0 at
4744.0 3536.0 472.0 116.0 Batavla
5224.0 3620.0 24.0 52.0 ,
5308.0 3544.0 136.0 112.0 N.
5516.0 3548.0 124.0 108.0 i.

4844.0 3788.0 428.0 100.0 Death
5316.0 3800.0 152.0 88.0 of
5504.0 3796.0 304.0 100.0 .Mrs.
5868.0 3796.0 396.0 100.0 Deck.

4268.0 3911.0 876.0 120.0 WASHINGTON
5156.0 4000.0 24.0 48.0 ,
5236.0 3928.0 380.0 112.0 March
5664.0 3936.0 92.0 100.0 0.
5888.0 3932.0 272.0 104.0 Mrs.
6212.0 3932.0 304.0 104.0 Jane
6568.0 3928.0 348.0 112.0 Wash-

4152.0 4052.0 396.0 124.0 ington
4584.0 4064.0 592.0 108.0 Thornton
5240.0 4072.0 292.0 104.0 Bock
5544.0 4144.0 24.0 48.0 ,
5616.0 4072.0 268.0 108.0 wife
5920.0 4076.0 124.0 100.0 of
6088.0 4072.0 484.0 108.0 Senator
6628.0 4072.0 292.0 108.0 Beck
6928.0 4148.0 28.0 44.0 ,

4156.0 4200.0 124.0 104.0 of
4328.0 4200.0 612.0 132.0 Kentucky
4944.0 4280.0 28.0 56.0 ,
5068.0 4212.0 264.0 108.0 died
5376.0 4228.0 116.0 92.0 at
5580.0 4216.0 196.0 108.0 her
5864.0 4212.0 584.0 112.0 residence
6540.0 4216.0 116.0 104.0 In
6736.0 4212.0 228.0 108.0 this

4148.0 4336.0 232.0 132.0 city
4428.0 4344.0 224.0 108.0 this
4696.0 4356.0 492.0 116.0 evening
5232.0 4360.0 120.0 100.0 of
5388.0 4352.0 824.0 112.0 Inflammation
6256.0 4364.0 124.0 100.0 of
6428.0 4364.0 184.0 100.0 the
6668.0 4368.0 240.0 96.0 bow

4152.0 4484.0 192.0 108.0 els.
4480.0 4488.0 276.0 112.0 Mrs.
4816.0 4492.0 300.0 108.0 Beck
5172.0 4496.0 216.0 108.0 had
5444.0 4504.0 272.0 100.0 been
5820.0 4500.0 436.0 128.0 feeling
6300.0 4528.0 124.0 80.0 as
6520.0 4500.0 252.0 108.0 well
6840.0 4528.0 120.0 76.0 as

4156.0 4628.0 320.0 104.0 usual
4532.0 4632.0 224.0 108.0 this
4808.0 4636.0 408.0 104.0 winter
5260.0 4644.0 224.0 100.0 and
5536.0 4648.0 204.0 100.0 her
5828.0 4644.0 240.0 108.0 first
6156.0 4648.0 624.0 124.0 symptoms
6844.0 4644.0 120.0 104.0 of

4160.0 4768.0 396.0 112.0 illness
4604.0 4800.0 288.0 84.0 wore
4956.0 4780.0 192.0 104.0 the
5196.0 4784.0 352.0 108.0 result
5632.0 4792.0 120.0 100.0 of
5836.0 4816.0 68.0 76.0 n
5980.0 4787.0 248.0 108.0 cold
6316.0 4784.0 652.0 112.0 contracted

4160.0 4916.0 336.0 108.0 while
4540.0 4936.0 192.0 88.0 out
4780.0 4920.0 380.0 124.0 riding
5212.0 4928.0 112.0 104.0 In
5380.0 4952.0 140.0 80.0 an
5596.0 4956.0 288.0 96.0 open
5956.0 4932.0 496.0 104.0 cnrrlaeo
6532.0 4956.0 140.0 80.0 on
6736.0 4928.0 184.0 104.0 Fri

4160.0 5036.0 264.0 112.0 day.
4604.0 5040.0 512.0 124.0 Nothing
5216.0 5048.0 428.0 104.0 serious
5776.0 5076.0 224.0 76.0 was
6108.0 5048.0 796.0 128.0 apprehended
6928.0 5116.0 24.0 48.0 ,

4160.0 5152.0 296.0 104.0 until
4524.0 5156.0 224.0 100.0 this
4836.0 5160.0 532.0 124.0 morning
5376.0 5232.0 24.0 36.0 ,
5496.0 5164.0 328.0 104.0 when
5920.0 5172.0 248.0 96.0 Drs.
6268.0 5164.0 380.0 108.0 Wales
6740.0 5172.0 224.0 92.0 and

4172.0 5268.0 368.0 124.0 Buscy
4548.0 5344.0 24.0 48.0 ,
4748.0 5272.0 188.0 104.0 the
5100.0 5280.0 656.0 116.0 physicians
5932.0 5284.0 112.0 104.0 In
6276.0 5280.0 692.0 104.0 attendance

4168.0 5384.0 564.0 108.0 Intoimcd
4888.0 5388.0 188.0 108.0 the
5248.0 5400.0 396.0 116.0 family
5828.0 5400.0 244.0 100.0 that
6220.0 5400.0 264.0 120.0 they
6644.0 5396.0 328.0 104.0 could

4164.0 5504.0 280.0 100.0 oiler
4548.0 5527.0 152.0 76.0 no
4804.0 5504.0 284.0 124.0 hope
5180.0 5516.0 120.0 96.0 of
5452.0 5512.0 196.0 104.0 her
5800.0 5540.0 552.0 92.0 recovery.
6492.0 5512.0 484.0 108.0 Senator

4176.0 5612.0 292.0 112.0 Beck
4508.0 5620.0 228.0 104.0 and
4788.0 5624.0 264.0 104.0 Mis.
5108.0 5628.0 420.0 104.0 Goodie
5536.0 5704.0 24.0 52.0 ,
5596.0 5628.0 272.0 104.0 Mrs.
5932.0 5632.0 396.0 104.0 Beck's
6380.0 5628.0 552.0 116.0 daughter
6932.0 5700.0 28.0 44.0 ,

4180.0 5756.0 292.0 80.0 weio
4556.0 5740.0 120.0 96.0 nt
4764.0 5740.0 196.0 100.0 her
5044.0 5740.0 460.0 108.0 bedside
5592.0 5748.0 112.0 100.0 In
5800.0 5748.0 196.0 100.0 her
6092.0 5748.0 220.0 100.0 last
6376.0 5752.0 592.0 96.0 moments.

4172.0 5848.0 240.0 104.0 Her
4452.0 5860.0 272.0 112.0 only
4772.0 5860.0 320.0 100.0 other
5132.0 5860.0 300.0 104.0 child
5444.0 5936.0 24.0 28.0 ,
5524.0 5892.0 64.0 72.0 a
5632.0 5888.0 392.0 96.0 grown
6076.0 5888.0 204.0 80.0 son
6292.0 5936.0 24.0 44.0 ,
6380.0 5863.0 96.0 104.0 is
6528.0 5860.0 112.0 104.0 in
6708.0 5860.0 208.0 124.0 Wy

4176.0 5968.0 436.0 124.0 oming.

4536.0 6188.0 100.0 96.0 A
4712.0 6188.0 432.0 100.0 Lahor
5216.0 6192.0 848.0 116.0 Orutinl/.cr'B
6148.0 6196.0 468.0 100.0 Death.

4292.0 6320.0 992.0 112.0 Piin.ADKi.riiiA
5304.0 6403.0 24.0 48.0 ,
5380.0 6332.0 384.0 108.0 March
5828.0 6339.0 88.0 100.0 0.
6064.0 6332.0 484.0 112.0 William
6640.0 6332.0 308.0 108.0 Coke
6952.0 6408.0 28.0 48.0 ,

4172.0 6484.0 220.0 80.0 one
4476.0 6468.0 128.0 96.0 of
4692.0 6468.0 184.0 104.0 the
4960.0 6496.0 340.0 80.0 seven
5396.0 6500.0 252.0 80.0 men
5748.0 6480.0 252.0 100.0 who
6088.0 6476.0 612.0 124.0 organized
6800.0 6480.0 192.0 100.0 the

4184.0 6600.0 496.0 124.0 Knights
4724.0 6612.0 124.0 100.0 of
4944.0 6612.0 352.0 108.0 Lahor
5300.0 6688.0 24.0 48.0 ,
5380.0 6616.0 256.0 104.0 died
5728.0 6620.0 380.0 120.0 to-day
6152.0 6628.0 120.0 96.0 ot
6356.0 6620.0 320.0 104.0 heart
6724.0 6616.0 268.0 108.0 fall-

4180.0 6743.0 108.0 80.0 in
4316.0 6752.0 60.0 76.0 e
4384.0 6796.0 24.0 52.0 ,
4460.0 6724.0 284.0 116.0 lined
4788.0 6728.0 664.0 124.0 sixty-three
5500.0 6760.0 356.0 96.0 years.

4776.0 6972.0 484.0 96.0 CoiiHiil
5340.0 6976.0 380.0 116.0 Heap
5800.0 6976.0 584.0 120.0 lOvplros.

4300.0 7100.0 1144.0 116.0 CoNSTANTiNori.K
5452.0 7184.0 28.0 40.0 ,
5592.0 7108.0 380.0 108.0 March
6076.0 7116.0 92.0 100.0 0.
6348.0 7112.0 124.0 104.0 G.
6588.0 7112.0 408.0 104.0 Harris

4184.0 7240.0 356.0 124.0 Heap.
4644.0 7244.0 424.0 108.0 United
5200.0 7252.0 376.0 104.0 States
5684.0 7252.0 900.0 128.0 consul-general
6696.0 7252.0 260.0 108.0 here
6960.0 7328.0 28.0 52.0 ,

4180.0 7360.0 256.0 100.0 died
4492.0 7360.0 224.0 104.0 this
4768.0 7364.0 568.0 120.0 morning.

4652.0 7604.0 348.0 96.0 THE
5068.0 7604.0 416.0 100.0 OUOl
5596.0 7608.0 836.0 108.0 OUL'iiOOK.
5912.0 7619.0 12.0 36.0 '

4188.0 7852.0 548.0 104.0 Review
4808.0 7864.0 156.0 92.0 of
5020.0 7864.0 232.0 96.0 the
5324.0 7868.0 680.0 100.0 Situation
6128.0 7872.0 132.0 100.0 In
6332.0 7876.0 232.0 96.0 the
6640.0 7876.0 296.0 100.0 Win-

4996.0 8019.0 216.0 84.0 ter
5276.0 8008.0 484.0 100.0 Wheat
5836.0 8016.0 336.0 100.0 licit.

4308.0 8140.0 576.0 108.0 CHICAOO
4892.0 8216.0 28.0 44.0 ,
5004.0 8144.0 232.0 104.0 Mai
5260.0 8148.0 132.0 100.0 ch
5496.0 8148.0 88.0 104.0 0.
5720.0 8148.0 240.0 108.0 The
6068.0 8151.0 592.0 116.0 following
6740.0 8184.0 268.0 96.0 crop

4256.0 8304.0 504.0 100.0 ummary
4836.0 8284.0 232.0 108.0 will
5120.0 8291.0 132.0 100.0 be
5296.0 8287.0 448.0 124.0 printed
5800.0 8291.0 112.0 104.0 In
5968.0 8291.0 228.0 108.0 this
6244.0 8295.0 416.0 108.0 week's
6708.0 8300.0 300.0 104.0 Issue

4192.0 8427.0 120.0 96.0 of
4376.0 8423.0 192.0 104.0 the
4620.0 8427.0 540.0 104.0 Faimeis'
5280.0 8432.0 456.0 108.0 Hovlew
5764.0 8460.0 28.0 80.0 :
5920.0 8436.0 316.0 108.0 Thus
6328.0 8444.0 176.0 100.0 far
6568.0 8452.0 440.0 116.0 reports

4200.0 8568.0 292.0 104.0 from
4544.0 8572.0 192.0 104.0 the
4780.0 8572.0 408.0 108.0 winter
5236.0 8576.0 376.0 104.0 wheat
5652.0 8576.0 232.0 108.0 belt
5956.0 8576.0 488.0 112.0 Indicate
6532.0 8584.0 248.0 104.0 that
6824.0 8584.0 188.0 108.0 the

4200.0 8736.0 268.0 100.0 crop
4520.0 8712.0 96.0 104.0 Is
4660.0 8716.0 580.0 124.0 omeriliig
5288.0 8720.0 288.0 104.0 from
5632.0 8724.0 412.0 104.0 winter
6088.0 8724.0 116.0 104.0 In
6256.0 8724.0 360.0 108.0 better
6660.0 8728.0 352.0 128.0 shape

4196.0 8860.0 276.0 100.0 than
4528.0 8852.0 220.0 108.0 last
4796.0 8884.0 296.0 96.0 year.
5224.0 8860.0 244.0 104.0 The
5512.0 8888.0 260.0 100.0 ciop
5824.0 8864.0 92.0 104.0 Is
5964.0 8868.0 200.0 104.0 not
6208.0 8872.0 456.0 104.0 assured
6720.0 8872.0 288.0 104.0 from

4200.0 8996.0 556.0 132.0 resulting
4804.0 9000.0 472.0 128.0 damage
5324.0 9008.0 124.0 96.0 of
5484.0 9012.0 412.0 100.0 storms
5940.0 9008.0 228.0 104.0 and
6216.0 9012.0 212.0 104.0 bad
6480.0 9016.0 496.0 100.0 weather
6980.0 9088.0 24.0 48.0 ,

4200.0 9140.0 224.0 104.0 and
4476.0 9140.0 228.0 104.0 still
4756.0 9144.0 204.0 104.0 has
5004.0 9156.0 116.0 92.0 to
5160.0 9171.0 256.0 100.0 pass
5464.0 9148.0 476.0 120.0 through
5992.0 9180.0 64.0 76.0 a
6088.0 9152.0 424.0 104.0 critical
6564.0 9156.0 384.0 120.0 period
6980.0 9180.0 28.0 96.0 ;

4200.0 9280.0 196.0 104.0 but
4408.0 9356.0 20.0 48.0 ,
4480.0 9312.0 120.0 76.0 as
4648.0 9312.0 64.0 76.0 a
4760.0 9288.0 360.0 104.0 whole
5128.0 9363.0 24.0 44.0 ,
5208.0 9288.0 192.0 104.0 tlio
5444.0 9292.0 456.0 104.0 outlook
5952.0 9299.0 300.0 100.0 must
6296.0 9292.0 136.0 104.0 be
6476.0 9295.0 536.0 120.0 regarded

4204.0 9452.0 124.0 72.0 as
4372.0 9452.0 308.0 80.0 more
4732.0 9428.0 564.0 104.0 favorable
5344.0 9431.0 272.0 104.0 than
5668.0 9435.0 116.0 100.0 nt
5892.0 9439.0 192.0 100.0 the
6192.0 9435.0 624.0 124.0 beginning
6892.0 9439.0 124.0 100.0 of

4204.0 9567.0 388.0 104.0 March
4708.0 9571.0 124.0 100.0 of
4896.0 9571.0 216.0 104.0 last
5216.0 9600.0 296.0 96.0 year.
5640.0 9575.0 244.0 104.0 The
5992.0 9580.0 612.0 116.0 extremely
6740.0 9580.0 276.0 104.0 mild

4208.0 9711.0 488.0 104.0 weather
4744.0 9716.0 120.0 96.0 of
4928.0 9716.0 188.0 104.0 the
5168.0 9716.0 500.0 128.0 opening
5752.0 9720.0 280.0 108.0 davs
6140.0 9724.0 128.0 100.0 of
6328.0 9720.0 216.0 104.0 last
6660.0 9728.0 304.0 104.0 week
6980.0 9796.0 24.0 48.0 ,

4212.0 9824.0 524.0 108.0 followed
4788.0 9835.0 140.0 120.0 by
4980.0 9832.0 188.0 104.0 the
5232.0 9835.0 252.0 104.0 cold
5552.0 9839.0 492.0 100.0 weather
6044.0 9911.0 28.0 40.0 ,
6184.0 9839.0 408.0 104.0 caused
6704.0 9868.0 312.0 76.0 some

4212.0 9940.0 388.0 124.0 Injury
4708.0 9948.0 116.0 100.0 In
4940.0 9948.0 448.0 104.0 Illinois
5492.0 9952.0 228.0 100.0 nnd
5792.0 9956.0 112.0 100.0 In
6020.0 9940.0 500.0 116.0 Indiana
6516.0 10032.0 28.0 48.0 ,
6600.0 9964.0 228.0 96.0 and
6884.0 9960.0 116.0 100.0 in

4216.0 10060.0 500.0 104.0 Lal'orte
4796.0 10068.0 224.0 100.0 nnd
5084.0 10068.0 588.0 108.0 Uandolph
5720.0 10076.0 512.0 96.0 counties
6308.0 10076.0 128.0 96.0 of
6504.0 10076.0 496.0 100.0 Indiana

4208.0 10179.0 772.0 104.0 considerable
5032.0 10188.0 368.0 96.0 wheat
5448.0 10208.0 228.0 76.0 was
5784.0 10188.0 380.0 100.0 fro/en
6276.0 10188.0 228.0 104.0 and
6616.0 10192.0 380.0 100.0 killed.

4208.0 10292.0 864.0 120.0 Twenty-throe
5124.0 10296.0 444.0 104.0 Illinois
5608.0 10304.0 520.0 100.0 counties
6192.0 10304.0 224.0 100.0 this
6488.0 10307.0 312.0 96.0 week
6852.0 10332.0 116.0 76.0 re-

4212.0 10420.0 252.0 104.0 port
4512.0 10420.0 368.0 96.0 wheat
4920.0 10439.0 124.0 76.0 is
5096.0 10412.0 464.0 108.0 looking
5608.0 10420.0 252.0 100.0 well
5872.0 10488.0 24.0 48.0 ,
5952.0 10416.0 336.0 104.0 while
6380.0 10420.0 112.0 100.0 in
6548.0 10420.0 412.0 100.0 Brown
6980.0 10492.0 24.0 44.0 ,

4204.0 10524.0 528.0 104.0 Johnson
4896.0 10528.0 232.0 104.0 and
5296.0 10528.0 380.0 104.0 White
5900.0 10536.0 508.0 100.0 counties
6628.0 10536.0 384.0 124.0 Injury

4216.0 10640.0 92.0 100.0 Is
4548.0 10643.0 548.0 120.0 reported.
5380.0 10647.0 540.0 100.0 Thirteen
6168.0 10643.0 512.0 108.0 counties
6892.0 10651.0 116.0 100.0 in

4204.0 10756.0 504.0 104.0 Indiana
4952.0 10760.0 328.0 100.0 make
5520.0 10787.0 268.0 96.0 very
6036.0 10760.0 572.0 104.0 favorable
6836.0 10792.0 120.0 76.0 re

4216.0 10880.0 348.0 92.0 turns.
4700.0 10876.0 132.0 100.0 In
4948.0 10880.0 572.0 116.0 Michigan
5664.0 10876.0 224.0 104.0 and
6008.0 10876.0 636.0 108.0 Wisconsin
6824.0 10888.0 188.0 96.0 the

4220.0 10991.0 448.0 100.0 outlook
4728.0 10991.0 92.0 100.0 Is
4864.0 10979.0 512.0 124.0 repoited
5424.0 11020.0 124.0 76.0 as
5600.0 11020.0 264.0 92.0 very
5916.0 10996.0 600.0 104.0 favorable.
6592.0 10996.0 424.0 124.0 Nearly

4220.0 11104.0 136.0 100.0 nil
4412.0 11112.0 184.0 96.0 the
4656.0 11108.0 636.0 108.0 Wisconsin
5352.0 11108.0 312.0 104.0 fields
5728.0 11108.0 224.0 104.0 had
6000.0 11136.0 148.0 80.0 nn
6244.0 11112.0 368.0 120.0 nmplo
6692.0 11140.0 324.0 80.0 snow

4204.0 11228.0 536.0 100.0 covering
4788.0 11224.0 316.0 104.0 since
5152.0 11228.0 216.0 100.0 lost
5416.0 11224.0 660.0 104.0 November.
6208.0 11224.0 244.0 104.0 Tlio
6524.0 11236.0 488.0 96.0 weather

4212.0 11336.0 204.0 104.0 has
4488.0 11340.0 276.0 100.0 been
4876.0 11344.0 740.0 100.0 unfavorable
5728.0 11344.0 116.0 100.0 in
5956.0 11340.0 292.0 104.0 Ohio
6256.0 11416.0 24.0 48.0 ,
6392.0 11348.0 228.0 100.0 and
6712.0 11372.0 308.0 76.0 some

4216.0 11451.0 376.0 124.0 Injtirv
4648.0 11455.0 92.0 100.0 Is
4792.0 11459.0 512.0 120.0 repoited
5352.0 11459.0 116.0 100.0 In
5524.0 11459.0 752.0 124.0 Champagne.
6332.0 11459.0 684.0 108.0 Senecaand

4220.0 11568.0 252.0 104.0 Van
4528.0 11568.0 312.0 104.0 Wert
4884.0 11576.0 512.0 104.0 counties
5404.0 11648.0 24.0 40.0 ,
5488.0 11576.0 192.0 100.0 but
5724.0 11576.0 148.0 100.0 nil
5924.0 11580.0 188.0 96.0 the
6148.0 11576.0 316.0 100.0 other
6508.0 11580.0 508.0 104.0 counties

4216.0 11688.0 576.0 116.0 reporting
4920.0 11688.0 328.0 104.0 make
5376.0 11692.0 580.0 100.0 favorable
6104.0 11700.0 480.0 96.0 returns.
6776.0 11696.0 244.0 100.0 The

4216.0 11828.0 396.0 76.0 season
4672.0 11804.0 96.0 100.0 is
4880.0 11808.0 252.0 96.0 well
5244.0 11804.0 576.0 108.0 advanced
5936.0 11808.0 116.0 100.0 in
6164.0 11808.0 532.0 104.0 Missouri
6788.0 11816.0 228.0 100.0 and

4216.0 11944.0 400.0 92.0 siiiing
4664.0 11919.0 504.0 124.0 plowing
5216.0 11919.0 200.0 104.0 lias
5524.0 11927.0 756.0 100.0 commenced.
6416.0 11935.0 132.0 92.0 In
6644.0 11927.0 332.0 100.0 Bates
6988.0 12003.0 24.0 44.0 ,

4216.0 12028.0 456.0 108.0 Benton
4688.0 12108.0 24.0 48.0 ,
4776.0 12040.0 568.0 100.0 Christian
5400.0 12040.0 224.0 100.0 and
5676.0 12040.0 792.0 124.0 Montgomery
6500.0 12044.0 516.0 104.0 counties

4216.0 12156.0 248.0 92.0 oats
4496.0 12180.0 188.0 72.0 nro
4780.0 12152.0 452.0 120.0 already
5344.0 12156.0 296.0 104.0 beini
5640.0 12184.0 36.0 80.0 :
5796.0 12180.0 356.0 80.0 sown.
6284.0 12160.0 144.0 100.0 In
6520.0 12160.0 452.0 100.0 Clinton
6988.0 12232.0 24.0 48.0 ,

4220.0 12263.0 340.0 104.0 Knox
4616.0 12267.0 228.0 100.0 and
4916.0 12267.0 680.0 124.0 Livingston
5684.0 12271.0 512.0 104.0 counties
6284.0 12276.0 124.0 96.0 of
6488.0 12276.0 532.0 100.0 Missouri

4216.0 12384.0 372.0 100.0 wheat
4640.0 12388.0 88.0 96.0 Is
4784.0 12372.0 512.0 128.0 repoited
5344.0 12416.0 124.0 72.0 as
5516.0 12388.0 464.0 112.0 looking
6088.0 12391.0 388.0 120.0 poorly
6484.0 12463.0 24.0 48.0 ,
6552.0 12395.0 192.0 96.0 but
6832.0 12395.0 192.0 100.0 the

4216.0 12504.0 324.0 96.0 other
4572.0 12524.0 284.0 80.0 conn
4876.0 12500.0 240.0 104.0 ties'
5172.0 12516.0 656.0 108.0 icportsaie
5872.0 12504.0 424.0 120.0 mainly
6340.0 12512.0 120.0 96.0 of
6488.0 12535.0 68.0 72.0 a
6592.0 12508.0 392.0 104.0 favora

4216.0 12611.0 176.0 104.0 ble
4436.0 12624.0 352.0 96.0 tenor.
4916.0 12616.0 364.0 104.0 There
5332.0 12620.0 92.0 96.0 is
5464.0 12644.0 148.0 76.0 no
5652.0 12624.0 432.0 112.0 change
6132.0 12624.0 116.0 100.0 in
6304.0 12628.0 184.0 96.0 the
6536.0 12628.0 324.0 96.0 tenor
6900.0 12628.0 124.0 96.0 of

4212.0 12735.0 188.0 96.0 the
4448.0 12739.0 432.0 112.0 reports
4952.0 12735.0 288.0 100.0 from
5296.0 12735.0 476.0 104.0 Kansas.
5908.0 12735.0 332.0 124.0 Fully
6288.0 12739.0 528.0 100.0 one-half
6900.0 12743.0 124.0 96.0 of

4212.0 12848.0 188.0 100.0 the
4452.0 12852.0 512.0 96.0 counties
5016.0 12863.0 372.0 108.0 report
5432.0 12879.0 68.0 76.0 n
5584.0 12875.0 268.0 96.0 very
5896.0 12879.0 276.0 96.0 poor
6276.0 12856.0 460.0 100.0 outlook
6848.0 12856.0 180.0 100.0 for

4220.0 12964.0 392.0 100.0 wheat
4748.0 12968.0 136.0 96.0 In
4984.0 12964.0 440.0 116.0 Harper
5520.0 12976.0 420.0 108.0 county
6048.0 12972.0 208.0 96.0 not
6356.0 12996.0 308.0 76.0 more
6748.0 12968.0 272.0 104.0 than

4216.0 13079.0 528.0 104.0 one-half
4792.0 13104.0 140.0 76.0 an
5012.0 13108.0 472.0 112.0 average
5528.0 13108.0 268.0 80.0 croo
5844.0 13083.0 92.0 100.0 Is
5984.0 13083.0 568.0 120.0 predicted
6568.0 13160.0 24.0 36.0 ,
6684.0 13088.0 340.0 100.0 while

4216.0 13196.0 116.0 100.0 In
4388.0 13196.0 272.0 112.0 Clay
4664.0 13267.0 32.0 44.0 ,
4796.0 13196.0 344.0 104.0 Davis
5148.0 13271.0 24.0 44.0 ,
5288.0 13188.0 500.0 116.0 Mitchell
5804.0 13271.0 24.0 48.0 ,
5944.0 13199.0 320.0 100.0 Keuo
6368.0 13203.0 228.0 100.0 and
6708.0 13203.0 316.0 100.0 Kock

4212.0 13312.0 512.0 100.0 counties
4776.0 13316.0 188.0 96.0 the
5048.0 13316.0 544.0 100.0 situation
5648.0 13316.0 100.0 100.0 Is
5812.0 13343.0 276.0 96.0 poor
6172.0 13320.0 228.0 100.0 and
6484.0 13320.0 188.0 100.0 the
6756.0 13347.0 272.0 100.0 crop

4216.0 13432.0 96.0 96.0 Is
4360.0 13428.0 116.0 100.0 In
4528.0 13456.0 64.0 76.0 a
4640.0 13428.0 428.0 104.0 critical
5116.0 13432.0 620.0 104.0 condition.

4308.0 13671.0 204.0 96.0 An
4568.0 13668.0 748.0 104.0 Authentic
5396.0 13675.0 672.0 112.0 Egyptian
6124.0 13679.0 748.0 116.0 Antiquity.

4324.0 13804.0 524.0 112.0 BOSTON.
4960.0 13807.0 332.0 104.0 Mass.
5308.0 13875.0 28.0 52.0 ,
5428.0 13807.0 388.0 104.0 March
5920.0 13815.0 88.0 100.0 C.
6156.0 13811.0 496.0 124.0 fSpeeial
6716.0 13815.0 316.0 104.0 Tele-

4292.0 13972.0 228.0 76.0 ram
4576.0 13951.0 116.0 96.0 to
4736.0 13947.0 192.0 104.0 the
4976.0 13947.0 216.0 104.0 Bii
5204.0 13972.0 28.0 80.0 :
5240.0 14019.0 28.0 32.0 .
5300.0 13955.0 20.0 108.0 |
5464.0 13951.0 244.0 104.0 One
5752.0 13955.0 124.0 96.0 of
5940.0 13951.0 184.0 104.0 the
6176.0 13955.0 292.0 100.0 most
6516.0 13955.0 516.0 104.0 Intercst-

4268.0 14112.0 152.0 92.0 ii2
4504.0 14087.0 228.0 108.0 and
4820.0 14091.0 512.0 104.0 valuable
5436.0 14095.0 124.0 100.0 of
5664.0 14095.0 700.0 124.0 pic-historic
6452.0 14100.0 332.0 104.0 icllcs
6856.0 14124.0 112.0 76.0 re-

4212.0 14232.0 392.0 120.0 cently
4640.0 14232.0 568.0 104.0 exhumed
5248.0 14236.0 124.0 100.0 In
5420.0 14236.0 192.0 100.0 the
5648.0 14236.0 312.0 104.0 delta
6032.0 14244.0 136.0 92.0 of
6264.0 14248.0 196.0 96.0 tlio
6496.0 14240.0 276.0 104.0 Nile
6824.0 14240.0 216.0 104.0 has

4220.0 14368.0 236.0 124.0 Just
4500.0 14376.0 444.0 96.0 arrived
4996.0 14396.0 116.0 76.0 in
5164.0 14372.0 228.0 104.0 this
5472.0 14376.0 264.0 116.0 city.
5868.0 14376.0 112.0 100.0 It
6064.0 14380.0 96.0 100.0 Is
6248.0 14380.0 780.0 116.0 undoubtedly

4236.0 14536.0 144.0 76.0 nn
4496.0 14512.0 584.0 100.0 authentic
5176.0 14512.0 836.0 104.0 double-armed
6140.0 14516.0 420.0 100.0 handle
6680.0 14520.0 124.0 96.0 of
6960.0 14544.0 72.0 76.0 a

4216.0 14648.0 408.0 116.0 golden
4680.0 14676.0 400.0 80.0 censor
5148.0 14652.0 124.0 100.0 of
5356.0 14648.0 516.0 108.0 Pharaoh
5920.0 14652.0 464.0 128.0 Hophra
6396.0 14732.0 24.0 48.0 ,
6476.0 14656.0 360.0 104.0 found
6884.0 14660.0 144.0 116.0 by

4208.0 14792.0 1100.0 104.0 Mr.FllnderPetiie
5312.0 14868.0 28.0 52.0 ,
5384.0 14796.0 836.0 124.0 aiclueologlcal
6252.0 14796.0 396.0 128.0 digger
6676.0 14804.0 128.0 100.0 of
6828.0 14804.0 196.0 104.0 the

4208.0 14936.0 572.0 124.0 Egyptian
4828.0 14940.0 704.0 112.0 exploration
5568.0 14940.0 284.0 100.0 fund
5868.0 15012.0 24.0 48.0 ,
5928.0 14940.0 1048.0 108.0 atTel-de-Fenneh
6992.0 15015.0 28.0 44.0 ,

4256.0 15103.0 68.0 72.0 n
4376.0 15080.0 192.0 100.0 the
4616.0 15080.0 780.0 104.0 northeastern
5444.0 15103.0 400.0 80.0 corner
5884.0 15083.0 124.0 96.0 of
6072.0 15080.0 188.0 104.0 the
6308.0 15080.0 308.0 108.0 delta
6660.0 15087.0 120.0 100.0 of
6840.0 15087.0 192.0 100.0 the

4212.0 15216.0 292.0 108.0 Nile.
4644.0 15219.0 108.0 100.0 It
4796.0 15219.0 96.0 100.0 is
4936.0 15244.0 268.0 100.0 pute
5212.0 15291.0 24.0 40.0 ,
5288.0 15219.0 296.0 104.0 solid
5632.0 15219.0 292.0 112.0 irold.
5980.0 15219.0 468.0 124.0 shining
6496.0 15227.0 228.0 100.0 and
6772.0 15223.0 236.0 104.0 rich

4212.0 15336.0 448.0 116.0 beyond
4696.0 15336.0 696.0 124.0 description
5408.0 15408.0 24.0 40.0 ,
5468.0 15340.0 564.0 120.0 curiously
6036.0 15412.0 28.0 44.0 ,
6112.0 15344.0 644.0 112.0 Intricately
6804.0 15344.0 228.0 104.0 and

4212.0 15452.0 688.0 120.0 laboriously
4932.0 15456.0 508.0 116.0 wrought
5448.0 15524.0 28.0 40.0 ,
5512.0 15456.0 272.0 100.0 each
5836.0 15480.0 232.0 76.0 arm
6116.0 15456.0 596.0 104.0 decorated
6764.0 15460.0 272.0 104.0 with

4212.0 15596.0 68.0 76.0 n
4320.0 15571.0 504.0 116.0 graceful
4876.0 15563.0 576.0 108.0 lotus-leaf
5512.0 15571.0 396.0 116.0 design
6004.0 15575.0 120.0 96.0 of
6216.0 15575.0 188.0 96.0 the
6448.0 15571.0 572.0 120.0 Egyptian

4220.0 15684.0 540.0 104.0 artiliceis
4768.0 15755.0 24.0 48.0 ,
4848.0 15684.0 228.0 104.0 and
5124.0 15684.0 356.0 104.0 worth
5532.0 15691.0 116.0 96.0 at
5696.0 15691.0 188.0 96.0 the
5968.0 15688.0 504.0 104.0 smallest
6552.0 15691.0 428.0 104.0 calcula-

4220.0 15804.0 236.0 96.0 tion
4472.0 15872.0 24.0 48.0 ,
4552.0 15800.0 416.0 128.0 simply
5012.0 15823.0 124.0 80.0 as
5184.0 15804.0 256.0 116.0 gold
5540.0 15804.0 420.0 100.0 bullion
5980.0 15876.0 24.0 44.0 ,
6060.0 15808.0 284.0 104.0 8000.
6476.0 15804.0 276.0 104.0 Hcv.
6804.0 15808.0 220.0 104.0 Mr.

4228.0 15915.0 584.0 108.0 Wlnslow.
4872.0 15915.0 248.0 100.0 who
5172.0 15924.0 92.0 92.0 Is
5324.0 15915.0 188.0 104.0 the
5548.0 15920.0 608.0 100.0 American
6208.0 15948.0 184.0 76.0 inn
6408.0 15920.0 136.0 104.0 do
6548.0 15996.0 28.0 48.0 ,
6632.0 15924.0 368.0 108.0 philos-

4216.0 16031.0 348.0 124.0 opher
4608.0 16031.0 228.0 104.0 and
4884.0 16031.0 372.0 104.0 friend
5312.0 16035.0 124.0 96.0 of
5484.0 16035.0 188.0 100.0 the
5724.0 16035.0 564.0 124.0 Egyptian
6340.0 16035.0 288.0 104.0 luiid
6644.0 16111.0 24.0 36.0 ,
6724.0 16064.0 264.0 76.0 man-

4224.0 16148.0 276.0 124.0 aged
4556.0 16163.0 116.0 84.0 to
4716.0 16171.0 384.0 80.0 secure
5152.0 16156.0 200.0 96.0 not
5396.0 16152.0 268.0 100.0 only
5712.0 16144.0 224.0 108.0 this
6020.0 16152.0 268.0 100.0 relic
6332.0 16156.0 120.0 96.0 of
6524.0 16156.0 512.0 100.0 Plmrnoh

4224.0 16251.0 468.0 136.0 Hophra
4696.0 16340.0 24.0 44.0 ,
4780.0 16264.0 196.0 100.0 but
5024.0 16288.0 344.0 100.0 many
5412.0 16272.0 324.0 96.0 other
5824.0 16268.0 668.0 116.0 interesting
6588.0 16272.0 448.0 100.0 articles

4232.0 16387.0 284.0 92.0 from
4568.0 16379.0 192.0 100.0 the
4808.0 16379.0 320.0 100.0 ruins
5172.0 16379.0 124.0 100.0 of
5384.0 16383.0 188.0 100.0 the
5624.0 16379.0 372.0 124.0 palace
6040.0 16392.0 120.0 92.0 at
6204.0 16383.0 552.0 128.0 Daphnae
6800.0 16392.0 244.0 100.0 that

4228.0 16495.0 360.0 120.0 might
4664.0 16495.0 596.0 104.0 othciwiso
5348.0 16495.0 284.0 108.0 have
5716.0 16523.0 296.0 76.0 1:0110
6100.0 16499.0 244.0 100.0 into
6432.0 16507.0 244.0 100.0 that
6732.0 16515.0 312.0 108.0 gieat

4224.0 16635.0 340.0 88.0 giate
4612.0 16616.0 120.0 96.0 of
4780.0 16612.0 668.0 124.0 antiquities
5460.0 16692.0 24.0 40.0 ,
5536.0 16616.0 188.0 100.0 tlio
5756.0 16616.0 424.0 104.0 British
6228.0 16643.0 504.0 80.0 museum
6748.0 16692.0 28.0 44.0 ,
6812.0 16624.0 228.0 100.0 and

4228.0 16732.0 204.0 100.0 has
4480.0 16732.0 300.0 100.0 them
4832.0 16756.0 252.0 76.0 now
5136.0 16732.0 112.0 100.0 In
5296.0 16740.0 448.0 108.0 charge.

4508.0 16971.0 112.0 96.0 A
4676.0 16971.0 464.0 96.0 Denial
5208.0 17000.0 164.0 68.0 on
5432.0 16975.0 1320.0 104.0 nohalCot'Armour.

4352.0 17111.0 564.0 104.0 CincAoo
4920.0 17183.0 28.0 48.0 ,
5012.0 17111.0 388.0 104.0 March
5468.0 17115.0 104.0 100.0 0.
5724.0 17111.0 32.0 128.0 [
5768.0 17111.0 444.0 124.0 Special
6256.0 17111.0 584.0 128.0 Telegram
6932.0 17119.0 116.0 100.0 to

4228.0 17255.0 192.0 100.0 the
4472.0 17251.0 340.0 124.0 BKK.J
4952.0 17251.0 336.0 104.0 Some
5332.0 17280.0 220.0 80.0 one
5596.0 17259.0 420.0 100.0 staited
6060.0 17259.0 188.0 100.0 the
6336.0 17272.0 380.0 112.0 report
6808.0 17288.0 196.0 96.0 yes-

4232.0 17395.0 392.0 128.0 terday
4672.0 17404.0 112.0 96.0 to
4832.0 17391.0 188.0 108.0 the
5068.0 17399.0 332.0 100.0 effect
5448.0 17399.0 244.0 100.0 that
5780.0 17399.0 192.0 104.0 the
6044.0 17399.0 396.0 104.0 breach
6540.0 17404.0 496.0 104.0 between

4248.0 17544.0 476.0 104.0 Armour
4764.0 17535.0 224.0 104.0 and
5036.0 17540.0 188.0 100.0 the
5276.0 17540.0 604.0 108.0 American
5988.0 17540.0 412.0 108.0 Cotton
6480.0 17544.0 288.0 104.0 Seed
6860.0 17544.0 180.0 108.0 Oil

4228.0 17684.0 344.0 104.0 Tiust
4612.0 17707.0 552.0 100.0 company
5216.0 17680.0 220.0 108.0 had
5484.0 17684.0 280.0 104.0 been
5836.0 17684.0 396.0 104.0 healed
6280.0 17711.0 148.0 100.0 up
6436.0 17764.0 28.0 44.0 ,
6516.0 17692.0 228.0 100.0 and
6796.0 17692.0 252.0 100.0 that

4256.0 17832.0 464.0 96.0 iVimour
4760.0 17824.0 216.0 108.0 had
5024.0 17824.0 324.0 104.0 made
5388.0 17851.0 68.0 76.0 a
5504.0 17828.0 268.0 116.0 long
5816.0 17828.0 276.0 104.0 time
6168.0 17832.0 512.0 100.0 contract
6764.0 17832.0 276.0 104.0 with

4232.0 17972.0 188.0 100.0 tlio
4464.0 17991.0 580.0 100.0 company.
5188.0 17968.0 172.0 104.0 On
5416.0 17968.0 188.0 104.0 tlio
5652.0 17972.0 516.0 116.0 strength
6216.0 17976.0 124.0 96.0 of
6380.0 17972.0 228.0 104.0 this
6652.0 17983.0 376.0 116.0 report

4228.0 18115.0 380.0 100.0 cotton
4648.0 18115.0 268.0 100.0 seed
4960.0 18108.0 152.0 108.0 oil
5160.0 18111.0 668.0 104.0 certificates
5936.0 18139.0 292.0 80.0 were
6320.0 18115.0 476.0 108.0 Inflated
6884.0 18143.0 148.0 80.0 on

4232.0 18251.0 288.0 108.0 Wall
4572.0 18255.0 372.0 100.0 street.
5080.0 18255.0 500.0 104.0 Armour
5612.0 18255.0 228.0 104.0 and
5888.0 18280.0 556.0 100.0 company
6552.0 18284.0 204.0 96.0 say
6852.0 18259.0 192.0 104.0 the

4228.0 18399.0 372.0 112.0 ropoit
4652.0 18395.0 92.0 104.0 is
4788.0 18424.0 68.0 76.0 a
4904.0 18391.0 616.0 108.0 falsehood.
5708.0 18399.0 204.0 96.0 Mr.
6004.0 18399.0 500.0 104.0 Armour
6584.0 18399.0 464.0 104.0 himself

4236.0 18515.0 96.0 100.0 Is
4380.0 18515.0 112.0 96.0 In
4552.0 18512.0 624.0 104.0 California
5188.0 18583.0 28.0 44.0 ,
5268.0 18512.0 200.0 104.0 but
5512.0 18512.0 204.0 104.0 Mr.
5772.0 18512.0 512.0 104.0 Webster
6288.0 18587.0 28.0 44.0 ,
6372.0 18515.0 252.0 100.0 who
6668.0 18543.0 316.0 96.0 repre-

4232.0 18632.0 316.0 96.0 sents
4596.0 18655.0 64.0 72.0 a
4708.0 18628.0 288.0 112.0 good
5044.0 18628.0 328.0 100.0 shaie
5416.0 18632.0 128.0 92.0 of
5592.0 18628.0 188.0 100.0 the
5868.0 18628.0 388.0 100.0 brains
6340.0 18632.0 128.0 96.0 of
6552.0 18636.0 500.0 100.0 Armour

4236.0 18743.0 96.0 96.0 &
4380.0 18743.0 188.0 100.0 Co.
4584.0 18811.0 24.0 48.0 ,
4660.0 18739.0 388.0 104.0 makes
5092.0 18768.0 64.0 72.0 n
5196.0 18747.0 296.0 100.0 most
5532.0 18739.0 564.0 128.0 emphatic
6144.0 18743.0 376.0 100.0 denial
6628.0 18752.0 124.0 92.0 of
6852.0 18756.0 192.0 92.0 the

4236.0 18855.0 436.0 120.0 alleged
4784.0 18851.0 572.0 108.0 coalition.
5548.0 18855.0 136.0 104.0 In
5840.0 18859.0 260.0 100.0 fact.
6216.0 18859.0 204.0 104.0 Mr.
6544.0 18859.0 508.0 108.0 Webster

4236.0 18972.0 516.0 120.0 stronuly
4808.0 18972.0 576.0 100.0 Intimates
5432.0 18972.0 248.0 104.0 that
5724.0 18972.0 312.0 104.0 there
6084.0 18964.0 100.0 112.0 Is
6276.0 18980.0 204.0 100.0 not
6552.0 18976.0 272.0 108.0 oulv
6880.0 18980.0 128.0 104.0 lit-

4240.0 19087.0 152.0 100.0 tle
4436.0 19112.0 128.0 76.0 or
4608.0 19112.0 152.0 76.0 no
4796.0 19087.0 636.0 116.0 possibility
5476.0 19092.0 124.0 96.0 of
5640.0 19087.0 272.0 100.0 such
5964.0 19116.0 64.0 72.0 a
6116.0 19092.0 336.0 112.0 thing
6556.0 19092.0 444.0 136.0 happen-

4244.0 19203.0 200.0 124.0 ing
4448.0 19275.0 28.0 40.0 ,
4528.0 19203.0 204.0 100.0 but
4816.0 19207.0 240.0 96.0 that
5104.0 19203.0 308.0 100.0 there
5464.0 19199.0 92.0 104.0 Is
5604.0 19232.0 64.0 72.0 a
5716.0 19228.0 268.0 96.0 very
6028.0 19211.0 316.0 112.0 great
6372.0 19187.0 676.0 144.0 probability

4236.0 19320.0 124.0 100.0 of
4408.0 19327.0 492.0 92.0 Armour
4944.0 19320.0 100.0 96.0 &
5088.0 19320.0 196.0 100.0 Co.
5336.0 19320.0 524.0 116.0 carrying
5904.0 19323.0 192.0 96.0 the
6196.0 19347.0 232.0 76.0 war
6512.0 19320.0 240.0 108.0 Into
6860.0 19327.0 188.0 100.0 the

4236.0 19432.0 512.0 124.0 enemy's
4792.0 19459.0 324.0 112.0 camp
5160.0 19459.0 124.0 76.0 as
5320.0 19436.0 676.0 104.0 announced
6044.0 19440.0 120.0 100.0 In
6216.0 19440.0 188.0 100.0 the
6484.0 19440.0 240.0 104.0 first
6804.0 19440.0 180.0 104.0 dis-

4240.0 19551.0 332.0 124.0 patch
4652.0 19551.0 292.0 100.0 from
4992.0 19555.0 44.0 96.0 (
5044.0 19539.0 596.0 116.0 ialvcston.

4672.0 19795.0 536.0 96.0 Mother
5272.0 19795.0 632.0 116.0 Angela's
5980.0 19795.0 616.0 108.0 Funeral.

4352.0 19931.0 456.0 108.0 NOKTH
4860.0 19931.0 364.0 104.0 BKND
5228.0 20007.0 24.0 44.0 ,
5304.0 19927.0 252.0 108.0 Ind.
5572.0 20003.0 24.0 52.0 ,
5648.0 19931.0 388.0 108.0 March
6072.0 19939.0 96.0 100.0 0.
6300.0 19939.0 248.0 100.0 The
6592.0 19939.0 456.0 104.0 funeral

4236.0 20083.0 124.0 96.0 of
4460.0 20075.0 444.0 104.0 Mother
5004.0 20075.0 444.0 124.0 Angela
5456.0 20151.0 28.0 44.0 ,
5620.0 20075.0 224.0 104.0 late
5948.0 20079.0 568.0 120.0 surporlor
6624.0 20083.0 124.0 96.0 of
6856.0 20079.0 192.0 108.0 the

4240.0 20219.0 416.0 104.0 Sisters
4752.0 20219.0 124.0 100.0 of
4980.0 20219.0 192.0 104.0 the
5280.0 20215.0 300.0 128.0 Holy
5664.0 20219.0 328.0 104.0 Cross
6068.0 20223.0 116.0 100.0 In
6300.0 20223.0 188.0 104.0 the
6600.0 20219.0 436.0 108.0 United

4240.0 20363.0 368.0 104.0 States
4616.0 20440.0 28.0 48.0 ,
4696.0 20359.0 228.0 108.0 and
4972.0 20363.0 488.0 104.0 founder
5500.0 20363.0 124.0 100.0 of
5672.0 20388.0 608.0 80.0 numerous
6324.0 20363.0 720.0 108.0 educational

4240.0 20503.0 708.0 108.0 Institutions
4956.0 20584.0 24.0 44.0 ,
5040.0 20503.0 268.0 104.0 took
5352.0 20503.0 312.0 128.0 place
5712.0 20508.0 228.0 104.0 this
6004.0 20508.0 564.0 124.0 morning.
6700.0 20512.0 348.0 104.0 Alter

4236.0 20652.0 188.0 104.0 the
4468.0 20652.0 432.0 104.0 solemn
4956.0 20648.0 492.0 128.0 lequlem
5544.0 20675.0 292.0 76.0 mass
5844.0 20724.0 28.0 48.0 ,
5964.0 20675.0 68.0 80.0 n
6120.0 20652.0 612.0 124.0 panegyric
6812.0 20675.0 236.0 84.0 was

4232.0 20792.0 568.0 108.0 delivered
4852.0 20796.0 136.0 120.0 by
5048.0 20792.0 420.0 124.0 Bishop
5556.0 20792.0 496.0 104.0 Gllmore
6056.0 20868.0 28.0 44.0 ,
6168.0 20796.0 128.0 104.0 of
6384.0 20796.0 652.0 112.0 Cleveland.

4232.0 20912.0 244.0 104.0 The
4560.0 20912.0 588.0 120.0 obsequies
5236.0 20936.0 292.0 80.0 were
5612.0 20912.0 536.0 104.0 attended
6264.0 20912.0 144.0 120.0 by
6492.0 20939.0 124.0 76.0 as
6700.0 20939.0 344.0 88.0 many

4244.0 21027.0 548.0 104.0 members
4856.0 21027.0 120.0 100.0 of
5044.0 21027.0 184.0 100.0 the
5312.0 21027.0 640.0 100.0 committee
6036.0 21056.0 124.0 76.0 as
6248.0 21027.0 328.0 104.0 could
6656.0 21027.0 132.0 104.0 bo
6864.0 21060.0 124.0 76.0 as-

4240.0 21143.0 492.0 104.0 sembled
4748.0 21215.0 24.0 48.0 ,
4884.0 21143.0 228.0 100.0 and
5224.0 21151.0 144.0 132.0 by
5480.0 21167.0 600.0 76.0 numerous
6196.0 21147.0 440.0 104.0 friends
6748.0 21151.0 292.0 100.0 from

4240.0 21243.0 452.0 120.0 various
4740.0 21264.0 304.0 116.0 parts
5076.0 21256.0 120.0 100.0 of
5240.0 21256.0 188.0 100.0 the
5472.0 21268.0 516.0 100.0 country.
6120.0 21260.0 448.0 104.0 Mother
6600.0 21264.0 448.0 104.0 Ancola

4240.0 21404.0 232.0 76.0 was
4560.0 21404.0 64.0 72.0 a
4704.0 21375.0 396.0 100.0 cousin
5192.0 21375.0 128.0 96.0 of
5400.0 21371.0 392.0 104.0 James
5840.0 21379.0 124.0 100.0 G.
6044.0 21375.0 404.0 104.0 lilaino
6492.0 21379.0 228.0 100.0 and
6776.0 21384.0 264.0 104.0 Mrs.

4244.0 21491.0 484.0 104.0 General
4840.0 21487.0 184.0 108.0 W.
5140.0 21487.0 132.0 104.0 T.
5384.0 21487.0 588.0 104.0 Sherman.
6164.0 21495.0 460.0 112.0 Among
6732.0 21495.0 320.0 104.0 those

4244.0 21615.0 452.0 120.0 present
4744.0 21631.0 292.0 76.0 were
5088.0 21604.0 588.0 104.0 Philemon
5772.0 21608.0 120.0 100.0 K.
5992.0 21604.0 408.0 120.0 Ewlng
6408.0 21679.0 24.0 44.0 ,
6516.0 21611.0 536.0 104.0 Kmmoiis

4244.0 21724.0 224.0 108.0 nnd
4524.0 21724.0 456.0 104.0 Walker
5036.0 21720.0 392.0 104.0 Blalne
5436.0 21796.0 28.0 48.0 ,
5516.0 21728.0 228.0 100.0 nnd
5780.0 21720.0 656.0 108.0 Alexander
6480.0 21728.0 512.0 104.0 Sullivan
7012.0 21800.0 28.0 48.0 ,

4244.0 21847.0 128.0 96.0 of
4460.0 21839.0 532.0 120.0 Chicago.
5136.0 21839.0 640.0 104.0 Interment
5860.0 21864.0 232.0 80.0 wns
6176.0 21847.0 116.0 96.0 at
6380.0 21839.0 164.0 108.0 St.
6636.0 21839.0 420.0 128.0 Mnry's

4248.0 21959.0 564.0 116.0 academy.

4668.0 22171.0 720.0 100.0 Extensive
5444.0 22179.0 360.0 96.0 Mills
5864.0 22175.0 784.0 120.0 Destroyed.

4368.0 22311.0 192.0 104.0 ST.
4620.0 22307.0 352.0 108.0 PAUL
4976.0 22383.0 32.0 40.0 ,
5060.0 22311.0 388.0 104.0 Mnrch
5492.0 22315.0 92.0 100.0 0.
5716.0 22311.0 108.0 104.0 A
5920.0 22311.0 416.0 124.0 special
6388.0 22319.0 120.0 96.0 to
6552.0 22315.0 188.0 104.0 the
6788.0 22315.0 208.0 104.0 Pie

4252.0 22455.0 644.0 104.0 neer-Press
4944.0 22459.0 284.0 96.0 from
5284.0 22451.0 508.0 112.0 Hudson.
5912.0 22451.0 280.0 112.0 Win.
6208.0 22527.0 28.0 48.0 ,
6348.0 22484.0 260.0 96.0 says
6632.0 22484.0 32.0 80.0 :
6788.0 22455.0 252.0 104.0 The

4252.0 22596.0 584.0 108.0 extensive
4936.0 22596.0 484.0 124.0 flouring
5528.0 22596.0 236.0 104.0 mill
5872.0 22596.0 324.0 128.0 plant
6240.0 22600.0 124.0 100.0 of
6476.0 22600.0 128.0 108.0 O.
6704.0 22600.0 352.0 104.0 Burk-

4252.0 22740.0 324.0 108.0 luudt
4584.0 22816.0 28.0 52.0 ,
4668.0 22744.0 324.0 104.0 north
5044.0 22740.0 124.0 100.0 of
5212.0 22740.0 224.0 104.0 this
5472.0 22740.0 224.0 120.0 city
5704.0 22812.0 28.0 44.0 ,
5784.0 22740.0 440.0 108.0 burned
6336.0 22740.0 232.0 104.0 this
6676.0 22767.0 384.0 80.0 morn-

4260.0 22884.0 192.0 108.0 In'
4456.0 22959.0 28.0 32.0 .
4620.0 22884.0 276.0 104.0 Loss
4904.0 22959.0 24.0 40.0 ,
4980.0 22888.0 476.0 116.0 $100,000
5480.0 22907.0 28.0 100.0 ;
5580.0 22880.0 240.0 108.0 mill
5916.0 22888.0 532.0 120.0 property
6496.0 22884.0 404.0 108.0 valued
6948.0 22891.0 112.0 96.0 at

4256.0 22995.0 408.0 124.0 840,003
4684.0 23027.0 32.0 96.0 ;
4852.0 23004.0 596.0 100.0 Insurance
5456.0 23076.0 24.0 48.0 ,
5596.0 23008.0 32.0 96.0 $
5628.0 23004.0 388.0 108.0 H7,000
6044.0 23023.0 24.0 80.0 :
6212.0 22999.0 504.0 108.0 elevator
6836.0 23004.0 224.0 104.0 and

4256.0 23119.0 644.0 104.0 warehouse
5000.0 23119.0 400.0 100.0 valued
5500.0 23119.0 116.0 100.0 at
5800.0 23115.0 340.0 124.0 40,000
6164.0 23140.0 28.0 88.0 ;
6336.0 23115.0 464.0 108.0 Insured
6892.0 23123.0 168.0 100.0 for

4252.0 23243.0 444.0 112.0 822,600.
4832.0 23235.0 132.0 100.0 In
5012.0 23235.0 188.0 100.0 the
5244.0 23239.0 492.0 96.0 elevator
5780.0 23259.0 288.0 76.0 weio
6168.0 23235.0 340.0 116.0 a\000
6620.0 23235.0 440.0 104.0 bushels

4256.0 23356.0 128.0 100.0 of
4448.0 23352.0 396.0 104.0 wheat.
4972.0 23356.0 96.0 96.0 A
5172.0 23352.0 472.0 100.0 number
5720.0 23352.0 124.0 96.0 of
5948.0 23352.0 456.0 100.0 smaller
6484.0 23352.0 576.0 124.0 buildings

4260.0 23471.0 480.0 104.0 burned.
4876.0 23463.0 244.0 108.0 The
5164.0 23492.0 392.0 80.0 owner
5620.0 23463.0 236.0 104.0 will
5920.0 23467.0 436.0 104.0 rebuild
6404.0 23476.0 116.0 96.0 at
6564.0 23492.0 312.0 84.0 once.

4880.0 23707.0 576.0 104.0 Adcllna
5532.0 23711.0 476.0 96.0 I'attl's
6084.0 23707.0 368.0 104.0 Heir.

4376.0 23855.0 308.0 108.0 NKW
4768.0 23855.0 596.0 100.0 OHI.KANS
5376.0 23923.0 24.0 48.0 ,
5456.0 23843.0 384.0 108.0 March
5932.0 23847.0 88.0 104.0 0.
6168.0 23847.0 24.0 124.0 |
6216.0 23847.0 436.0 124.0 Special
6740.0 23847.0 280.0 108.0 Tele-

4260.0 24024.0 316.0 104.0 gram
4632.0 24003.0 112.0 100.0 to
4792.0 23995.0 192.0 104.0 the
5060.0 23991.0 348.0 124.0 BKK.I
5548.0 23987.0 276.0 108.0 Miss
5876.0 23987.0 532.0 108.0 Carolina
6456.0 23991.0 300.0 108.0 Pattl
6844.0 23987.0 216.0 108.0 nnd

4264.0 24148.0 196.0 104.0 her
4512.0 24139.0 436.0 108.0 mother
4992.0 24135.0 280.0 108.0 have
5320.0 24127.0 628.0 136.0 completed
6020.0 24131.0 148.0 104.0 all
6216.0 24135.0 832.0 116.0 arrangement.

4260.0 24296.0 120.0 100.0 to
4456.0 24288.0 312.0 104.0 leave
4856.0 24279.0 228.0 108.0 this
5168.0 24279.0 232.0 120.0 city
5444.0 24303.0 148.0 80.0 on
5648.0 24275.0 596.0 120.0 Thursday
6288.0 24279.0 276.0 100.0 next
6652.0 24271.0 176.0 104.0 for
6908.0 24275.0 152.0 104.0 St.

4272.0 24403.0 336.0 108.0 Louis
4616.0 24479.0 24.0 40.0 ,
4692.0 24399.0 372.0 104.0 where
5152.0 24395.0 496.0 108.0 Adellna
5704.0 24395.0 296.0 104.0 Pattl
6092.0 24391.0 228.0 108.0 will
6424.0 24399.0 288.0 96.0 meet
6764.0 24391.0 296.0 104.0 them

4264.0 24527.0 228.0 100.0 and
4576.0 24519.0 264.0 108.0 take
4924.0 24519.0 300.0 100.0 them
5320.0 24511.0 272.0 108.0 with
5708.0 24519.0 192.0 96.0 her
5988.0 24531.0 148.0 80.0 on
6228.0 24511.0 200.0 104.0 her
6492.0 24519.0 380.0 96.0 return
6968.0 24515.0 92.0 96.0 tc

4276.0 24643.0 432.0 108.0 Europe
4712.0 24711.0 28.0 44.0 ,
4796.0 24636.0 364.0 100.0 where
5252.0 24636.0 192.0 100.0 the
5524.0 24651.0 392.0 96.0 young
5964.0 24628.0 264.0 120.0 lady
6276.0 24636.0 96.0 92.0 Is
6460.0 24632.0 116.0 100.0 to
6624.0 24636.0 436.0 96.0 become

4268.0 24760.0 192.0 96.0 the
4548.0 24747.0 592.0 112.0 hclicssof
5228.0 24747.0 196.0 104.0 her
5500.0 24743.0 392.0 124.0 jewels
5944.0 24743.0 228.0 104.0 and
6256.0 24743.0 208.0 104.0 her
6540.0 24743.0 352.0 104.0 castle
6956.0 24743.0 104.0 104.0 In

4272.0 24871.0 408.0 108.0 Wales.
5644.0 24983.0 100.0 20.0 _

4584.0 25007.0 48.0 56.0 ,
4656.0 25011.0 56.0 56.0 t

4592.0 25079.0 708.0 108.0 Unknown
5372.0 25087.0 620.0 92.0 Steamer
6064.0 25075.0 712.0 100.0 Wrecked.

4400.0 25223.0 548.0 108.0 CASIPKN
4960.0 25296.0 24.0 52.0 ,
5044.0 25219.0 144.0 112.0 N.
5236.0 25219.0 108.0 108.0 J.
5356.0 25291.0 28.0 52.0 ,
5440.0 25215.0 384.0 108.0 March
5884.0 25211.0 336.0 108.0 0.-II
6268.0 25215.0 92.0 104.0 Is
6428.0 25211.0 368.0 108.0 stated
6844.0 25215.0 216.0 104.0 thai

4280.0 25391.0 68.0 80.0 a
4388.0 25368.0 476.0 100.0 steamer
4908.0 25364.0 380.0 104.0 bound
5340.0 25364.0 176.0 104.0 for
5552.0 25387.0 68.0 80.0 a
5664.0 25355.0 532.0 108.0 northern
6248.0 25355.0 252.0 128.0 port
6548.0 25355.0 216.0 108.0 had
6808.0 25359.0 236.0 104.0 beei

4284.0 25504.0 504.0 104.0 wrecked
4828.0 25512.0 156.0 96.0 off
5052.0 25504.0 188.0 108.0 the
5288.0 25504.0 280.0 108.0 Now
5612.0 25504.0 404.0 116.0 Jersey
6064.0 25512.0 308.0 92.0 coast
6416.0 25495.0 420.0 128.0 during
6904.0 25500.0 156.0 104.0 tin

4280.0 25659.0 352.0 92.0 storm
4676.0 25647.0 128.0 108.0 of
4856.0 25647.0 612.0 120.0 Thuroday
5540.0 25647.0 252.0 104.0 last.
5968.0 25644.0 384.0 100.0 Ocean
6452.0 25640.0 360.0 104.0 Beach
6820.0 25712.0 28.0 36.0 ,
6920.0 25640.0 144.0 104.0 be-

4288.0 25772.0 364.0 96.0 tween
4748.0 25759.0 560.0 124.0 Barnegat
5416.0 25747.0 280.0 124.0 Inlet
5780.0 25763.0 228.0 108.0 and
6056.0 25759.0 468.0 104.0 Seaside-
6608.0 25755.0 284.0 128.0 park
6896.0 25827.0 28.0 48.0 ,
7000.0 25755.0 64.0 108.0 Is

4288.0 25887.0 416.0 96.0 strewn
4760.0 25904.0 76.0 80.0 w
4868.0 25879.0 160.0 100.0 itu
5080.0 25879.0 604.0 116.0 wreckage.

4888.0 26119.0 380.0 96.0 Iloko
5276.0 26184.0 28.0 52.0 ,
5380.0 26123.0 232.0 96.0 the
5724.0 26119.0 776.0 124.0 Hypocrite.

4416.0 26255.0 476.0 104.0 PKOUIA
4908.0 26331.0 28.0 44.0 ,
5048.0 26255.0 172.0 104.0 111.
5236.0 26327.0 28.0 52.0 ,
5368.0 26255.0 380.0 108.0 March
5856.0 26263.0 60.0 88.0 fi
5912.0 26331.0 32.0 36.0 ,
6084.0 26255.0 328.0 108.0 Bank
6484.0 26252.0 416.0 124.0 Forger
6984.0 26252.0 72.0 108.0 J

4304.0 26399.0 396.0 124.0 Finley
4752.0 26395.0 332.0 104.0 lioko
5128.0 26399.0 536.0 108.0 attended
5740.0 26399.0 396.0 108.0 divine
6176.0 26399.0 496.0 124.0 worship
6748.0 26399.0 116.0 104.0 In
6916.0 26403.0 148.0 100.0 tin

4292.0 26547.0 424.0 116.0 county
4756.0 26535.0 204.0 128.0 jail
5012.0 26543.0 372.0 116.0 to-day
5412.0 26539.0 228.0 104.0 nnd
5688.0 26543.0 668.0 140.0 apparently
6388.0 26543.0 276.0 104.0 took
6704.0 26567.0 72.0 76.0 a
6820.0 26543.0 204.0 96.0 dec
7036.0 26563.0 28.0 100.0 )

4304.0 26659.0 464.0 100.0 Interest
4820.0 26656.0 116.0 104.0 In
4988.0 26656.0 188.0 104.0 tlio
5220.0 26679.0 216.0 80.0 sen
5432.0 26720.0 16.0 44.0 ,
5480.0 26656.0 256.0 104.0 ices.
5844.0 26644.0 372.0 120.0 While
6260.0 26659.0 672.0 112.0 nourishing
6980.0 26656.0 84.0 104.0 h

4300.0 26775.0 192.0 104.0 the
4536.0 26771.0 512.0 112.0 banking
5092.0 26771.0 512.0 100.0 business
5644.0 26775.0 136.0 96.0 bo
5824.0 26799.0 232.0 80.0 was
6088.0 26799.0 64.0 80.0 a
6188.0 26775.0 440.0 120.0 regular
6656.0 26763.0 232.0 112.0 and
6924.0 26775.0 140.0 100.0 do

4320.0 26903.0 268.0 88.0 tout
4652.0 26887.0 604.0 104.0 attendant
5324.0 26895.0 116.0 92.0 at
5484.0 26887.0 448.0 108.0 church.

5004.0 27128.0 416.0 100.0 Given
5480.0 27128.0 152.0 120.0 ill
5640.0 27155.0 32.0 68.0 *
5732.0 27131.0 256.0 96.0 For
6044.0 27135.0 344.0 100.0 Iiost.

4428.0 27263.0 980.0 108.0 Pini.ADKi.PitiA
5424.0 27335.0 28.0 56.0 ,
5564.0 27263.0 388.0 108.0 March
6052.0 27271.0 92.0 104.0 0.
6268.0 27267.0 248.0 104.0 The
6688.0 27263.0 376.0 108.0 Italiai

4300.0 27407.0 300.0 104.0 bank
4768.0 27407.0 572.0 108.0 Charlotte
5344.0 27479.0 28.0 52.0 ,
5532.0 27403.0 360.0 108.0 hence
5992.0 27411.0 180.0 100.0 for
6292.0 27411.0 768.0 120.0 Queenstown

4320.0 27547.0 740.0 124.0 eighty-eight
5096.0 27547.0 288.0 116.0 'days
5428.0 27555.0 196.0 96.0 out
5628.0 27623.0 28.0 44.0 ,
5712.0 27547.0 204.0 104.0 has
5956.0 27547.0 280.0 104.0 been
6284.0 27547.0 340.0 108.0 elven
6732.0 27575.0 160.0 100.0 up
6988.0 27579.0 64.0 76.0 a

4308.0 27667.0 220.0 104.0 lost
4572.0 27667.0 144.0 120.0 by
4768.0 27667.0 184.0 100.0 the
4996.0 27671.0 696.0 108.0 consigners.
5820.0 27667.0 228.0 100.0 She
6092.0 27667.0 432.0 104.0 carried
6612.0 27695.0 72.0 76.0 a
6772.0 27691.0 292.0 88.0 caret

4304.0 27792.0 116.0 92.0 ot
4472.0 27783.0 360.0 104.0 wheat
4880.0 27783.0 400.0 112.0 valued
5324.0 27787.0 116.0 100.0 at
5484.0 27783.0 440.0 120.0 120,000.
6052.0 27783.0 228.0 104.0 She
6344.0 27783.0 220.0 108.0 had
6668.0 27807.0 72.0 84.0 a
6820.0 27807.0 244.0 88.0 crev

4316.0 27903.0 120.0 100.0 of
4484.0 27899.0 404.0 120.0 twelve
4936.0 27923.0 292.0 88.0 men.

7120.0 2620.0 808.0 236.0 OMAHA'S
7772.0 2620.0 32.0 92.0 '
8036.0 2624.0 880.0 244.0 CHARTER
9016.0 2624.0 852.0 244.0 CHANGES
9888.0 2800.0 48.0 64.0 ,

7124.0 3152.0 820.0 136.0 Amendments
8136.0 3156.0 332.0 136.0 Made
8656.0 3160.0 172.0 164.0 By
8972.0 3160.0 196.0 128.0 the
9356.0 3152.0 596.0 176.0 Judiciary

7668.0 3340.0 668.0 132.0 Committee
8412.0 3360.0 120.0 112.0 to
8600.0 3344.0 200.0 132.0 the
8876.0 3344.0 504.0 132.0 Measure
9392.0 3428.0 28.0 48.0 ,

7140.0 3708.0 620.0 112.0 ACTION
7912.0 3712.0 208.0 112.0 OF
8304.0 3712.0 332.0 112.0 THE
8828.0 3648.0 1128.0 180.0 DELEGATION'

7152.0 4084.0 112.0 100.0 A
7396.0 4084.0 872.0 124.0 Comparison
8384.0 4092.0 156.0 96.0 of
8628.0 4092.0 232.0 100.0 the
8968.0 4096.0 312.0 96.0 Two
9388.0 4092.0 576.0 116.0 Reports

7320.0 4252.0 484.0 100.0 Which
7936.0 4256.0 296.0 100.0 Will
8352.0 4260.0 180.0 100.0 lie
8616.0 4260.0 468.0 120.0 Hnarty
9160.0 4260.0 264.0 100.0 For
9508.0 4260.0 268.0 96.0 DIs-

7556.0 4448.0 40.0 76.0 (
7596.0 4432.0 496.0 92.0 Mission
8172.0 4428.0 132.0 96.0 In
8380.0 4428.0 228.0 96.0 the
8688.0 4428.0 848.0 116.0 Legislature

8096.0 4620.0 172.0 72.0 on
8336.0 4596.0 672.0 120.0 Tuesday.

7676.0 4948.0 276.0 100.0 The
8020.0 4948.0 692.0 100.0 Charter's
8792.0 4952.0 648.0 112.0 Chanucs.

7268.0 5084.0 560.0 108.0 LINCOLN
7840.0 5160.0 24.0 52.0 ,
8012.0 5084.0 276.0 108.0 Neb.
8304.0 5156.0 24.0 48.0 ,
8456.0 5084.0 388.0 108.0 March
8992.0 5092.0 92.0 100.0 0.
9232.0 5088.0 32.0 124.0 [
9280.0 5084.0 444.0 132.0 Special
9860.0 5092.0 116.0 104.0 to

7144.0 5224.0 192.0 108.0 the
7384.0 5228.0 368.0 128.0 UKE.J
7892.0 5228.0 244.0 104.0 The
8228.0 5228.0 796.0 108.0 amendments
9100.0 5240.0 112.0 96.0 to
9264.0 5232.0 188.0 104.0 the
9544.0 5236.0 432.0 100.0 Omaha

7144.0 5372.0 440.0 104.0 charter
7772.0 5372.0 328.0 104.0 made
8304.0 5372.0 144.0 124.0 by
8616.0 5372.0 188.0 104.0 the
9012.0 5372.0 644.0 108.0 committee
9824.0 5404.0 144.0 76.0 on

7144.0 5508.0 556.0 132.0 judiciary
7796.0 5520.0 120.0 96.0 of
8020.0 5516.0 192.0 104.0 the
8308.0 5512.0 352.0 108.0 house
8744.0 5516.0 284.0 104.0 have
9116.0 5516.0 280.0 104.0 been
9476.0 5520.0 492.0 124.0 printed.

7148.0 5656.0 1116.0 108.0 Thoconsldeiatlon
8312.0 5660.0 124.0 100.0 of
8500.0 5656.0 540.0 108.0 thesamo
9124.0 5660.0 140.0 124.0 by
9316.0 5668.0 188.0 96.0 the
9596.0 5660.0 376.0 124.0 Doug-

7156.0 5796.0 164.0 104.0 'as
7364.0 5796.0 632.0 128.0 delegation
8052.0 5799.0 204.0 104.0 has
8340.0 5799.0 456.0 124.0 already
8884.0 5808.0 280.0 100.0 bean
9256.0 5816.0 260.0 92.0 sent
9584.0 5812.0 116.0 96.0 to
9768.0 5808.0 200.0 104.0 the

7184.0 5940.0 404.0 104.0 winter
7592.0 6016.0 24.0 48.0 ,
7668.0 5940.0 228.0 108.0 and
7944.0 5944.0 264.0 104.0 both
8260.0 5940.0 228.0 108.0 will
8536.0 5948.0 132.0 100.0 be
8716.0 5944.0 344.0 120.0 ready
9100.0 5948.0 180.0 100.0 for
9320.0 5948.0 652.0 108.0 discussion

7192.0 6084.0 496.0 128.0 irohably
7728.0 6112.0 144.0 76.0 on
7920.0 6084.0 576.0 128.0 Tuesday.
8672.0 6084.0 528.0 108.0 Between
9252.0 6092.0 320.0 104.0 these
9640.0 6092.0 288.0 104.0 docu-

7184.0 6232.0 348.0 100.0 ments
7580.0 6232.0 184.0 100.0 the
7816.0 6228.0 584.0 124.0 following
8436.0 6232.0 708.0 124.0 comparison
9180.0 6232.0 96.0 104.0 Is
9332.0 6232.0 600.0 108.0 instituted
9948.0 6308.0 24.0 48.0 ,

7216.0 6368.0 136.0 104.0 he
7396.0 6376.0 324.0 100.0 notes
7760.0 6372.0 124.0 104.0 of
7948.0 6372.0 188.0 104.0 the
8188.0 6372.0 304.0 104.0 work
8540.0 6376.0 124.0 100.0 of
8732.0 6376.0 188.0 100.0 the
8996.0 6372.0 500.0 124.0 Douglas
9544.0 6376.0 396.0 104.0 delet-

7220.0 6512.0 180.0 104.0 ion
7456.0 6512.0 340.0 124.0 being
7840.0 6512.0 512.0 128.0 supplied
8404.0 6516.0 140.0 124.0 by
8588.0 6512.0 188.0 104.0 the
8824.0 6516.0 304.0 104.0 clerk
9168.0 6520.0 124.0 96.0 of
9340.0 6512.0 240.0 108.0 that
9628.0 6516.0 292.0 124.0 body
9948.0 6539.0 28.0 84.0 :

7284.0 6652.0 240.0 104.0 Tlio
7568.0 6652.0 480.0 120.0 oilgltial
8100.0 6652.0 188.0 108.0 bill
8300.0 6728.0 24.0 48.0 ,
8376.0 6652.0 424.0 108.0 section
8852.0 6660.0 60.0 92.0 3
8920.0 6732.0 24.0 40.0 ,
9004.0 6652.0 508.0 112.0 includes
9568.0 6656.0 404.0 108.0 within

7224.0 6772.0 400.0 100.0 iiocltv
7672.0 6776.0 348.0 100.0 limits
8068.0 6800.0 144.0 76.0 an
8264.0 6800.0 260.0 76.0 area
8568.0 6776.0 124.0 96.0 of
8760.0 6772.0 348.0 120.0 thirty
9156.0 6796.0 404.0 104.0 square
9624.0 6776.0 348.0 104.0 miles.

7176.0 6884.0 232.0 104.0 The
7452.0 6892.0 732.0 100.0 amendment
8260.0 6900.0 228.0 92.0 sets
8540.0 6884.0 84.0 108.0 It
8668.0 6900.0 116.0 92.0 at
8832.0 6892.0 692.0 120.0 twenty-livo
9584.0 6916.0 400.0 100.0 square

7176.0 7004.0 348.0 104.0 miles.
7696.0 7011.0 136.0 92.0 In
7928.0 7004.0 228.0 104.0 this
8224.0 7004.0 188.0 104.0 the
8456.0 7004.0 500.0 128.0 Douglas
9004.0 7007.0 648.0 124.0 delegation
9728.0 7032.0 212.0 84.0 con

7168.0 7140.0 284.0 84.0 curs.

7288.0 7228.0 444.0 108.0 Section
7784.0 7236.0 112.0 96.0 11
7944.0 7236.0 516.0 124.0 provides
8504.0 7240.0 184.0 104.0 for
8744.0 7236.0 192.0 104.0 the
9020.0 7236.0 476.0 108.0 election
9572.0 7236.0 124.0 104.0 of
9784.0 7236.0 196.0 104.0 the

7172.0 7372.0 392.0 120.0 mayor
7568.0 7420.0 24.0 48.0 ,
7708.0 7351.0 360.0 112.0 police
8180.0 7356.0 356.0 136.0 judge
8544.0 7432.0 24.0 44.0 ,
8676.0 7360.0 228.0 100.0 nnd
9012.0 7368.0 548.0 92.0 treasurer
9668.0 7356.0 264.0 120.0 only
9944.0 7428.0 32.0 48.0 ,

7176.0 7464.0 336.0 104.0 while
7576.0 7464.0 188.0 104.0 the
7808.0 7460.0 736.0 116.0 amendment
8632.0 7472.0 508.0 104.0 includes
9224.0 7472.0 724.0 124.0 comptroller
9948.0 7544.0 28.0 52.0 ,

7172.0 7580.0 228.0 120.0 city
7444.0 7584.0 300.0 120.0 clery
7808.0 7588.0 228.0 100.0 and
8124.0 7588.0 228.0 120.0 city
8436.0 7596.0 556.0 112.0 attorney.
9164.0 7584.0 644.0 108.0 Concurred
9860.0 7592.0 116.0 100.0 in

7176.0 7708.0 396.0 112.0 except
7612.0 7728.0 60.0 72.0 n
7684.0 7736.0 28.0 36.0 >
7712.0 7751.0 24.0 52.0 >
7780.0 7716.0 112.0 84.0 to
7936.0 7704.0 228.0 120.0 city
8212.0 7708.0 520.0 116.0 attorney
8776.0 7708.0 232.0 96.0 and
9052.0 7704.0 760.0 124.0 comptiollcr.

7296.0 7815.0 452.0 104.0 Section
7804.0 7823.0 108.0 92.0 12
7956.0 7823.0 500.0 120.0 requires
8500.0 7848.0 68.0 72.0 a
8644.0 7819.0 720.0 104.0 councilman
9440.0 7828.0 112.0 96.0 to
9624.0 7823.0 132.0 96.0 ho
9820.0 7844.0 148.0 80.0 an

7240.0 7932.0 384.0 104.0 'actual
7240.0 7932.0 16.0 52.0 '
7704.0 7932.0 228.0 104.0 and
7980.0 7936.0 292.0 100.0 boiia
8324.0 7932.0 212.0 104.0 lide
8624.0 7960.0 384.0 76.0 owner
9052.0 7944.0 112.0 92.0 ot
9236.0 7936.0 228.0 104.0 real
9508.0 7944.0 388.0 96.0 estatf.
9912.0 7936.0 64.0 56.0 "

7192.0 8044.0 128.0 104.0 In
7376.0 8056.0 188.0 96.0 the
7608.0 8052.0 792.0 104.0 amendments
8444.0 8048.0 224.0 104.0 this
8700.0 8048.0 584.0 108.0 condition
9336.0 8052.0 96.0 104.0 is
9468.0 8052.0 508.0 104.0 omitted.

7192.0 8164.0 632.0 104.0 "Joucurred
7872.0 8172.0 152.0 96.0 In.

7300.0 8280.0 444.0 104.0 Section
7792.0 8284.0 120.0 96.0 4S
7956.0 8280.0 352.0 104.0 limits
8336.0 8280.0 188.0 108.0 the
8560.0 8284.0 540.0 104.0 stretches
9132.0 8284.0 120.0 104.0 of
9292.0 8287.0 688.0 124.0 approaches

7184.0 8400.0 116.0 96.0 to
7344.0 8396.0 512.0 104.0 viaducts
7904.0 8400.0 364.0 100.0 which
8356.0 8400.0 544.0 104.0 railroads
8984.0 8412.0 300.0 92.0 must
9368.0 8412.0 300.0 92.0 erect
9756.0 8404.0 228.0 100.0 and

7224.0 8512.0 516.0 104.0 naintam
7788.0 8520.0 120.0 96.0 at
7952.0 8520.0 276.0 112.0 1,200
8264.0 8516.0 264.0 100.0 feet.
8708.0 8516.0 292.0 104.0 This
9064.0 8520.0 124.0 100.0 in
9272.0 8516.0 200.0 104.0 the
9528.0 8520.0 420.0 100.0 amend-

7212.0 8636.0 292.0 96.0 ment
7552.0 8631.0 100.0 100.0 Is
7700.0 8631.0 476.0 104.0 reduced
8224.0 8636.0 116.0 96.0 to
8384.0 8640.0 144.0 88.0 KX
8528.0 8636.0 32.0 92.0 )
8608.0 8627.0 260.0 104.0 feet.
9004.0 8631.0 644.0 104.0 Concurred
9700.0 8656.0 156.0 84.0 in.

7304.0 8748.0 452.0 100.0 Section
7840.0 8752.0 124.0 92.0 M
8064.0 8772.0 612.0 112.0 empowers
8880.0 8744.0 192.0 104.0 the
9228.0 8772.0 392.0 96.0 mayor
9744.0 8748.0 228.0 104.0 and

7188.0 8864.0 444.0 100.0 council
7700.0 8876.0 116.0 84.0 to
7860.0 8860.0 500.0 104.0 retaliate
8428.0 8888.0 124.0 76.0 or
8640.0 8864.0 488.0 120.0 prohibit
9212.0 8868.0 192.0 96.0 the
9488.0 8868.0 488.0 100.0 erection

7188.0 8980.0 124.0 96.0 of
7352.0 8980.0 148.0 100.0 all
7548.0 8976.0 304.0 124.0 poles
7900.0 8988.0 176.0 88.0 for
8120.0 8980.0 444.0 104.0 electric
8612.0 9004.0 196.0 76.0 use
8916.0 8980.0 116.0 100.0 In
9084.0 8976.0 184.0 104.0 the
9376.0 8988.0 404.0 96.0 streets
9860.0 9008.0 124.0 76.0 or

7188.0 9092.0 372.0 120.0 public
7600.0 9092.0 504.0 120.0 grounds
8132.0 9116.0 28.0 96.0 ;
8204.0 9099.0 112.0 96.0 to
8368.0 9116.0 436.0 100.0 require
8860.0 9092.0 188.0 104.0 the
9092.0 9095.0 488.0 104.0 removal
9628.0 9103.0 120.0 96.0 ot
9796.0 9095.0 188.0 104.0 the

7188.0 9231.0 308.0 76.0 same
7600.0 9235.0 124.0 76.0 us
7828.0 9231.0 248.0 92.0 may
8164.0 9212.0 136.0 100.0 bo
8404.0 9212.0 436.0 100.0 desired
8852.0 9284.0 24.0 48.0 ,
8936.0 9212.0 228.0 100.0 nnd
9212.0 9212.0 188.0 104.0 the
9528.0 9212.0 456.0 120.0 placing

7192.0 9328.0 356.0 96.0 under
7656.0 9324.0 436.0 120.0 ground
8140.0 9328.0 120.0 96.0 of
8308.0 9324.0 148.0 104.0 all
8504.0 9328.0 572.0 120.0 teleuraph
9088.0 9404.0 24.0 40.0 ,
9224.0 9328.0 592.0 124.0 telephone
9864.0 9356.0 124.0 76.0 or

7188.0 9439.0 320.0 100.0 other
7652.0 9444.0 448.0 100.0 electric
8204.0 9464.0 360.0 80.0 wires.
8696.0 9444.0 368.0 100.0 These
9164.0 9456.0 820.0 112.0 lequirements

7188.0 9584.0 188.0 76.0 are
7428.0 9564.0 200.0 92.0 not
7676.0 9556.0 528.0 108.0 included
8256.0 9580.0 116.0 80.0 in
8484.0 9560.0 188.0 100.0 the
8764.0 9564.0 832.0 100.0 amendments.
9736.0 9564.0 248.0 100.0 The

7192.0 9672.0 496.0 104.0 Dou.Mas
7728.0 9672.0 636.0 124.0 delegation
8420.0 9672.0 144.0 100.0 do
8612.0 9684.0 204.0 92.0 not
8856.0 9699.0 420.0 76.0 concur
9344.0 9676.0 112.0 100.0 in
9516.0 9676.0 184.0 104.0 the
9768.0 9680.0 160.0 100.0 lat-

7192.0 9800.0 168.0 92.0 ter
7420.0 9788.0 228.0 104.0 and
7696.0 9792.0 200.0 100.0 ask
7952.0 9788.0 188.0 104.0 the
8192.0 9792.0 480.0 116.0 original
8740.0 9796.0 464.0 100.0 section.

7312.0 9903.0 448.0 104.0 Section
7812.0 9907.0 116.0 96.0 64
7976.0 9903.0 632.0 104.0 authorizes
8712.0 9907.0 192.0 100.0 the
8964.0 9907.0 844.0 128.0 appropriation
9864.0 9907.0 120.0 104.0 of

7192.0 10032.0 524.0 116.0 property
7768.0 10028.0 180.0 96.0 tor
7992.0 10047.0 64.0 76.0 a
8104.0 10024.0 472.0 100.0 number
8616.0 10024.0 124.0 96.0 of
8800.0 10047.0 256.0 76.0 uses
9064.0 10096.0 24.0 48.0 ,
9204.0 10028.0 616.0 120.0 especially
9864.0 10052.0 124.0 76.0 as

7192.0 10124.0 388.0 128.0 paiks.
7712.0 10140.0 224.0 96.0 But
7984.0 10136.0 484.0 124.0 "parks"
8524.0 10140.0 96.0 100.0 is
8684.0 10140.0 656.0 104.0 eliminated
9456.0 10148.0 288.0 96.0 from
9800.0 10144.0 188.0 100.0 the

7188.0 10243.0 556.0 128.0 judiciary
7784.0 10256.0 824.0 100.0 amendments.
8736.0 10256.0 244.0 104.0 The
9028.0 10256.0 636.0 124.0 delegation
9716.0 10260.0 268.0 104.0 does

7196.0 10379.0 200.0 88.0 not
7464.0 10392.0 448.0 76.0 concur.

7308.0 10484.0 456.0 104.0 Section
7816.0 10488.0 88.0 96.0 7l
7940.0 10556.0 24.0 44.0 ,
8016.0 10507.0 416.0 80.0 amonir
8540.0 10507.0 344.0 96.0 many
8992.0 10484.0 388.0 124.0 things
9468.0 10488.0 520.0 104.0 contains

7192.0 10596.0 188.0 104.0 the
7492.0 10596.0 588.0 120.0 following
8108.0 10624.0 24.0 76.0 :
8272.0 10600.0 416.0 124.0 "Upon
8780.0 10604.0 188.0 100.0 the
9084.0 10604.0 676.0 132.0 completion
9868.0 10612.0 120.0 92.0 of

7188.0 10715.0 188.0 96.0 the
7424.0 10715.0 240.0 100.0 said
7716.0 10728.0 688.0 88.0 assessment
8448.0 10715.0 208.0 104.0 toll
8664.0 10787.0 24.0 40.0 ,
8744.0 10719.0 188.0 100.0 the
8980.0 10715.0 228.0 120.0 city
9272.0 10704.0 304.0 116.0 clerk
9692.0 10719.0 292.0 104.0 shall

7192.0 10828.0 216.0 104.0 add
7460.0 10836.0 116.0 96.0 to
7620.0 10832.0 244.0 100.0 said
7912.0 10832.0 208.0 100.0 roll
8224.0 10855.0 228.0 92.0 any
8544.0 10855.0 228.0 80.0 ami
8872.0 10832.0 152.0 104.0 all
9092.0 10832.0 224.0 104.0 real
9424.0 10843.0 356.0 96.0 estate
9868.0 10840.0 116.0 100.0 In

7188.0 10948.0 244.0 96.0 said
7476.0 10948.0 228.0 120.0 city
7752.0 10944.0 612.0 124.0 belonging
8408.0 10952.0 116.0 96.0 to
8568.0 10972.0 224.0 96.0 any
8896.0 10948.0 488.0 104.0 railroad
9488.0 10979.0 128.0 72.0 or
9720.0 10952.0 220.0 104.0 tele-

7188.0 11064.0 344.0 120.0 graph
7568.0 11088.0 556.0 116.0 company
8132.0 11136.0 24.0 44.0 ,
8212.0 11064.0 224.0 100.0 and
8488.0 11076.0 200.0 88.0 not
8804.0 11088.0 616.0 100.0 appearing
9528.0 11092.0 144.0 80.0 on
9792.0 11072.0 188.0 96.0 the

7192.0 11187.0 412.0 108.0 county
7652.0 11172.0 200.0 108.0 roll
7912.0 11179.0 136.0 120.0 by
8084.0 11204.0 396.0 76.0 reason
8512.0 11187.0 116.0 92.0 ot
8672.0 11179.0 420.0 120.0 having
9132.0 11183.0 276.0 100.0 been
9456.0 11183.0 532.0 104.0 returned

7192.0 11300.0 112.0 92.0 to
7380.0 11296.0 188.0 96.0 the
7668.0 11296.0 292.0 100.0 state
8064.0 11296.0 340.0 100.0 board
8488.0 11323.0 124.0 72.0 or
8652.0 11300.0 596.0 100.0 otherwise
9248.0 11376.0 28.0 28.0 ,
9328.0 11304.0 228.0 96.0 and
9624.0 11327.0 368.0 76.0 assess

7192.0 11416.0 192.0 96.0 the
7428.0 11432.0 304.0 80.0 same
7776.0 11440.0 124.0 72.0 as
7952.0 11436.0 272.0 76.0 near
8284.0 11440.0 124.0 72.0 as
8512.0 11436.0 256.0 96.0 may
8876.0 11416.0 132.0 96.0 bo
9116.0 11424.0 112.0 92.0 to
9308.0 11420.0 684.0 120.0 correspond

7196.0 11523.0 268.0 104.0 with
7520.0 11527.0 184.0 100.0 the
7768.0 11527.0 508.0 104.0 assessed
8328.0 11527.0 320.0 104.0 value
8696.0 11527.0 124.0 100.0 of
8860.0 11527.0 236.0 104.0 like
9200.0 11536.0 524.0 120.0 property
9836.0 11560.0 144.0 76.0 on

7192.0 11644.0 244.0 100.0 said
7484.0 11648.0 420.0 116.0 county
7948.0 11644.0 212.0 100.0 roll
8228.0 11651.0 172.0 92.0 for
8464.0 11667.0 476.0 96.0 purpose
8984.0 11648.0 120.0 96.0 of
9216.0 11651.0 508.0 96.0 taxation
9816.0 11655.0 180.0 96.0 lor

7200.0 11760.0 620.0 116.0 municipal
8040.0 11784.0 572.0 100.0 purposes.
8624.0 11760.0 68.0 56.0 "
8856.0 11760.0 244.0 100.0 The
9260.0 11768.0 736.0 100.0 amendment

7192.0 11880.0 116.0 92.0 to
7356.0 11872.0 228.0 104.0 this
7592.0 11948.0 24.0 40.0 ,
7668.0 11880.0 292.0 96.0 after
8004.0 11880.0 192.0 96.0 the
8244.0 11876.0 304.0 100.0 word
8608.0 11872.0 276.0 104.0 "roll
8896.0 11948.0 28.0 40.0 ,
8936.0 11876.0 64.0 56.0 "
9056.0 11880.0 96.0 100.0 Is
9176.0 11904.0 28.0 76.0 :
9340.0 11880.0 264.0 104.0 "All
9656.0 11888.0 296.0 96.0 store-

7200.0 11991.0 400.0 100.0 houses
7608.0 12063.0 28.0 44.0 ,
7688.0 11991.0 704.0 100.0 warehouses
8404.0 12063.0 24.0 44.0 ,
8480.0 11991.0 336.0 120.0 shops
8828.0 12063.0 24.0 48.0 ,
8924.0 11995.0 224.0 100.0 and
9240.0 11991.0 320.0 104.0 other
9648.0 11999.0 296.0 100.0 build-

7200.0 12108.0 256.0 116.0 ings
7504.0 12108.0 404.0 104.0 within
7968.0 12108.0 188.0 104.0 the
8204.0 12108.0 296.0 112.0 rbiht
8544.0 12116.0 120.0 92.0 ot
8732.0 12135.0 248.0 88.0 way
9028.0 12135.0 128.0 72.0 or
9196.0 12112.0 344.0 124.0 along
9600.0 12139.0 124.0 72.0 or
9808.0 12116.0 140.0 100.0 ad-

7192.0 12220.0 460.0 124.0 joining
7692.0 12248.0 124.0 76.0 or
7856.0 12224.0 532.0 120.0 adjacent
8432.0 12232.0 120.0 92.0 to
8592.0 12248.0 228.0 96.0 any
8868.0 12224.0 244.0 100.0 side
9156.0 12228.0 312.0 100.0 track
9552.0 12232.0 124.0 96.0 of
9720.0 12232.0 276.0 104.0 such

7200.0 12335.0 472.0 104.0 railtoad
7684.0 12412.0 24.0 44.0 ,
7760.0 12364.0 128.0 76.0 or
7936.0 12339.0 400.0 100.0 within
8388.0 12344.0 188.0 96.0 the
8624.0 12339.0 300.0 112.0 riuht
9008.0 12344.0 124.0 96.0 of
9192.0 12368.0 248.0 96.0 way
9504.0 12348.0 120.0 96.0 of
9712.0 12348.0 272.0 100.0 such

7196.0 12456.0 572.0 120.0 telegiaph
7812.0 12480.0 560.0 96.0 company
8376.0 12527.0 24.0 48.0 ,
8456.0 12459.0 272.0 100.0 used
8784.0 12459.0 176.0 96.0 for
9004.0 12480.0 480.0 104.0 purpose
9528.0 12459.0 124.0 100.0 of
9744.0 12471.0 252.0 92.0 rent

7196.0 12572.0 144.0 120.0 by
7384.0 12572.0 244.0 100.0 said
7672.0 12595.0 552.0 96.0 company
8232.0 12644.0 24.0 44.0 ,
8308.0 12599.0 128.0 72.0 or
8480.0 12576.0 176.0 96.0 for
8736.0 12595.0 532.0 100.0 purposes
9312.0 12580.0 320.0 96.0 other
9712.0 12580.0 276.0 100.0 than

7196.0 12696.0 192.0 92.0 the
7472.0 12684.0 532.0 120.0 ordinary
8100.0 12688.0 644.0 116.0 operations
8824.0 12692.0 124.0 96.0 of
9012.0 12688.0 240.0 104.0 said
9324.0 12716.0 584.0 100.0 company.
9924.0 12692.0 64.0 56.0 "

7200.0 12803.0 636.0 104.0 Conciincd
7892.0 12803.0 108.0 100.0 in
8016.0 12871.0 24.0 52.0 ,
8092.0 12803.0 200.0 100.0 but
8336.0 12803.0 188.0 100.0 the
8568.0 12803.0 636.0 120.0 delegation
9272.0 12803.0 420.0 108.0 desires
9780.0 12811.0 176.0 100.0 dif-

7200.0 12924.0 372.0 96.0 ferent
7616.0 12916.0 764.0 124.0 phraseolo/y.

7316.0 13036.0 452.0 100.0 Section
7884.0 13040.0 172.0 92.0 104
8160.0 13032.0 616.0 124.0 proscribes
8860.0 13036.0 248.0 104.0 that
9188.0 13040.0 192.0 100.0 the
9468.0 13040.0 344.0 104.0 board
9876.0 13040.0 124.0 100.0 of

7196.0 13151.0 376.0 120.0 public
7616.0 13147.0 368.0 104.0 works
8068.0 13147.0 288.0 104.0 shall
8400.0 13151.0 432.0 104.0 consist
8880.0 13160.0 124.0 96.0 of
9072.0 13156.0 208.0 104.0 live
9328.0 13168.0 552.0 92.0 members

7196.0 13296.0 68.0 72.0 a
7304.0 13267.0 568.0 100.0 chairman
7884.0 13335.0 28.0 48.0 ,
7964.0 13264.0 188.0 104.0 the
8196.0 13267.0 228.0 120.0 city
8472.0 13271.0 548.0 116.0 engineer
9024.0 13343.0 24.0 48.0 ,
9100.0 13279.0 344.0 92.0 street
9488.0 13275.0 468.0 100.0 commis-

7200.0 13384.0 380.0 100.0 sioner
7580.0 13456.0 28.0 36.0 ,
7716.0 13384.0 944.0 124.0 superintendent
8760.0 13384.0 124.0 100.0 ot
9016.0 13388.0 572.0 120.0 buildings
9604.0 13460.0 24.0 28.0 ,
9768.0 13392.0 228.0 100.0 and

7196.0 13496.0 576.0 108.0 chairman
7864.0 13500.0 124.0 100.0 of
8048.0 13500.0 188.0 100.0 the
8328.0 13504.0 340.0 100.0 board
8716.0 13500.0 120.0 100.0 of
8900.0 13508.0 276.0 116.0 park
9220.0 13487.0 728.0 116.0 commission

7200.0 13640.0 208.0 76.0 ers.
7536.0 13615.0 244.0 100.0 The
7820.0 13615.0 728.0 100.0 amendment
8596.0 13619.0 484.0 100.0 consists
9120.0 13623.0 124.0 96.0 of
9332.0 13628.0 192.0 96.0 the
9568.0 13619.0 428.0 100.0 section

7216.0 13732.0 124.0 100.0 of
7400.0 13732.0 192.0 100.0 the
7640.0 13736.0 452.0 112.0 present
8132.0 13736.0 444.0 100.0 charter
8616.0 13736.0 484.0 116.0 relating
9136.0 13743.0 112.0 92.0 to
9284.0 13736.0 188.0 104.0 the
9500.0 13736.0 340.0 100.0 board
9880.0 13739.0 124.0 96.0 of

7208.0 13848.0 372.0 104.0 nubile
7624.0 13848.0 368.0 100.0 woiks
8004.0 13920.0 24.0 36.0 ,
8080.0 13848.0 368.0 100.0 which
8492.0 13852.0 392.0 100.0 allows
8976.0 13860.0 112.0 88.0 to
9132.0 13852.0 244.0 100.0 that
9460.0 13852.0 292.0 120.0 body
9808.0 13856.0 196.0 96.0 but

7204.0 13964.0 312.0 100.0 three
7616.0 13968.0 580.0 96.0 mcmbeis.
8328.0 13959.0 280.0 104.0 This
8712.0 13964.0 96.0 100.0 Is
8888.0 13968.0 204.0 96.0 not
9172.0 13964.0 616.0 104.0 concurred
9880.0 13968.0 112.0 100.0 in

7204.0 14079.0 228.0 100.0 and
7480.0 14075.0 188.0 100.0 the
7712.0 14079.0 480.0 104.0 oiiulual
8236.0 14075.0 432.0 104.0 section
8720.0 14083.0 96.0 96.0 is
8860.0 14079.0 344.0 104.0 asked
9260.0 14087.0 200.0 96.0 lor.

7324.0 14196.0 460.0 100.0 Section
7868.0 14196.0 184.0 96.0 105
8120.0 14200.0 232.0 96.0 sets
8392.0 14192.0 196.0 104.0 the
8656.0 14192.0 368.0 104.0 bonds
9060.0 14196.0 128.0 96.0 of
9248.0 14200.0 196.0 100.0 the
9480.0 14196.0 236.0 132.0 city
9792.0 14219.0 148.0 80.0 en-

7204.0 14308.0 392.0 112.0 gineer
7676.0 14320.0 120.0 84.0 at
7864.0 14312.0 416.0 100.0 910.000
8284.0 14380.0 24.0 40.0 ,
8404.0 14308.0 336.0 100.0 while
8832.0 14312.0 112.0 96.0 In
9016.0 14308.0 184.0 100.0 the
9268.0 14308.0 736.0 108.0 amendment

7208.0 14427.0 184.0 92.0 the
7428.0 14419.0 312.0 96.0 bond
7788.0 14419.0 96.0 96.0 Is
7932.0 14411.0 368.0 108.0 raised
8348.0 14419.0 116.0 100.0 to
8512.0 14423.0 440.0 112.0 850,000.
9084.0 14423.0 676.0 100.0 Concurred.

7320.0 14532.0 452.0 104.0 Section
7828.0 14536.0 172.0 92.0 107
8040.0 14532.0 612.0 120.0 prescribes
8696.0 14555.0 124.0 76.0 as
8864.0 14555.0 220.0 80.0 one
9164.0 14536.0 124.0 96.0 of
9372.0 14540.0 192.0 96.0 the
9628.0 14536.0 372.0 104.0 duties

7204.0 14644.0 124.0 100.0 of
7368.0 14652.0 188.0 96.0 the
7600.0 14644.0 280.0 124.0 park
7928.0 14648.0 912.0 100.0 commissioners
8884.0 14648.0 192.0 104.0 the
9164.0 14652.0 664.0 116.0 suggesting
9880.0 14656.0 124.0 96.0 of

7204.0 14788.0 68.0 76.0 a
7316.0 14767.0 416.0 116.0 system
7780.0 14767.0 120.0 92.0 of
7944.0 14763.0 276.0 120.0 park
8264.0 14788.0 312.0 96.0 ways
8608.0 14763.0 228.0 100.0 and
8880.0 14763.0 664.0 104.0 boulevards
9588.0 14767.0 404.0 100.0 within

7204.0 14880.0 188.0 100.0 the
7432.0 14880.0 228.0 120.0 city
7708.0 14903.0 124.0 76.0 or
7880.0 14880.0 400.0 100.0 within
8336.0 14880.0 188.0 100.0 ten
8576.0 14880.0 328.0 100.0 miles
8948.0 14883.0 124.0 96.0 of
9156.0 14883.0 192.0 100.0 the
9420.0 14887.0 576.0 116.0 corporate

7204.0 14996.0 352.0 100.0 limits
7600.0 14992.0 476.0 104.0 theieof.
8200.0 14996.0 244.0 100.0 The
8492.0 14996.0 508.0 100.0 ten-mllo
9036.0 14996.0 292.0 100.0 limit
9376.0 14996.0 96.0 104.0 is
9500.0 14996.0 492.0 104.0 stricken

7204.0 15116.0 200.0 92.0 out
7452.0 15112.0 112.0 100.0 In
7616.0 15107.0 188.0 100.0 the
7848.0 15107.0 768.0 104.0 amendment.
8744.0 15107.0 232.0 104.0 Not
9016.0 15116.0 620.0 100.0 concurred
9684.0 15116.0 156.0 100.0 in.

7328.0 15223.0 452.0 104.0 Section
7856.0 15227.0 172.0 92.0 110
8112.0 15223.0 500.0 100.0 declares
8720.0 15223.0 244.0 104.0 that
9048.0 15227.0 188.0 100.0 the
9316.0 15227.0 688.0 104.0 established

7208.0 15340.0 340.0 124.0 grade
7588.0 15344.0 120.0 96.0 ot
7756.0 15363.0 64.0 76.0 a
7864.0 15344.0 344.0 96.0 street
8248.0 15340.0 288.0 104.0 shall
8584.0 15344.0 204.0 100.0 not
8868.0 15340.0 140.0 104.0 be
9048.0 15344.0 512.0 112.0 changed
9608.0 15348.0 400.0 120.0 except

7216.0 15456.0 140.0 116.0 by
7400.0 15472.0 364.0 84.0 note
7816.0 15460.0 124.0 96.0 of
7984.0 15456.0 632.0 104.0 two-thirds
8688.0 15460.0 124.0 96.0 of
8900.0 15460.0 188.0 100.0 the
9168.0 15460.0 448.0 100.0 council
9716.0 15464.0 296.0 100.0 alter

7216.0 15567.0 340.0 120.0 being
7604.0 15571.0 484.0 100.0 referred
8144.0 15579.0 116.0 92.0 to
8304.0 15571.0 192.0 100.0 the
8540.0 15571.0 344.0 104.0 board
8968.0 15579.0 116.0 92.0 ot
9132.0 15575.0 380.0 120.0 public
9596.0 15579.0 368.0 100.0 works
9972.0 15647.0 28.0 48.0 ,

7212.0 15688.0 228.0 100.0 and
7488.0 15695.0 264.0 92.0 then
7808.0 15695.0 200.0 92.0 not
8056.0 15684.0 292.0 104.0 until
8416.0 15688.0 188.0 100.0 the
8668.0 15688.0 528.0 108.0 damages
9284.0 15695.0 116.0 96.0 to
9492.0 15716.0 372.0 100.0 propel
9892.0 15703.0 116.0 108.0 ty

7212.0 15827.0 440.0 76.0 owners
7700.0 15804.0 368.0 104.0 which
8120.0 15827.0 252.0 88.0 may
8424.0 15804.0 132.0 96.0 bo
8596.0 15804.0 412.0 100.0 caused
9056.0 15808.0 144.0 116.0 by
9244.0 15804.0 276.0 104.0 such
9568.0 15808.0 436.0 116.0 change

7212.0 15920.0 120.0 96.0 of
7376.0 15915.0 340.0 120.0 grade
7760.0 15915.0 288.0 104.0 shall
8092.0 15915.0 284.0 104.0 have
8420.0 15915.0 272.0 100.0 been
8768.0 15920.0 508.0 104.0 assessed
9344.0 15920.0 228.0 104.0 nnd
9660.0 15924.0 312.0 100.0 deter-

7216.0 16035.0 380.0 100.0 mined
7648.0 16035.0 140.0 136.0 by
7856.0 16035.0 312.0 100.0 thieo
8212.0 16031.0 800.0 104.0 disinterested
9080.0 16035.0 692.0 104.0 freeholders
9820.0 16068.0 140.0 96.0 ap-

7216.0 16152.0 464.0 120.0 pointed
7720.0 16140.0 148.0 124.0 by
7916.0 16152.0 188.0 100.0 the
8152.0 16175.0 388.0 92.0 mayor
8604.0 16152.0 176.0 100.0 for
8824.0 16156.0 244.0 96.0 that
9112.0 16175.0 512.0 96.0 purpose.
9752.0 16152.0 248.0 104.0 The

7216.0 16272.0 732.0 96.0 anienament
7992.0 16268.0 492.0 120.0 requires
8532.0 16272.0 188.0 92.0 the
8764.0 16272.0 480.0 100.0 consent
9332.0 16272.0 116.0 100.0 In
9544.0 16268.0 468.0 120.0 writing

7216.0 16392.0 116.0 92.0 to
7372.0 16383.0 132.0 100.0 bo
7552.0 16383.0 232.0 100.0 first
7828.0 16379.0 528.0 104.0 obtained
8404.0 16383.0 120.0 96.0 of
8572.0 16379.0 188.0 104.0 the
8804.0 16408.0 444.0 76.0 owners
9336.0 16387.0 124.0 100.0 of
9548.0 16387.0 220.0 100.0 lots
9860.0 16412.0 128.0 76.0 or

7216.0 16495.0 328.0 104.0 lands
7608.0 16499.0 484.0 100.0 ahuttlui
8092.0 16523.0 40.0 80.0 ;
8216.0 16519.0 300.0 100.0 upon
8608.0 16495.0 188.0 104.0 the
8872.0 16507.0 344.0 92.0 street
9304.0 16503.0 372.0 100.0 where
9724.0 16511.0 272.0 92.0 such

7216.0 16616.0 632.0 120.0 chauffO'Of
7928.0 16612.0 340.0 120.0 giado
8348.0 16616.0 92.0 100.0 Is
8532.0 16628.0 112.0 84.0 to
8708.0 16616.0 140.0 100.0 bo
8936.0 16616.0 320.0 100.0 made
9264.0 16692.0 24.0 40.0 ,
9384.0 16620.0 224.0 100.0 and
9696.0 16624.0 316.0 96.0 thPso

7216.0 16756.0 444.0 80.0 owners
7744.0 16756.0 184.0 76.0 are
7996.0 16736.0 112.0 96.0 to
8176.0 16740.0 576.0 112.0 leprcsent
8836.0 16760.0 68.0 76.0 n
8988.0 16732.0 532.0 124.0 majority
9588.0 16736.0 124.0 100.0 of
9820.0 16736.0 188.0 104.0 the

7224.0 16855.0 308.0 92.0 trout
7584.0 16847.0 228.0 100.0 feet
7860.0 16847.0 500.0 100.0 thcieoii.

7340.0 16964.0 448.0 100.0 Section
7864.0 16967.0 172.0 92.0 118
8116.0 16964.0 384.0 100.0 makes
8548.0 16964.0 568.0 120.0 provision
9172.0 16964.0 172.0 100.0 for
9392.0 16967.0 188.0 100.0 the
9628.0 16987.0 388.0 116.0 appio-

7216.0 17080.0 488.0 124.0 prlntion
7756.0 17080.0 116.0 96.0 of
7924.0 17084.0 520.0 116.0 pioperty
8492.0 17080.0 176.0 100.0 for
8712.0 17080.0 272.0 124.0 p.irk
9036.0 17103.0 572.0 100.0 purposes.
9768.0 17063.0 244.0 120.0 Tlio

7220.0 17195.0 784.0 104.0 amendments
8052.0 17195.0 392.0 116.0 Ignoio
8492.0 17195.0 116.0 104.0 it.
8768.0 17195.0 244.0 104.0 The
9072.0 17195.0 640.0 120.0 delegation
9804.0 17204.0 208.0 96.0 ask

7216.0 17315.0 180.0 96.0 for
7436.0 17315.0 192.0 96.0 the
7668.0 17311.0 484.0 120.0 original
8200.0 17307.0 460.0 108.0 section.

7332.0 17428.0 452.0 104.0 Section
7900.0 17428.0 176.0 100.0 13.1
8160.0 17428.0 488.0 120.0 requites
8756.0 17432.0 176.0 100.0 for
9028.0 17428.0 372.0 124.0 public
9488.0 17432.0 520.0 124.0 printing

7220.0 17544.0 248.0 104.0 bids
7516.0 17548.0 284.0 96.0 Irom
7848.0 17544.0 192.0 104.0 the
8140.0 17544.0 624.0 108.0 publishers
8848.0 17544.0 128.0 100.0 of
9076.0 17572.0 404.0 88.0 papers
9588.0 17575.0 372.0 76.0 accom-

7220.0 17663.0 408.0 120.0 panied
7676.0 17663.0 264.0 100.0 with
7992.0 17688.0 64.0 72.0 a
8096.0 17651.0 484.0 112.0 detailed
8628.0 17667.0 608.0 96.0 statement
9276.0 17667.0 128.0 96.0 of
9508.0 17659.0 188.0 104.0 tlio
9780.0 17692.0 184.0 76.0 car-

7212.0 17779.0 224.0 100.0 rier
7476.0 17775.0 496.0 104.0 delivery
8024.0 17775.0 112.0 100.0 in
8232.0 17779.0 192.0 96.0 the
8504.0 17779.0 228.0 100.0 citv
8740.0 17847.0 28.0 44.0 ,
8852.0 17775.0 496.0 104.0 certified
9452.0 17779.0 116.0 100.0 to
9652.0 17779.0 360.0 100.0 under

7228.0 17896.0 260.0 100.0 oath
7500.0 17968.0 24.0 36.0 ,
7576.0 17892.0 516.0 120.0 showing
8140.0 17892.0 188.0 104.0 the
8372.0 17888.0 656.0 108.0 circulation
9080.0 17896.0 124.0 100.0 of
9248.0 17896.0 188.0 100.0 the
9480.0 17919.0 308.0 76.0 same
9836.0 17904.0 180.0 96.0 tor

7216.0 18012.0 248.0 100.0 said
7516.0 18036.0 340.0 96.0 pap'T
7896.0 18012.0 176.0 100.0 six
8128.0 18007.0 456.0 104.0 months
8632.0 18007.0 300.0 124.0 prior
8980.0 18020.0 112.0 88.0 to
9200.0 18012.0 264.0 100.0 date
9548.0 18020.0 120.0 92.0 ot
9780.0 18012.0 176.0 104.0 bid
9976.0 18084.0 24.0 48.0 ,

7216.0 18127.0 228.0 104.0 and
7496.0 18127.0 112.0 100.0 In
7660.0 18123.0 584.0 120.0 awarding
8360.0 18123.0 188.0 104.0 the
8632.0 18127.0 504.0 100.0 contract
9216.0 18131.0 180.0 96.0 tor
9496.0 18111.0 520.0 152.0 printing

7216.0 18244.0 188.0 100.0 the
7452.0 18244.0 460.0 100.0 relative
7956.0 18240.0 660.0 104.0 circulation
8668.0 18247.0 120.0 92.0 of
8840.0 18244.0 188.0 100.0 the
9076.0 18267.0 396.0 116.0 papers
9520.0 18244.0 288.0 100.0 shall
9856.0 18244.0 152.0 104.0 all

7220.0 18360.0 132.0 100.0 bo
7432.0 18360.0 692.0 100.0 considcied.
8316.0 18356.0 180.0 104.0 No
8600.0 18356.0 396.0 120.0 higher
9100.0 18368.0 236.0 92.0 rate
9444.0 18368.0 296.0 96.0 must
9884.0 18364.0 132.0 96.0 be

7216.0 18475.0 476.0 116.0 charged
7744.0 18475.0 180.0 100.0 for
7964.0 18479.0 192.0 96.0 the
8196.0 18471.0 380.0 124.0 public
8620.0 18475.0 512.0 120.0 printing
9176.0 18475.0 276.0 100.0 than
9504.0 18475.0 188.0 100.0 the
9760.0 18479.0 216.0 100.0 low-

7216.0 18595.0 172.0 92.0 est
7432.0 18611.0 36.0 76.0 i
7492.0 18595.0 176.0 96.0 ate
7708.0 18591.0 488.0 100.0 chanted
8248.0 18595.0 132.0 108.0 by
8432.0 18595.0 188.0 96.0 the
8660.0 18591.0 400.0 104.0 olllclal
9140.0 18615.0 356.0 112.0 paper
9576.0 18599.0 116.0 96.0 to
9776.0 18615.0 228.0 96.0 any

7220.0 18712.0 392.0 112.0 patron
7668.0 18708.0 172.0 96.0 for
7884.0 18704.0 228.0 100.0 llko
8152.0 18708.0 428.0 100.0 service
8620.0 18704.0 420.0 128.0 during
9088.0 18688.0 192.0 120.0 the
9328.0 18704.0 388.0 128.0 period
9756.0 18731.0 204.0 84.0 cov-

7220.0 18820.0 256.0 100.0 ered
7528.0 18824.0 136.0 116.0 by
7716.0 18820.0 144.0 100.0 its
7940.0 18824.0 552.0 100.0 contract.
8664.0 18824.0 244.0 100.0 The
9008.0 18820.0 740.0 108.0 amendment
9848.0 18851.0 160.0 76.0 ro-

7220.0 18935.0 372.0 124.0 qulres
7632.0 18935.0 416.0 120.0 simply
8096.0 18935.0 244.0 104.0 that
8384.0 18939.0 188.0 100.0 tlm
8620.0 18951.0 508.0 108.0 printing
9172.0 18939.0 288.0 100.0 shall
9508.0 18939.0 136.0 104.0 be
9692.0 18939.0 156.0 104.0 let
9896.0 18947.0 112.0 96.0 to

7220.0 19059.0 188.0 92.0 tne
7460.0 19075.0 652.0 100.0 newspaper
8156.0 19055.0 336.0 116.0 being
8536.0 19059.0 188.0 96.0 the
8832.0 19059.0 392.0 100.0 lowest
9308.0 19055.0 704.0 136.0 responsible

7220.0 19168.0 392.0 100.0 bidder
7660.0 19172.0 268.0 100.0 with
8016.0 19195.0 64.0 76.0 a
8164.0 19168.0 652.0 104.0 circulation
8908.0 19184.0 204.0 92.0 not
9196.0 19172.0 452.0 108.0 smaller
9736.0 19172.0 272.0 104.0 than

7216.0 19287.0 280.0 112.0 2,000
7540.0 19283.0 112.0 100.0 in
7704.0 19283.0 188.0 100.0 the
7936.0 19283.0 260.0 120.0 city.
8328.0 19287.0 632.0 100.0 Concurred
9036.0 19292.0 148.0 100.0 in.

7340.0 19399.0 448.0 104.0 Section
7920.0 19403.0 176.0 92.0 143
8216.0 19399.0 120.0 100.0 In
8464.0 19403.0 192.0 100.0 the
8776.0 19403.0 488.0 120.0 original
9388.0 19399.0 196.0 108.0 bill
9772.0 19428.0 204.0 108.0 pro-

7224.0 19516.0 316.0 104.0 vides
7800.0 19512.0 180.0 104.0 for
8216.0 19516.0 652.0 108.0 restricting
9104.0 19520.0 192.0 100.0 the
9540.0 19516.0 484.0 124.0 liability

7220.0 19628.0 128.0 104.0 of
7392.0 19632.0 184.0 104.0 tlio
7620.0 19628.0 228.0 124.0 city
7904.0 19636.0 172.0 96.0 for
8116.0 19640.0 536.0 100.0 damages
8696.0 19628.0 552.0 116.0 resulting
9292.0 19632.0 292.0 100.0 from
9636.0 19636.0 324.0 104.0 detec-

7224.0 19747.0 228.0 100.0 tive
7496.0 19743.0 604.0 104.0 sidewalks
8144.0 19751.0 116.0 96.0 to
8308.0 19743.0 568.0 104.0 Instances
8928.0 19751.0 108.0 100.0 In
9084.0 19747.0 360.0 104.0 which
9484.0 19747.0 192.0 104.0 the
9712.0 19776.0 308.0 76.0 same

7232.0 19863.0 100.0 100.0 is
7384.0 19860.0 456.0 108.0 notified
7868.0 19863.0 124.0 100.0 of
8036.0 19863.0 188.0 100.0 the
8264.0 19863.0 376.0 100.0 defect
8680.0 19863.0 224.0 104.0 and
8960.0 19863.0 256.0 104.0 falls
9260.0 19867.0 116.0 100.0 to
9416.0 19863.0 372.0 120.0 repair
9832.0 19871.0 188.0 100.0 the

7220.0 20003.0 356.0 80.0 same.
7708.0 19980.0 368.0 100.0 There
8120.0 19984.0 96.0 96.0 is
8268.0 20003.0 152.0 76.0 no
8464.0 19984.0 568.0 100.0 reference
9120.0 19984.0 120.0 100.0 to
9324.0 19980.0 232.0 104.0 this
9640.0 19984.0 116.0 100.0 In
9832.0 19988.0 196.0 100.0 tlio

7220.0 20095.0 788.0 104.0 amendments
8020.0 20168.0 28.0 44.0 ,
8096.0 20095.0 228.0 100.0 and
8372.0 20095.0 188.0 100.0 the
8600.0 20095.0 636.0 120.0 delegation
9288.0 20099.0 224.0 104.0 add
9552.0 20095.0 192.0 104.0 the
9792.0 20128.0 196.0 96.0 proviso

7224.0 20215.0 240.0 100.0 vise
7508.0 20211.0 244.0 104.0 that
7784.0 20211.0 452.0 104.0 visitors
8280.0 20240.0 128.0 72.0 or
8452.0 20219.0 572.0 112.0 strangers
9072.0 20240.0 252.0 92.0 may
9360.0 20240.0 456.0 80.0 recover
9860.0 20219.0 116.0 104.0 In-

7220.0 20328.0 352.0 124.0 juries
7616.0 20328.0 580.0 104.0 sustained
8252.0 20328.0 108.0 100.0 In
8416.0 20328.0 188.0 100.0 the
8656.0 20351.0 472.0 80.0 manner
9180.0 20328.0 596.0 108.0 indicated.

7336.0 20444.0 244.0 104.0 The
7624.0 20448.0 320.0 100.0 other
7984.0 20444.0 792.0 104.0 amendments
8820.0 20471.0 188.0 76.0 are
9080.0 20448.0 816.0 112.0 unimportant.

8008.0 20716.0 492.0 96.0 AlTulrB
8572.0 20728.0 140.0 80.0 at
8784.0 20708.0 464.0 108.0 Itoino.

7444.0 20868.0 32.0 108.0 (
7492.0 20856.0 532.0 112.0 fopi/iluM
8072.0 20860.0 204.0 84.0 JAW
8316.0 20856.0 128.0 100.0 In
8476.0 20856.0 332.0 88.0 James
8852.0 20856.0 408.0 88.0 Haitian
9304.0 20856.0 456.0 96.0 Ilennclt.
9772.0 20856.0 36.0 104.0 ]

7344.0 20988.0 312.0 100.0 KOMI
7672.0 21007.0 28.0 80.0 :
7780.0 20988.0 36.0 120.0 (
7832.0 20984.0 180.0 104.0 via
8080.0 20980.0 376.0 108.0 Havie
8464.0 20988.0 36.0 116.0 )
8520.0 21056.0 24.0 44.0 ,
8620.0 20980.0 384.0 108.0 March
9064.0 20984.0 88.0 104.0 0.
9304.0 20984.0 24.0 120.0 [
9356.0 20984.0 284.0 104.0 New
9708.0 20984.0 316.0 104.0 York

7220.0 21128.0 424.0 108.0 Herald
7676.0 21124.0 904.0 128.0 Cable-Special
8632.0 21128.0 112.0 100.0 to
8776.0 21124.0 188.0 104.0 the
9004.0 21124.0 296.0 104.0 BIK.
9152.0 21147.0 28.0 80.0 :
9316.0 21124.0 36.0 124.0 ]
9492.0 21124.0 244.0 104.0 The
9772.0 21128.0 220.0 112.0 pub-

7220.0 21275.0 456.0 104.0 lication
7732.0 21275.0 124.0 100.0 of
7900.0 21268.0 536.0 108.0 Cardinal
8476.0 21264.0 936.0 120.0 Gibbons'repoit
9456.0 21268.0 204.0 104.0 has
9712.0 21275.0 320.0 100.0 made

7220.0 21447.0 68.0 72.0 a
7368.0 21415.0 780.0 104.0 considerable
8220.0 21411.0 212.0 108.0 stir
8516.0 21411.0 116.0 104.0 in
8724.0 21411.0 436.0 104.0 Koman
9228.0 21411.0 804.0 108.0 ecclesiastical

7220.0 21559.0 392.0 104.0 circles
7696.0 21559.0 228.0 104.0 and
8012.0 21559.0 204.0 104.0 has
8300.0 21555.0 332.0 120.0 given
8684.0 21579.0 64.0 80.0 a
8828.0 21579.0 252.0 84.0 new
9128.0 21551.0 472.0 108.0 interest
9664.0 21571.0 116.0 88.0 to
9848.0 21555.0 188.0 104.0 the

7224.0 21703.0 560.0 128.0 question.

7348.0 21847.0 48.0 100.0 1
7484.0 21843.0 272.0 108.0 hear
7800.0 21847.0 244.0 104.0 that
8132.0 21847.0 116.0 104.0 at
8332.0 21843.0 188.0 108.0 the
8572.0 21843.0 440.0 108.0 Vatican
9104.0 21847.0 188.0 104.0 the
9336.0 21847.0 384.0 104.0 choice
9784.0 21847.0 124.0 100.0 of
9976.0 21872.0 64.0 80.0 a

7228.0 22012.0 572.0 84.0 successor
7884.0 22012.0 116.0 84.0 to
8048.0 21987.0 532.0 108.0 Caidlnal
8624.0 21987.0 524.0 108.0 Jacoblnl
9224.0 21992.0 96.0 104.0 Is
9384.0 21987.0 400.0 124.0 giving
9848.0 22000.0 192.0 96.0 the

7232.0 22155.0 284.0 100.0 pope
7564.0 22155.0 152.0 80.0 no
7760.0 22132.0 292.0 104.0 little
8096.0 22132.0 500.0 120.0 anxiety.
8724.0 22132.0 244.0 104.0 The
9020.0 22132.0 248.0 120.0 post
9312.0 22136.0 120.0 96.0 ot
9480.0 22136.0 556.0 124.0 secretary

7236.0 22276.0 128.0 100.0 of
7448.0 22276.0 292.0 100.0 state
7824.0 22272.0 204.0 104.0 has
8072.0 22272.0 276.0 104.0 been
8400.0 22272.0 424.0 104.0 offered
8912.0 22280.0 116.0 96.0 to
9072.0 22276.0 280.0 120.0 Mgr.
9412.0 22272.0 588.0 124.0 llampclla
10008.0 22351.0 24.0 44.0 ,

7236.0 22419.0 192.0 104.0 the
7512.0 22416.0 428.0 104.0 nuncio
8024.0 22419.0 116.0 100.0 at
8208.0 22412.0 484.0 108.0 Madrid.
8824.0 22412.0 180.0 108.0 He
9052.0 22416.0 728.0 124.0 respectfully
9840.0 22419.0 140.0 104.0 de-

7232.0 22555.0 376.0 112.0 clined
7616.0 22635.0 28.0 40.0 ,
7740.0 22555.0 532.0 128.0 pleading
8364.0 22559.0 120.0 104.0 ill
8572.0 22555.0 380.0 108.0 health
9016.0 22559.0 232.0 104.0 and
9332.0 22555.0 176.0 108.0 his
9572.0 22559.0 288.0 108.0 wish
9928.0 22571.0 116.0 96.0 to

7236.0 22699.0 376.0 128.0 oblige
7692.0 22703.0 192.0 104.0 the
7992.0 22727.0 360.0 100.0 queen
8464.0 22703.0 396.0 116.0 regent
8960.0 22699.0 144.0 124.0 by
9212.0 22703.0 644.0 124.0 remaining
9920.0 22707.0 116.0 104.0 in

7240.0 22843.0 352.0 116.0 Spain
7648.0 22843.0 172.0 104.0 till
7868.0 22843.0 344.0 108.0 June.
8348.0 22847.0 188.0 100.0 An
8588.0 22843.0 284.0 104.0 offer
8916.0 22843.0 204.0 104.0 lias
9200.0 22843.0 284.0 104.0 been
9540.0 22851.0 328.0 100.0 made
9932.0 22851.0 116.0 100.0 to

7240.0 22987.0 536.0 108.0 Cardinal
7828.0 22983.0 524.0 108.0 Parocchl
8368.0 23059.0 24.0 52.0 ,
8444.0 22987.0 256.0 104.0 who
8744.0 22987.0 176.0 100.0 for
8964.0 22987.0 320.0 104.0 other
9328.0 23012.0 468.0 84.0 reasons
9840.0 22991.0 208.0 104.0 felt

7240.0 23131.0 416.0 104.0 unable
7704.0 23136.0 116.0 100.0 to
7868.0 23140.0 384.0 116.0 accept
8300.0 23127.0 116.0 108.0 It.
8552.0 23131.0 280.0 124.0 Mgr.
8880.0 23127.0 504.0 108.0 Serolino
9428.0 23127.0 572.0 116.0 Yanutllll
10012.0 23212.0 28.0 48.0 ,

7244.0 23276.0 188.0 104.0 the
7528.0 23276.0 416.0 104.0 nuncio
8032.0 23280.0 116.0 100.0 nt
8196.0 23272.0 460.0 108.0 Vienna
8664.0 23348.0 24.0 48.0 ,
8740.0 23272.0 204.0 104.0 has
9028.0 23276.0 312.0 104.0 since
9428.0 23276.0 272.0 104.0 been
9788.0 23303.0 200.0 100.0 pro-

7244.0 23416.0 336.0 128.0 posed
7592.0 23492.0 28.0 52.0 ,
7672.0 23416.0 196.0 104.0 but
7944.0 23416.0 88.0 104.0 It
8076.0 23416.0 96.0 104.0 Is
8216.0 23416.0 512.0 104.0 doubtful
8788.0 23416.0 496.0 108.0 whether
9328.0 23420.0 140.0 104.0 ho
9512.0 23420.0 236.0 108.0 will
9816.0 23424.0 228.0 104.0 find

7248.0 23563.0 88.0 100.0 it
7376.0 23560.0 688.0 112.0 convenient
8112.0 23563.0 116.0 100.0 to
8276.0 23556.0 28.0 104.0 !
8316.0 23583.0 100.0 76.0 et
8412.0 23587.0 24.0 56.0 >
8456.0 23583.0 132.0 80.0 ve
8652.0 23556.0 476.0 112.0 Vienna.
9260.0 23560.0 288.0 128.0 Mgr.
9600.0 23563.0 452.0 108.0 Ualuin-

7244.0 23703.0 308.0 104.0 bcrto
7596.0 23703.0 236.0 104.0 will
7880.0 23699.0 500.0 124.0 possibly
8432.0 23699.0 284.0 112.0 have
8804.0 23703.0 188.0 108.0 the
9036.0 23707.0 272.0 100.0 next
9348.0 23707.0 456.0 108.0 chance.
9936.0 23707.0 116.0 108.0 If

7248.0 23843.0 136.0 108.0 ho
7432.0 23847.0 432.0 120.0 accepts
7916.0 23843.0 136.0 104.0 he
8100.0 23871.0 256.0 100.0 may
8384.0 23843.0 132.0 104.0 bo
8556.0 23847.0 324.0 104.0 made
8920.0 23875.0 68.0 80.0 a
9032.0 23847.0 500.0 108.0 cardinal
9580.0 23851.0 420.0 104.0 deacon
10020.0 23923.0 24.0 48.0 ,

7248.0 23987.0 196.0 108.0 but
7496.0 23987.0 488.0 124.0 nothing
8036.0 23987.0 96.0 104.0 is
8172.0 23987.0 468.0 108.0 certain.
8768.0 23987.0 112.0 108.0 It
8924.0 23991.0 92.0 104.0 Is
9064.0 23987.0 304.0 128.0 quite
9408.0 23991.0 404.0 108.0 within
9864.0 23995.0 188.0 104.0 the

7248.0 24131.0 444.0 100.0 bounds
7800.0 24131.0 128.0 100.0 of
8032.0 24127.0 676.0 128.0 probability
8792.0 24131.0 244.0 108.0 that
9116.0 24127.0 284.0 124.0 Mgr.
9480.0 24135.0 528.0 108.0 Mocennl
10020.0 24211.0 28.0 52.0 ,

7260.0 24247.0 360.0 104.0 under
7664.0 24251.0 556.0 136.0 secretary
8268.0 24251.0 120.0 96.0 of
8472.0 24251.0 288.0 100.0 state
8764.0 24323.0 28.0 40.0 ,
8848.0 24247.0 228.0 104.0 will
9116.0 24251.0 544.0 104.0 continue
9708.0 24255.0 300.0 104.0 nomi-

7252.0 24368.0 192.0 100.0 nal
7500.0 24371.0 560.0 116.0 secretary
8104.0 24356.0 172.0 112.0 till
8360.0 24364.0 192.0 104.0 the
8636.0 24391.0 488.0 76.0 summer
9128.0 24439.0 24.0 44.0 ,
9208.0 24368.0 188.0 100.0 the
9444.0 24371.0 224.0 100.0 real
9736.0 24379.0 312.0 96.0 woik

7252.0 24479.0 336.0 120.0 being
7696.0 24483.0 296.0 100.0 done
8104.0 24488.0 136.0 116.0 by
8328.0 24479.0 188.0 104.0 the
8620.0 24503.0 288.0 104.0 pope
9008.0 24483.0 228.0 104.0 and
9340.0 24483.0 176.0 104.0 his
9576.0 24492.0 460.0 104.0 devoted

7252.0 24599.0 636.0 104.0 henchman
7904.0 24671.0 24.0 52.0 ,
7984.0 24595.0 280.0 124.0 Mgr.
8316.0 24599.0 44.0 100.0 (
8368.0 24599.0 708.0 108.0 lalumburte.

7792.0 24867.0 504.0 120.0 Dloody
8376.0 24867.0 724.0 104.0 Anarchist
9148.0 24871.0 380.0 104.0 Talk.

7376.0 25003.0 572.0 108.0 CHICAGO
7956.0 25079.0 28.0 48.0 ,
8092.0 25003.0 384.0 108.0 March
8572.0 25007.0 92.0 104.0 a
8792.0 25003.0 364.0 112.0 There
9256.0 25036.0 232.0 80.0 was
9592.0 25040.0 68.0 80.0 a
9748.0 25011.0 308.0 112.0 large

7260.0 25147.0 492.0 124.0 meeting
7852.0 25147.0 124.0 100.0 of
8036.0 25143.0 552.0 108.0 socialists
8688.0 25160.0 120.0 96.0 at
8912.0 25151.0 312.0 108.0 West
9320.0 25151.0 280.0 108.0 Polk
9716.0 25160.0 344.0 104.0 street

7256.0 25291.0 448.0 108.0 Turner
7800.0 25287.0 228.0 108.0 hall
8132.0 25287.0 228.0 108.0 this
8464.0 25291.0 596.0 108.0 afternoon
9152.0 25300.0 116.0 100.0 to
9352.0 25296.0 444.0 108.0 discuss
9864.0 25300.0 196.0 108.0 the

7260.0 25455.0 508.0 84.0 measure
7852.0 25436.0 504.0 116.0 pending
8444.0 25436.0 116.0 104.0 In
8648.0 25440.0 192.0 104.0 the
8908.0 25436.0 448.0 108.0 Illinois
9404.0 25440.0 660.0 124.0 legislature

7264.0 25576.0 420.0 104.0 known
7736.0 25599.0 124.0 80.0 as
7896.0 25576.0 532.0 108.0 Merrill's
8492.0 25580.0 196.0 104.0 bill
8732.0 25580.0 112.0 104.0 to
8888.0 25580.0 424.0 132.0 punish
9380.0 25583.0 460.0 104.0 authors
9932.0 25583.0 128.0 104.0 of

7268.0 25691.0 832.0 120.0 Inflammatory
8188.0 25695.0 236.0 104.0 and
8532.0 25695.0 668.0 124.0 Incendiary
9308.0 25708.0 528.0 120.0 speeches
9936.0 25723.0 128.0 80.0 or

7268.0 25811.0 572.0 108.0 writings.
7984.0 25811.0 340.0 104.0 After
8404.0 25836.0 148.0 80.0 an
8600.0 25815.0 456.0 104.0 addiess
9104.0 25815.0 144.0 120.0 by
9292.0 25844.0 68.0 76.0 a
9408.0 25840.0 660.0 104.0 newspaper-

7272.0 25951.0 260.0 76.0 man
7628.0 25927.0 404.0 104.0 named
8120.0 25927.0 616.0 104.0 Buchanan
8804.0 25931.0 732.0 124.0 denouncing
9584.0 25931.0 192.0 104.0 the
9816.0 25959.0 208.0 100.0 cap

7276.0 26044.0 412.0 100.0 italists
7696.0 26119.0 28.0 36.0 ,
7816.0 26067.0 312.0 100.0 press
8208.0 26044.0 228.0 104.0 nnd
8484.0 26048.0 488.0 120.0 military
8976.0 26116.0 28.0 52.0 ,
9056.0 26075.0 72.0 76.0 a
9168.0 26048.0 624.0 108.0 resolution
9836.0 26075.0 236.0 80.0 was

7272.0 26159.0 480.0 112.0 adopted
7840.0 26163.0 620.0 120.0 protesting
8548.0 26167.0 448.0 116.0 against
9076.0 26163.0 192.0 104.0 the
9372.0 26167.0 232.0 104.0 bill.
9732.0 26167.0 328.0 104.0 Then

7276.0 26299.0 308.0 76.0 some
7628.0 26299.0 264.0 96.0 very
7940.0 26275.0 412.0 104.0 radical
8400.0 26279.0 528.0 124.0 speeches
8992.0 26308.0 96.0 76.0 w
9100.0 26308.0 24.0 40.0 <
9164.0 26308.0 116.0 76.0 ro
9324.0 26279.0 572.0 112.0 delivered
9944.0 26283.0 116.0 104.0 In

7272.0 26387.0 476.0 120.0 English
7760.0 26463.0 28.0 48.0 ,
7896.0 26391.0 488.0 104.0 German
8492.0 26395.0 228.0 104.0 and
8828.0 26395.0 660.0 108.0 Bohemian.
9660.0 26399.0 400.0 104.0 Editor

7276.0 26512.0 392.0 96.0 Uurllo
7684.0 26584.0 24.0 40.0 ,
7800.0 26508.0 120.0 100.0 of
7984.0 26520.0 188.0 92.0 the
8240.0 26503.0 516.0 112.0 Arbelter
8816.0 26512.0 484.0 128.0 Xellung
9304.0 26588.0 28.0 48.0 ,
9376.0 26516.0 468.0 104.0 advised
9892.0 26520.0 176.0 100.0 his

7280.0 26623.0 444.0 100.0 hearers
7828.0 26631.0 116.0 92.0 to
8052.0 26648.0 456.0 96.0 procure
8608.0 26652.0 300.0 84.0 arms
9012.0 26631.0 228.0 104.0 and
9304.0 26656.0 320.0 96.0 carry
9696.0 26631.0 356.0 108.0 them.

7284.0 26739.0 460.0 104.0 Holmes
7752.0 26811.0 28.0 44.0 ,
7832.0 26739.0 188.0 104.0 the
8056.0 26731.0 484.0 132.0 English
8604.0 26747.0 572.0 116.0 chairman
9192.0 26819.0 28.0 44.0 ,
9268.0 26743.0 524.0 108.0 declared
9880.0 26751.0 188.0 100.0 the

7280.0 26852.0 548.0 108.0 socialists
7872.0 26856.0 216.0 112.0 had
8136.0 26883.0 68.0 76.0 a
8248.0 26859.0 296.0 116.0 rieht
8588.0 26867.0 116.0 96.0 to
8748.0 26867.0 316.0 100.0 teach
9112.0 26867.0 444.0 100.0 treason
9608.0 26863.0 232.0 104.0 and
9880.0 26867.0 156.0 100.0 tin

7276.0 26971.0 632.0 104.0 overthrow
7952.0 26975.0 120.0 100.0 of
8112.0 26975.0 428.0 124.0 society
8584.0 26980.0 228.0 104.0 and
8852.0 26980.0 692.0 104.0 constituted
9584.0 26984.0 440.0 104.0 authori

7284.0 27091.0 244.0 100.0 ties.
7652.0 27087.0 428.0 104.0 Sooner
8180.0 27095.0 276.0 100.0 than
8564.0 27120.0 184.0 76.0 sou
8852.0 27099.0 192.0 100.0 the
9152.0 27095.0 192.0 112.0 bill
9452.0 27095.0 404.0 108.0 passed
9932.0 27103.0 140.0 100.0 ho

7284.0 27203.0 372.0 108.0 would
7700.0 27203.0 260.0 108.0 take
8004.0 27231.0 296.0 80.0 arms
8348.0 27207.0 116.0 108.0 In
8548.0 27207.0 308.0 108.0 band
8904.0 27207.0 224.0 108.0 and
9196.0 27223.0 408.0 116.0 preach
9652.0 27215.0 380.0 104.0 lovolu

7284.0 27320.0 280.0 104.0 tlon.
7692.0 27320.0 180.0 108.0 He
7960.0 27343.0 228.0 84.0 was
8272.0 27320.0 460.0 120.0 against
8768.0 27335.0 192.0 92.0 Uie
9004.0 27324.0 196.0 108.0 bill
9244.0 27347.0 124.0 84.0 as
9412.0 27351.0 148.0 80.0 an
9612.0 27331.0 392.0 104.0 Ameri-

7280.0 27460.0 208.0 84.0 can
7536.0 27435.0 400.0 116.0 citizen
7948.0 27511.0 28.0 48.0 ,
8024.0 27464.0 128.0 80.0 as
8200.0 27464.0 64.0 80.0 a
8288.0 27439.0 504.0 108.0 socialist
8820.0 27439.0 228.0 104.0 and
9080.0 27467.0 128.0 76.0 as
9248.0 27467.0 152.0 80.0 an
9444.0 27447.0 616.0 108.0 anarchist.

7284.0 27551.0 116.0 108.0 If
7464.0 27579.0 588.0 96.0 necessary
8136.0 27555.0 264.0 108.0 they
8488.0 27555.0 404.0 104.0 should
8980.0 27559.0 148.0 104.0 all
9220.0 27571.0 448.0 96.0 become
9712.0 27563.0 360.0 108.0 rebels

7284.0 27667.0 228.0 108.0 and
7616.0 27671.0 408.0 140.0 preach
8124.0 27671.0 644.0 124.0 downright
8876.0 27671.0 664.0 112.0 revolution.
9672.0 27679.0 392.0 108.0 Curlln

7284.0 27792.0 228.0 96.0 and
7616.0 27779.0 492.0 112.0 Holmes
8196.0 27811.0 292.0 80.0 were
8588.0 27787.0 388.0 128.0 wildly
9080.0 27796.0 464.0 108.0 cheered
9656.0 27796.0 140.0 124.0 by
9888.0 27803.0 192.0 100.0 tbe

7280.0 27903.0 368.0 116.0 crowd
7660.0 27975.0 28.0 56.0 ,
7740.0 27903.0 368.0 112.0 which
8152.0 27899.0 532.0 124.0 Included
8720.0 27932.0 68.0 84.0 a
8832.0 27915.0 464.0 112.0 oumbit
9392.0 27935.0 60.0 88.0 o
9468.0 27915.0 44.0 108.0 (
9584.0 27923.0 428.0 108.0 WOUJID

10648.0 2616.0 944.0 116.0 SCIENTIFIC
11656.0 2620.0 728.0 112.0 OPINION.

10136.0 2836.0 108.0 96.0 A
10300.0 2836.0 628.0 100.0 Learned
10980.0 2828.0 696.0 104.0 Professor
11712.0 2836.0 404.0 100.0 Gives
12172.0 2836.0 240.0 96.0 Ilia
12500.0 2828.0 440.0 104.0 Views

10784.0 3004.0 168.0 72.0 on
11008.0 2972.0 228.0 104.0 the
11288.0 2964.0 516.0 112.0 Kcfecnt
11852.0 2980.0 484.0 100.0 Shake.

10360.0 3116.0 584.0 116.0 ICnpyrloM
10996.0 3116.0 208.0 92.0 Jf47
11236.0 3108.0 128.0 104.0 bu
11396.0 3108.0 280.0 96.0 Jitme
11768.0 3116.0 404.0 96.0 Cordon
12220.0 3112.0 500.0 108.0 JJcmifff.l

10256.0 3248.0 360.0 104.0 KOMK
10624.0 3320.0 28.0 52.0 ,
10712.0 3240.0 380.0 112.0 March
11140.0 3244.0 92.0 100.0 0.
11380.0 3236.0 32.0 116.0 [
11428.0 3236.0 640.0 112.0 New'York
11704.0 3248.0 24.0 72.0 '
12128.0 3240.0 424.0 112.0 Herald
12599.0 3240.0 344.0 108.0 Cable

10260.0 3388.0 436.0 124.0 Special
10744.0 3392.0 116.0 100.0 to
10908.0 3384.0 192.0 108.0 the
11192.0 3380.0 140.0 104.0 Bi
11340.0 3404.0 32.0 80.0 :
11512.0 3376.0 32.0 132.0 ]
11688.0 3380.0 588.0 112.0 Professor
12364.0 3388.0 116.0 104.0 dl
12576.0 3380.0 320.0 108.0 Kossl
12912.0 3456.0 24.0 52.0 ,

10172.0 3528.0 452.0 112.0 llrcctor
10672.0 3532.0 120.0 104.0 of
10844.0 3520.0 772.0 132.0 Geodymalne
11664.0 3528.0 712.0 124.0 observatory
12404.0 3528.0 264.0 108.0 here
12672.0 3604.0 28.0 48.0 ,
12740.0 3524.0 204.0 108.0 has

10176.0 3672.0 372.0 128.0 vlndly
10592.0 3664.0 904.0 120.0 communicated
11544.0 3672.0 112.0 100.0 to
11704.0 3672.0 188.0 108.0 the
11964.0 3672.0 424.0 108.0 Herald
12480.0 3696.0 140.0 80.0 an
12740.0 3668.0 140.0 108.0 ad-

10144.0 3840.0 348.0 84.0 vance
10536.0 3844.0 284.0 100.0 copy
10932.0 3820.0 120.0 100.0 of
11160.0 3808.0 172.0 108.0 his
11440.0 3824.0 372.0 112.0 report
11912.0 3840.0 148.0 80.0 on
12172.0 3816.0 188.0 108.0 the
12476.0 3812.0 460.0 112.0 Hlvlcra

10140.0 3960.0 716.0 128.0 earthquake.
10988.0 3956.0 316.0 108.0 Thus
11352.0 3952.0 372.0 112.0 writes
11776.0 3956.0 188.0 108.0 the
12068.0 3956.0 520.0 108.0 eminent
12692.0 3984.0 264.0 100.0 pro-

10184.0 4104.0 328.0 108.0 'essor
10536.0 4128.0 24.0 84.0 :
10704.0 4104.0 308.0 104.0 "The
11068.0 4092.0 580.0 120.0 following
11695.0 4096.0 100.0 108.0 Is
11840.0 4128.0 64.0 76.0 a
11948.0 4100.0 316.0 108.0 short
12348.0 4100.0 412.0 104.0 review
12828.0 4096.0 124.0 108.0 of

10200.0 4248.0 136.0 104.0 ho
10388.0 4248.0 288.0 108.0 facts
10728.0 4248.0 340.0 104.0 noted
11124.0 4244.0 112.0 104.0 In
11291.0 4240.0 188.0 108.0 tbo
11524.0 4224.0 40.0 160.0 (
11572.0 4244.0 584.0 108.0 crrcstcral
12264.0 4240.0 680.0 108.0 commotion

10144.0 4388.0 372.0 112.0 which
10624.0 4383.0 464.0 112.0 reached
11184.0 4383.0 140.0 104.0 It3
11428.0 4412.0 56.0 72.0 c
11572.0 4383.0 160.0 104.0 lef
11840.0 4388.0 620.0 104.0 maximum
12552.0 4383.0 116.0 104.0 In
12764.0 4383.0 188.0 104.0 the

10148.0 4536.0 688.0 124.0 earthquake
10884.0 4532.0 124.0 100.0 of
11052.0 4532.0 188.0 100.0 the
11340.0 4532.0 60.0 92.0 2
11748.0 4528.0 200.0 108.0 Wo
12056.0 4556.0 444.0 100.0 possess
12604.0 4548.0 348.0 100.0 many

10192.0 4672.0 420.0 108.0 ilstorlc
10660.0 4676.0 664.0 108.0 documents
11400.0 4696.0 96.0 76.0 u
11572.0 4668.0 312.0 120.0 atlng
11928.0 4676.0 120.0 100.0 to
12096.0 4676.0 400.0 104.0 events
12584.0 4668.0 364.0 108.0 which

10188.0 4816.0 324.0 124.0 night
10556.0 4816.0 132.0 108.0 be
10776.0 4812.0 592.0 132.0 compaied
11460.0 4840.0 28.0 52.0 '
11584.0 4812.0 148.0 108.0 Ith
11840.0 4816.0 188.0 104.0 the
12136.0 4820.0 456.0 112.0 present
12704.0 4816.0 252.0 116.0 phe-

10152.0 4984.0 516.0 84.0 nomena.
10800.0 4960.0 320.0 124.0 They
11164.0 4984.0 192.0 80.0 nro
11404.0 4980.0 68.0 76.0 n
11604.0 4960.0 32.0 100.0 (
11652.0 4952.0 196.0 108.0 her
11932.0 4956.0 712.0 128.0 exceptional
12740.0 4980.0 212.0 76.0 nor

10152.0 5132.0 256.0 76.0 new
10460.0 5104.0 112.0 104.0 In
10684.0 5100.0 188.0 108.0 the
10976.0 5096.0 476.0 112.0 affected
11560.0 5104.0 484.0 120.0 regions.
12236.0 5100.0 352.0 124.0 Many
12692.0 5096.0 264.0 108.0 data

10160.0 5248.0 368.0 108.0 which
10576.0 5248.0 284.0 104.0 have
10964.0 5244.0 276.0 108.0 been
11352.0 5236.0 140.0 108.0 ah
11588.0 5244.0 216.0 124.0 ady
11912.0 5244.0 344.0 104.0 noted
12368.0 5244.0 116.0 104.0 In
12576.0 5244.0 384.0 104.0 recent

10156.0 5392.0 408.0 104.0 Italian
10620.0 5388.0 776.0 108.0 observations
11404.0 5459.0 28.0 48.0 ,
11608.0 5416.0 60.0 72.0 o
11716.0 5412.0 256.0 80.0 now
12020.0 5384.0 648.0 108.0 continued.
12748.0 5388.0 192.0 100.0 An

10148.0 5532.0 804.0 108.0 examination
11004.0 5532.0 124.0 100.0 of
11236.0 5527.0 184.0 104.0 the
11600.0 5532.0 184.0 104.0 nta
11887.0 5527.0 512.0 128.0 supplied
12512.0 5527.0 144.0 120.0 by
12759.0 5548.0 200.0 80.0 our

10192.0 5668.0 1116.0 116.0 nlcroseismometrlc
11408.0 5696.0 64.0 76.0 a
11584.0 5676.0 428.0 100.0 nar.xtus
12120.0 5676.0 376.0 104.0 shows
12544.0 5700.0 64.0 76.0 a
12700.0 5696.0 264.0 96.0 pro-

10200.0 5816.0 368.0 128.0 ouged
10620.0 5812.0 720.0 128.0 microscopic
11440.0 5844.0 28.0 68.0 <
11608.0 5876.0 8.0 32.0 >
11628.0 5816.0 540.0 104.0 turbance
12252.0 5812.0 688.0 124.0 throughout

10156.0 5960.0 188.0 104.0 the
10392.0 5960.0 608.0 128.0 peninsula
11084.0 5968.0 404.0 96.0 extend
11608.0 5984.0 104.0 96.0 ig
11800.0 5984.0 268.0 80.0 over
12160.0 5956.0 192.0 104.0 the
12440.0 5956.0 212.0 104.0 last
12744.0 5968.0 220.0 92.0 two

10200.0 6112.0 408.0 96.0 nontlis
10616.0 6180.0 24.0 48.0 ,
10812.0 6104.0 192.0 104.0 the
11212.0 6124.0 256.0 80.0 max
11560.0 6124.0 264.0 80.0 mini
12036.0 6096.0 592.0 124.0 occurring
12812.0 6120.0 144.0 80.0 on

10152.0 6248.0 196.0 104.0 the
10464.0 6248.0 180.0 104.0 6th
10656.0 6320.0 24.0 48.0 ,
10876.0 6244.0 248.0 104.0 10th
11300.0 6224.0 256.0 124.0 and'
11712.0 6244.0 240.0 104.0 10th
12140.0 6248.0 128.0 100.0 of
12444.0 6240.0 520.0 124.0 January

10152.0 6392.0 228.0 104.0 and
10564.0 6416.0 144.0 76.0 on
10956.0 6388.0 188.0 108.0 the
11384.0 6384.0 176.0 104.0 4th
11576.0 6460.0 24.0 40.0 ,
11836.0 6384.0 244.0 108.0 10th
12256.0 6384.0 228.0 104.0 ICtli
12500.0 6456.0 28.0 56.0 ,
12727.0 6384.0 232.0 104.0 10th

10156.0 6532.0 228.0 104.0 and
10432.0 6536.0 456.0 104.0 thniJtst
10932.0 6536.0 120.0 100.0 of
11120.0 6528.0 608.0 120.0 Febuiary.
11868.0 6532.0 244.0 104.0 The
12188.0 6524.0 776.0 124.0 mlscroscopln

10156.0 6680.0 700.0 100.0 movements
10904.0 6704.0 292.0 76.0 were
11244.0 6675.0 292.0 100.0 most
11584.0 6671.0 460.0 104.0 marked
12156.0 6671.0 228.0 104.0 and
12500.0 6668.0 468.0 128.0 pcislst-

10156.0 6828.0 200.0 92.0 ent
10404.0 6816.0 112.0 104.0 In
10568.0 6820.0 188.0 104.0 the
10800.0 6816.0 500.0 108.0 dlsttlcts
11348.0 6816.0 124.0 100.0 of
11556.0 6816.0 364.0 104.0 active
11964.0 6816.0 232.0 104.0 nnd
12240.0 6807.0 444.0 108.0 extinct
12736.0 6811.0 176.0 104.0 vol-

10152.0 6984.0 412.0 80.0 canoes
10620.0 6960.0 228.0 108.0 and
10900.0 6964.0 116.0 100.0 In
11068.0 6952.0 420.0 112.0 several
11564.0 6956.0 248.0 108.0 well
11864.0 6960.0 424.0 100.0 known
12340.0 6964.0 440.0 100.0 centers
12844.0 6960.0 120.0 96.0 ot

10160.0 7108.0 676.0 116.0 cndngnous
10940.0 7100.0 500.0 116.0 activity.
11628.0 7096.0 244.0 108.0 The
11980.0 7124.0 308.0 80.0 same
12376.0 7108.0 232.0 96.0 tact
12736.0 7120.0 232.0 84.0 was

10160.0 7248.0 336.0 104.0 noted
10560.0 7244.0 108.0 108.0 In
10728.0 7248.0 188.0 104.0 the
10964.0 7272.0 308.0 80.0 cases
11316.0 7248.0 124.0 96.0 of
11488.0 7236.0 188.0 108.0 the
11716.0 7240.0 756.0 128.0 earthquakes
12512.0 7248.0 112.0 100.0 at
12712.0 7240.0 260.0 104.0 Cas-

10156.0 7388.0 576.0 104.0 amlcclola
10744.0 7464.0 24.0 48.0 ,
10887.0 7388.0 112.0 104.0 In
11048.0 7384.0 256.0 112.0 Scio
11352.0 7384.0 224.0 104.0 and
11612.0 7384.0 108.0 108.0 In
11776.0 7384.0 400.0 124.0 Spain.
12320.0 7384.0 132.0 104.0 In
12500.0 7384.0 192.0 104.0 the
12740.0 7408.0 220.0 76.0 ma-

10160.0 7528.0 344.0 128.0 joilty
10596.0 7536.0 124.0 96.0 of
10800.0 7532.0 328.0 104.0 other
11228.0 7547.0 316.0 84.0 cases
11644.0 7536.0 124.0 96.0 of
11872.0 7536.0 376.0 104.0 recent
12336.0 7536.0 332.0 96.0 times
12772.0 7524.0 188.0 108.0 the

10184.0 7672.0 960.0 108.0 mIcioselsmutile
11232.0 7664.0 372.0 112.0 maxia
11672.0 7700.0 292.0 80.0 were
12048.0 7700.0 304.0 80.0 more
12440.0 7676.0 528.0 120.0 frequent

10160.0 7819.0 428.0 100.0 toward
10628.0 7815.0 188.0 104.0 the
10864.0 7815.0 188.0 104.0 -id
11100.0 7815.0 124.0 104.0 of
11272.0 7812.0 556.0 124.0 February
11836.0 7896.0 24.0 44.0 ,
11912.0 7815.0 200.0 108.0 but
12144.0 7840.0 144.0 76.0 on
12340.0 7812.0 188.0 104.0 the
12652.0 7815.0 112.0 100.0 M
12808.0 7808.0 152.0 108.0 all

10160.0 7984.0 232.0 80.0 was
10456.0 7964.0 288.0 100.0 calm
10792.0 7955.0 760.0 120.0 everywhere.
11692.0 7955.0 108.0 104.0 It
11904.0 7960.0 96.0 104.0 Is
12100.0 7951.0 436.0 128.0 worthy
12620.0 7960.0 124.0 96.0 of
12804.0 7980.0 168.0 76.0 10-

10160.0 8100.0 320.0 104.0 mark
10528.0 8100.0 240.0 104.0 that
10816.0 8132.0 64.0 72.0 a
10916.0 8100.0 344.0 104.0 scries
11304.0 8100.0 116.0 100.0 of
11468.0 8096.0 340.0 120.0 slight
11855.0 8100.0 748.0 128.0 earthquakes
12692.0 8096.0 264.0 104.0 took

10184.0 8240.0 300.0 128.0 place
10528.0 8248.0 116.0 100.0 at
10692.0 8240.0 460.0 132.0 Aqullla
11196.0 8256.0 112.0 92.0 at
11355.0 8240.0 188.0 104.0 the
11588.0 8244.0 220.0 104.0 end
11904.0 8248.0 124.0 96.0 of
12128.0 8240.0 516.0 120.0 January
12724.0 8236.0 232.0 108.0 and

10184.0 8388.0 180.0 100.0 the
10408.0 8384.0 592.0 128.0 beglnnltii
11000.0 8412.0 44.0 76.0 :
11084.0 8392.0 124.0 96.0 of
11272.0 8380.0 560.0 132.0 February
11908.0 8388.0 420.0 116.0 during
12372.0 8412.0 68.0 76.0 n
12544.0 8380.0 412.0 108.0 vhtual

10164.0 8532.0 568.0 100.0 cessation
10892.0 8532.0 132.0 100.0 of
11196.0 8528.0 804.0 108.0 mlcrosclsmlc
12184.0 8524.0 748.0 108.0 undulations
12936.0 8596.0 24.0 48.0 ,

10172.0 8668.0 360.0 108.0 which
10588.0 8672.0 360.0 104.0 lasted
10992.0 8695.0 308.0 80.0 some
11344.0 8668.0 312.0 124.0 days.
11784.0 8672.0 108.0 100.0 It
11936.0 8672.0 100.0 104.0 Is
12080.0 8676.0 116.0 100.0 to
12240.0 8672.0 132.0 104.0 bo
12416.0 8664.0 552.0 128.0 regretted

10188.0 8812.0 224.0 104.0 that
10460.0 8840.0 148.0 76.0 no
10656.0 8816.0 440.0 124.0 regular
11200.0 8812.0 772.0 108.0 observations
12016.0 8840.0 296.0 80.0 were
12416.0 8812.0 344.0 104.0 taken
12848.0 8812.0 124.0 100.0 of

10168.0 8956.0 192.0 104.0 tlm
10412.0 8959.0 752.0 120.0 temperature
11272.0 8956.0 124.0 100.0 of
11484.0 8952.0 188.0 108.0 the
11732.0 8956.0 476.0 104.0 mineral
12308.0 8959.0 404.0 100.0 waters
12791.0 8980.0 140.0 76.0 ex-

10164.0 9103.0 256.0 120.0 cept
10468.0 9108.0 112.0 96.0 at
10632.0 9099.0 732.0 104.0 Salinlaitatc
11408.0 9095.0 116.0 100.0 dl
11564.0 9095.0 540.0 108.0 1'ozziiolc
12104.0 9171.0 32.0 44.0 ,
12195.0 9099.0 368.0 104.0 whcio
12612.0 9095.0 84.0 104.0 It
12740.0 9124.0 232.0 80.0 was

10188.0 9244.0 348.0 100.0 found
10568.0 9239.0 244.0 108.0 that
10856.0 9244.0 188.0 104.0 the
11080.0 9244.0 744.0 112.0 temperature
11868.0 9268.0 252.0 80.0 rose
12163.0 9239.0 592.0 124.0 gradually
12800.0 9239.0 132.0 104.0 be-

10176.0 9388.0 364.0 100.0 tween
10596.0 9384.0 188.0 104.0 tlio
10832.0 9384.0 628.0 124.0 beginning
11504.0 9384.0 124.0 100.0 of
11656.0 9384.0 524.0 124.0 January
12224.0 9384.0 228.0 104.0 and
12504.0 9384.0 188.0 100.0 the
12744.0 9384.0 224.0 100.0 end

10164.0 9528.0 120.0 100.0 of
10336.0 9528.0 568.0 120.0 Fnbruary
10951.0 9532.0 176.0 100.0 for
11172.0 9532.0 116.0 92.0 03
11336.0 9532.0 116.0 96.0 to
11492.0 9532.0 120.0 96.0 70
11652.0 9528.0 460.0 124.0 degrees
12220.0 9524.0 740.0 124.0 centiigrade.

10188.0 9668.0 348.0 108.0 There
10584.0 9692.0 292.0 84.0 weie
10912.0 9668.0 424.0 108.0 several
11384.0 9664.0 348.0 128.0 slight
11772.0 9668.0 752.0 128.0 earthquakes
12576.0 9668.0 112.0 104.0 In
12740.0 9664.0 236.0 104.0 dlf-

10188.0 9816.0 28.0 104.0 [
10220.0 9816.0 324.0 100.0 crent
10592.0 9820.0 304.0 120.0 pails
10940.0 9816.0 128.0 100.0 of
11112.0 9812.0 292.0 120.0 Italy
11448.0 9808.0 416.0 124.0 dining
11960.0 9812.0 188.0 104.0 the
12192.0 9835.0 308.0 80.0 same
12552.0 9812.0 376.0 124.0 period
12944.0 9884.0 24.0 44.0 ,

10168.0 9960.0 196.0 100.0 but
10420.0 9956.0 260.0 124.0 they
10732.0 9979.0 292.0 80.0 were
11104.0 9952.0 224.0 108.0 less
11419.0 9952.0 620.0 128.0 Important
12112.0 9956.0 280.0 104.0 than
12472.0 9952.0 96.0 104.0 Is
12652.0 9952.0 320.0 104.0 usual

10160.0 10100.0 116.0 100.0 at
10328.0 10100.0 224.0 100.0 this
10600.0 10124.0 440.0 80.0 season.
11120.0 10096.0 172.0 104.0 On
11348.0 10096.0 400.0 104.0 IhoGth
11796.0 10096.0 224.0 104.0 and
12068.0 10096.0 180.0 104.0 8th
12296.0 10100.0 124.0 100.0 of
12460.0 10096.0 512.0 120.0 January

10188.0 10243.0 500.0 116.0 liargano
10732.0 10239.0 224.0 104.0 and
11004.0 10236.0 544.0 112.0 Yolberre
11552.0 10311.0 24.0 48.0 ,
11632.0 10264.0 148.0 76.0 on
11832.0 10243.0 188.0 100.0 the
12068.0 10236.0 236.0 104.0 15th
12372.0 10239.0 232.0 100.0 nnd
12692.0 10236.0 280.0 104.0 22nd

10188.0 10379.0 280.0 104.0 Ktna
10508.0 10383.0 228.0 104.0 and
10784.0 10408.0 144.0 76.0 on
10980.0 10388.0 192.0 100.0 the
11212.0 10379.0 248.0 104.0 2oth
11516.0 10379.0 432.0 108.0 Venice
11996.0 10408.0 288.0 76.0 were
12352.0 10379.0 616.0 108.0 disturbed.

10164.0 10528.0 176.0 100.0 On
10396.0 10524.0 188.0 104.0 the
10628.0 10524.0 240.0 104.0 10th
10919.0 10532.0 228.0 96.0 and
11188.0 10519.0 244.0 108.0 20th
11484.0 10528.0 120.0 96.0 of
11648.0 10524.0 564.0 120.0 February
12256.0 10524.0 312.0 104.0 there
12680.0 10548.0 292.0 80.0 were

10164.0 10668.0 308.0 100.0 fiesh
10524.0 10668.0 768.0 104.0 commotions
11328.0 10684.0 116.0 84.0 at
11504.0 10664.0 332.0 108.0 Etna.
11968.0 10668.0 364.0 100.0 There
12432.0 10692.0 292.0 76.0 were
12828.0 10692.0 152.0 76.0 no

10164.0 10808.0 784.0 108.0 disturbances
10996.0 10812.0 436.0 120.0 worthy
11476.0 10812.0 124.0 100.0 of
11644.0 10808.0 516.0 104.0 mention
12216.0 10808.0 116.0 104.0 in
12384.0 10832.0 232.0 92.0 any
12660.0 10808.0 324.0 104.0 other

10160.0 10956.0 252.0 120.0 part
10456.0 10952.0 124.0 100.0 of
10636.0 10952.0 324.0 120.0 Italy.
11092.0 10948.0 312.0 108.0 Thus
11456.0 10952.0 88.0 104.0 it
11584.0 10948.0 232.0 108.0 will
11864.0 10952.0 132.0 104.0 bo
12060.0 10976.0 264.0 80.0 seen
12440.0 10952.0 244.0 104.0 that
12788.0 10952.0 192.0 100.0 the

10168.0 11092.0 432.0 104.0 shaken
10656.0 11096.0 440.0 104.0 district
11144.0 11115.0 288.0 84.0 were
11484.0 11092.0 112.0 104.0 In
11648.0 11096.0 260.0 100.0 four
11968.0 11096.0 536.0 100.0 different
12544.0 11104.0 436.0 92.0 centres

10164.0 11240.0 124.0 96.0 of
10368.0 11236.0 824.0 104.0 simultaneous
11276.0 11232.0 468.0 128.0 activity
11812.0 11236.0 364.0 104.0 which
12284.0 11236.0 284.0 104.0 have
12672.0 11236.0 312.0 104.0 since

10168.0 11380.0 280.0 104.0 been
10500.0 11380.0 336.0 120.0 again
10880.0 11380.0 940.0 120.0 simultaneously
11924.0 11376.0 280.0 108.0 with
12308.0 11380.0 192.0 100.0 the
12604.0 11376.0 316.0 104.0 earth-

10168.0 11523.0 364.0 124.0 quake
10576.0 11523.0 124.0 100.0 of
10752.0 11523.0 188.0 100.0 the
10980.0 11519.0 196.0 104.0 2.d
11072.0 11527.0 24.0 92.0 !
11244.0 11519.0 264.0 112.0 lust.
11636.0 11519.0 424.0 104.0 Indeed
12076.0 11591.0 24.0 48.0 ,
12212.0 11519.0 188.0 104.0 the
12508.0 11519.0 440.0 104.0 disturb-

10164.0 11688.0 284.0 80.0 ance
10492.0 11663.0 124.0 100.0 of
10660.0 11663.0 304.0 104.0 Etna
11008.0 11667.0 528.0 100.0 occurred
11584.0 11663.0 196.0 104.0 but
11820.0 11692.0 68.0 76.0 a
11932.0 11688.0 264.0 96.0 very
12284.0 11659.0 316.0 104.0 short
12708.0 11663.0 276.0 104.0 tlmo

10168.0 11808.0 380.0 100.0 before
10596.0 11804.0 188.0 104.0 the
10828.0 11812.0 320.0 116.0 great
11192.0 11808.0 544.0 124.0 upheaval
11776.0 11808.0 120.0 100.0 of
11940.0 11808.0 192.0 100.0 the
12212.0 11804.0 288.0 104.0 23ul.
12695.0 11808.0 280.0 100.0 Gar-

10168.0 11976.0 296.0 76.0 trano
10512.0 11976.0 228.0 76.0 was
10788.0 11948.0 432.0 104.0 shaken
11272.0 11972.0 148.0 80.0 on
11516.0 11948.0 184.0 104.0 the
11804.0 11972.0 308.0 80.0 same
12220.0 11948.0 540.0 120.0 morning
12868.0 11960.0 112.0 92.0 nt

10164.0 12092.0 312.0 116.0 eight
10528.0 12092.0 492.0 100.0 minutes
11068.0 12092.0 252.0 124.0 past
11355.0 12096.0 92.0 100.0 0.
11580.0 12088.0 300.0 108.0 That
11924.0 12088.0 92.0 104.0 Is
12060.0 12120.0 64.0 72.0 n
12176.0 12092.0 220.0 100.0 few
12488.0 12088.0 496.0 104.0 minutes

10168.0 12232.0 380.0 104.0 before
10592.0 12232.0 188.0 104.0 the
10824.0 12236.0 740.0 120.0 catastrophe.
11744.0 12228.0 428.0 108.0 Verltla
12268.0 12232.0 456.0 104.0 showed
12832.0 12256.0 152.0 76.0 no

10168.0 12376.0 680.0 116.0 perceptible
10896.0 12376.0 1000.0 124.0 phenomena.but
11928.0 12376.0 604.0 120.0 according
12576.0 12380.0 120.0 100.0 to
12796.0 12376.0 192.0 100.0 the

10164.0 12516.0 780.0 108.0 observations
10988.0 12520.0 128.0 100.0 of
11160.0 12520.0 148.0 100.0 M.
11368.0 12520.0 416.0 104.0 Uolran
11800.0 12592.0 24.0 52.0 ,
11876.0 12524.0 116.0 96.0 at
12096.0 12516.0 464.0 104.0 Verona
12572.0 12592.0 24.0 48.0 ,
12708.0 12516.0 276.0 104.0 with

10164.0 12660.0 712.0 120.0 exceptional
10984.0 12656.0 552.0 128.0 agitation
11640.0 12663.0 612.0 120.0 apparatus
12256.0 12731.0 28.0 44.0 ,
12396.0 12660.0 292.0 100.0 from
12800.0 12656.0 188.0 104.0 the

10172.0 12803.0 204.0 100.0 22d
10448.0 12807.0 116.0 96.0 to
10608.0 12803.0 192.0 100.0 the
10900.0 12803.0 196.0 104.0 23d
11220.0 12824.0 220.0 80.0 ono
11492.0 12803.0 360.0 116.0 might
11896.0 12803.0 132.0 104.0 bo
12072.0 12799.0 184.0 104.0 led
12304.0 12807.0 116.0 96.0 to
12492.0 12828.0 488.0 96.0 suppose

10172.0 12943.0 248.0 104.0 that
10464.0 12943.0 312.0 104.0 there
10824.0 12972.0 188.0 76.0 are
11060.0 12968.0 260.0 84.0 now
11368.0 12943.0 212.0 108.0 five
11680.0 12943.0 548.0 104.0 diiterent
12328.0 12947.0 440.0 100.0 centers
12868.0 12947.0 120.0 96.0 of

10172.0 13083.0 472.0 124.0 activity
10696.0 13083.0 116.0 104.0 in
10919.0 13083.0 300.0 120.0 Italy
11224.0 13160.0 28.0 44.0 ,
11323.0 13088.0 456.0 124.0 namely
11784.0 13160.0 28.0 48.0 ,
11928.0 13088.0 356.0 120.0 Sicily
12288.0 13160.0 28.0 48.0 ,
12436.0 13088.0 536.0 120.0 Gargano

10168.0 13232.0 512.0 100.0 Abriuzo
10688.0 13304.0 24.0 44.0 ,
10768.0 13228.0 360.0 104.0 Baldo
11244.0 13232.0 36.0 116.0 (
11296.0 13232.0 116.0 100.0 In
11488.0 13215.0 576.0 124.0 'VenetUO
12116.0 13228.0 44.0 124.0 {
12168.0 13228.0 224.0 104.0 and
12500.0 13236.0 484.0 96.0 western

10172.0 13368.0 496.0 128.0 Llgurla.
10868.0 13368.0 464.0 124.0 Having
11444.0 13372.0 344.0 104.0 noted
11896.0 13368.0 188.0 104.0 the
12192.0 13372.0 232.0 104.0 fact
12528.0 13372.0 288.0 100.0 from
12924.0 13396.0 68.0 80.0 n

10172.0 13512.0 824.0 124.0 chronological
11092.0 13516.0 668.0 120.0 standpoint
11844.0 13512.0 124.0 120.0 11
12024.0 13512.0 228.0 108.0 will
12364.0 13535.0 260.0 84.0 now
12727.0 13539.0 260.0 96.0 pass

10172.0 13660.0 120.0 100.0 to
10416.0 13656.0 656.0 100.0 barometric
11236.0 13656.0 812.0 104.0 observations.
12304.0 13656.0 244.0 104.0 The
12695.0 13671.0 296.0 88.0 most

10172.0 13796.0 552.0 124.0 complete
11008.0 13800.0 728.0 104.0 coincidence
12004.0 13796.0 512.0 108.0 between
12800.0 13800.0 188.0 100.0 the

10180.0 13936.0 752.0 112.0 atmospheric
11232.0 13932.0 720.0 136.0 depressions
12252.0 13943.0 228.0 96.0 and
12788.0 13939.0 192.0 100.0 tlio

10184.0 14079.0 496.0 104.0 maxima
10764.0 14079.0 124.0 100.0 of
10976.0 14075.0 796.0 108.0 microseismic
11852.0 14075.0 748.0 104.0 undulations
12704.0 14075.0 288.0 104.0 have

10188.0 14223.0 280.0 100.0 been
10516.0 14248.0 428.0 96.0 proven
10988.0 14219.0 152.0 120.0 by
11176.0 14223.0 156.0 100.0 M.
11384.0 14215.0 464.0 112.0 Uevtelll
11855.0 14291.0 24.0 44.0 ,
11932.0 14223.0 240.0 100.0 and
12252.0 14215.0 740.0 112.0 reconfirmed

10184.0 14359.0 288.0 100.0 here.
10608.0 14359.0 244.0 100.0 The
10936.0 14359.0 868.0 104.0 constitutional
11892.0 14359.0 788.0 100.0 disturbances
12740.0 14355.0 212.0 104.0 dur-

10192.0 14495.0 200.0 120.0 ing
10432.0 14495.0 252.0 104.0 half
10720.0 14499.0 124.0 100.0 of
10924.0 14499.0 520.0 120.0 January
11492.0 14495.0 372.0 108.0 which
11944.0 14495.0 536.0 100.0 followed
12548.0 14520.0 232.0 76.0 was
12828.0 14491.0 116.0 104.0 In-

10192.0 14640.0 508.0 120.0 variably
10792.0 14635.0 800.0 128.0 accompanied
11640.0 14635.0 148.0 124.0 by
11868.0 14631.0 276.0 128.0 high
12208.0 14660.0 512.0 100.0 pressure
12720.0 14712.0 28.0 48.0 ,
12840.0 14660.0 144.0 80.0 an

10192.0 14804.0 668.0 80.0 occurrence
10908.0 14780.0 368.0 104.0 which
11323.0 14776.0 428.0 124.0 always
11800.0 14776.0 528.0 128.0 precedes
12392.0 14776.0 604.0 108.0 Imminent

10184.0 14920.0 228.0 104.0 nnd
10520.0 14920.0 428.0 104.0 serious
11052.0 14920.0 720.0 128.0 phenomena
11880.0 14920.0 120.0 104.0 In
12092.0 14920.0 312.0 104.0 earth
12516.0 14920.0 440.0 104.0 disturb-

10184.0 15087.0 340.0 80.0 ances
10628.0 15068.0 268.0 96.0 such
10988.0 15087.0 124.0 76.0 as
11200.0 15064.0 188.0 100.0 the
11472.0 15060.0 692.0 128.0 earthquake
12236.0 15064.0 128.0 100.0 of
12464.0 15064.0 192.0 104.0 the
12752.0 15064.0 232.0 108.0 23d.

10184.0 15208.0 112.0 100.0 A
10380.0 15204.0 500.0 128.0 peculiar
10924.0 15212.0 236.0 96.0 tact
11244.0 15208.0 200.0 100.0 has
11492.0 15196.0 280.0 112.0 been
11860.0 15204.0 588.0 104.0 remarked
12520.0 15231.0 148.0 80.0 on
12759.0 15231.0 196.0 76.0 sev-

10184.0 15359.0 232.0 92.0 eral
10464.0 15344.0 576.0 108.0 occasions
11088.0 15344.0 420.0 124.0 during
11552.0 15348.0 188.0 100.0 the
11784.0 15348.0 220.0 104.0 last
12052.0 15348.0 216.0 104.0 few
12316.0 15371.0 356.0 100.0 years.
12808.0 15351.0 176.0 100.0 On

10184.0 15491.0 192.0 100.0 the
10456.0 15495.0 232.0 96.0 21st
10768.0 15487.0 228.0 104.0 and
11080.0 15487.0 196.0 104.0 22d
11364.0 15487.0 192.0 104.0 tlio
11640.0 15487.0 356.0 128.0 slight
12076.0 15516.0 248.0 76.0 nvei
12348.0 15520.0 200.0 96.0 ago
12592.0 15491.0 360.0 104.0 atmos-

10184.0 15631.0 388.0 116.0 pheric
10656.0 15631.0 652.0 120.0 depression
11396.0 15631.0 216.0 104.0 had
11668.0 15631.0 148.0 104.0 its
11860.0 15631.0 384.0 104.0 center
12312.0 15631.0 116.0 104.0 In
12512.0 15631.0 192.0 104.0 the
12748.0 15631.0 244.0 108.0 gulf

10184.0 15775.0 124.0 100.0 of
10396.0 15775.0 420.0 100.0 Genoa.
10951.0 15775.0 176.0 100.0 On
11180.0 15771.0 188.0 104.0 the
11451.0 15771.0 196.0 104.0 22d
11727.0 15771.0 88.0 104.0 it
11904.0 15771.0 216.0 104.0 had
12188.0 15771.0 400.0 124.0 nearly
12631.0 15771.0 324.0 128.0 disap-

10184.0 15924.0 400.0 116.0 peared
10600.0 15992.0 24.0 44.0 ,
10724.0 15920.0 192.0 100.0 but
11004.0 15915.0 504.0 104.0 between
11604.0 15915.0 192.0 104.0 the
11880.0 15915.0 196.0 100.0 22d
12180.0 15915.0 228.0 104.0 and
12500.0 15915.0 200.0 104.0 23d
12804.0 15920.0 188.0 104.0 the

10192.0 16060.0 616.0 104.0 barometer
10908.0 16060.0 560.0 120.0 suddenly
11576.0 16084.0 248.0 76.0 rose
11932.0 16060.0 212.0 104.0 live
12248.0 16060.0 732.0 108.0 millimetres.

10180.0 16204.0 172.0 100.0 As
10456.0 16204.0 456.0 116.0 rcgaids
11016.0 16204.0 188.0 100.0 the
11308.0 16200.0 696.0 124.0 eplccntrum
12096.0 16204.0 124.0 96.0 of
12328.0 16200.0 192.0 108.0 the
12624.0 16204.0 316.0 104.0 earth

10184.0 16348.0 396.0 120.0 quake.
10636.0 16344.0 88.0 104.0 It
10812.0 16344.0 92.0 100.0 Is
10988.0 16344.0 472.0 104.0 difficult
11548.0 16348.0 116.0 100.0 to
11752.0 16371.0 196.0 92.0 say
12036.0 16344.0 368.0 108.0 much.
12535.0 16348.0 188.0 100.0 An
12804.0 16371.0 144.0 80.0 an-

10184.0 16488.0 348.0 124.0 alysis
10580.0 16484.0 120.0 104.0 of
10784.0 16488.0 148.0 100.0 all
10984.0 16484.0 188.0 104.0 the
11256.0 16484.0 292.0 108.0 facts
11552.0 16560.0 28.0 40.0 ,
11632.0 16488.0 228.0 100.0 and
11948.0 16484.0 352.0 108.0 above
12368.0 16488.0 148.0 104.0 all
12576.0 16488.0 192.0 104.0 the
12812.0 16492.0 108.0 100.0 di-

10188.0 16631.0 424.0 100.0 rection
10660.0 16631.0 124.0 96.0 of
10828.0 16628.0 188.0 104.0 the
11060.0 16628.0 448.0 104.0 seismic
11548.0 16651.0 364.0 84.0 waves
11919.0 16703.0 24.0 40.0 ,
11996.0 16628.0 376.0 112.0 shows
12440.0 16628.0 184.0 104.0 the
12672.0 16631.0 284.0 104.0 start-

10188.0 16771.0 200.0 120.0 ing
10432.0 16771.0 324.0 124.0 point
10792.0 16771.0 124.0 100.0 of
10956.0 16771.0 192.0 104.0 the
11200.0 16771.0 612.0 104.0 vibrations
11860.0 16779.0 112.0 96.0 to
12056.0 16771.0 284.0 108.0 have
12392.0 16771.0 272.0 104.0 been
12716.0 16800.0 144.0 76.0 on
12928.0 16804.0 68.0 76.0 a

10188.0 16915.0 644.0 100.0 submarine
10992.0 16911.0 508.0 124.0 geologic
11656.0 16911.0 484.0 104.0 fracture
12148.0 16987.0 24.0 48.0 ,
12332.0 16940.0 276.0 80.0 near
12768.0 16915.0 224.0 104.0 and

10188.0 17055.0 460.0 124.0 parallel
10728.0 17055.0 268.0 104.0 with
11112.0 17055.0 188.0 104.0 the
11392.0 17055.0 548.0 124.0 Llgtirlan
12048.0 17055.0 312.0 104.0 coast
12364.0 17131.0 24.0 44.0 ,
12488.0 17063.0 508.0 120.0 running

10188.0 17204.0 292.0 96.0 from
10568.0 17204.0 240.0 100.0 east
10884.0 17212.0 116.0 92.0 to
11092.0 17200.0 276.0 100.0 west
11436.0 17200.0 116.0 104.0 in
11644.0 17200.0 188.0 100.0 tlio
11940.0 17200.0 528.0 104.0 Chlavari
12560.0 17204.0 424.0 120.0 region.

10184.0 17340.0 244.0 104.0 Tlio
10476.0 17340.0 444.0 104.0 seismic
10968.0 17344.0 428.0 112.0 history
11440.0 17348.0 124.0 96.0 of
11608.0 17340.0 300.0 124.0 Italy
11956.0 17344.0 376.0 104.0 shows
12376.0 17340.0 244.0 108.0 that
12680.0 17344.0 320.0 104.0 other

10184.0 17484.0 748.0 128.0 eaithquakes
11028.0 17480.0 360.0 108.0 which
11516.0 17488.0 284.0 108.0 have
11904.0 17488.0 528.0 100.0 occurred
12560.0 17488.0 116.0 100.0 in
12808.0 17488.0 188.0 104.0 the

10188.0 17651.0 308.0 80.0 same
10540.0 17628.0 384.0 116.0 region
10980.0 17628.0 312.0 100.0 since
11336.0 17632.0 228.0 96.0 1541
11616.0 17624.0 524.0 108.0 followed
12188.0 17628.0 188.0 104.0 the
12419.0 17655.0 312.0 76.0 same
12764.0 17632.0 232.0 104.0 line

10192.0 17772.0 228.0 104.0 and
10476.0 17768.0 448.0 128.0 injured
10964.0 17772.0 188.0 100.0 the
11196.0 17795.0 304.0 76.0 same
11544.0 17768.0 404.0 132.0 places.
11960.0 17768.0 72.0 56.0 "

10616.0 18040.0 384.0 100.0 sins.
11108.0 18040.0 800.0 100.0 POTTEIVS
11980.0 18040.0 600.0 100.0 DEBUT.

10200.0 18247.0 256.0 92.0 Kho
10564.0 18244.0 296.0 100.0 Will
10912.0 18244.0 408.0 96.0 Make
11412.0 18247.0 124.0 92.0 It
11612.0 18263.0 148.0 80.0 at
11836.0 18244.0 224.0 96.0 the
12140.0 18244.0 852.0 116.0 liaymarkot

11196.0 18387.0 132.0 96.0 In
11400.0 18387.0 584.0 100.0 London.

10368.0 18539.0 32.0 104.0 [
10416.0 18535.0 32.0 80.0 (
10460.0 18535.0 124.0 104.0 Vj
10592.0 18552.0 24.0 64.0 >
10628.0 18547.0 24.0 84.0 !
10656.0 18552.0 28.0 76.0 /
10692.0 18560.0 28.0 56.0 :
10748.0 18527.0 200.0 104.0 fy7tt
11012.0 18527.0 208.0 88.0 1W
11272.0 18527.0 124.0 104.0 bu
11444.0 18527.0 336.0 88.0 JamCK
11844.0 18527.0 404.0 88.0 Gordon
12316.0 18527.0 452.0 96.0 Hewlett.
12776.0 18531.0 40.0 100.0 ]

10316.0 18655.0 528.0 104.0 LONDON
10848.0 18723.0 28.0 40.0 ,
10992.0 18651.0 376.0 104.0 March
11472.0 18655.0 92.0 104.0 6.
11712.0 18655.0 28.0 116.0 [
11759.0 18651.0 280.0 108.0 Now
12136.0 18651.0 320.0 108.0 York
12580.0 18651.0 420.0 108.0 Herald

10196.0 18795.0 896.0 124.0 Cable-Special
11164.0 18799.0 112.0 100.0 to
11396.0 18799.0 188.0 104.0 the
11695.0 18795.0 264.0 104.0 BEC
11988.0 18803.0 16.0 116.0 |
12148.0 18795.0 56.0 104.0 I
12252.0 18795.0 364.0 108.0 found
12700.0 18799.0 288.0 108.0 Mrs.

10188.0 18947.0 388.0 100.0 James
10684.0 18939.0 408.0 100.0 Blown
11208.0 18919.0 384.0 128.0 Polter
11695.0 18939.0 224.0 104.0 this
12024.0 18939.0 500.0 124.0 evening
12608.0 18943.0 116.0 100.0 at
12808.0 18939.0 196.0 108.0 her

10192.0 19112.0 408.0 80.0 rooms.
10728.0 19087.0 168.0 96.0 As
10940.0 19083.0 116.0 100.0 to
11104.0 19083.0 184.0 100.0 the
11332.0 19092.0 452.0 112.0 present
11820.0 19079.0 588.0 108.0 condition
12444.0 19083.0 124.0 100.0 of
12612.0 19083.0 388.0 104.0 affairs

10196.0 19232.0 200.0 100.0 she
10440.0 19224.0 236.0 104.0 said
10712.0 19252.0 28.0 76.0 :
10876.0 19219.0 308.0 108.0 "Yes
11192.0 19300.0 24.0 44.0 ,
11308.0 19244.0 272.0 108.0 only
11668.0 19224.0 596.0 124.0 yesterday
12316.0 19224.0 52.0 104.0 I
12444.0 19228.0 324.0 104.0 made
12852.0 19252.0 152.0 100.0 up

10200.0 19399.0 184.0 96.0 my
10432.0 19368.0 312.0 104.0 mind
10756.0 19444.0 24.0 44.0 ,
10852.0 19368.0 228.0 104.0 and
11124.0 19368.0 264.0 124.0 only
11436.0 19368.0 592.0 128.0 yostcrdav
12092.0 19368.0 44.0 104.0 I
12188.0 19368.0 404.0 124.0 signed
12636.0 19399.0 68.0 76.0 a
12748.0 19399.0 208.0 80.0 con-

10196.0 19516.0 284.0 104.0 tract
10528.0 19508.0 276.0 108.0 with
10852.0 19512.0 188.0 100.0 the
11124.0 19508.0 732.0 128.0 Uaymarket.
11992.0 19508.0 564.0 108.0 Whether
12616.0 19512.0 52.0 104.0 1
12712.0 19516.0 284.0 104.0 shall

10196.0 19679.0 416.0 100.0 appear
10648.0 19652.0 380.0 104.0 before
11080.0 19652.0 468.0 108.0 Passion
11636.0 19679.0 128.0 76.0 or
11812.0 19656.0 300.0 104.0 after
12180.0 19656.0 400.0 104.0 Easter
12624.0 19656.0 92.0 104.0 Is
12804.0 19663.0 200.0 96.0 not

10196.0 19827.0 136.0 92.0 ye
10348.0 19819.0 36.0 104.0 )
10432.0 19792.0 492.0 112.0 decided.
11060.0 19792.0 52.0 108.0 I
11160.0 19823.0 176.0 76.0 am
11384.0 19807.0 116.0 96.0 to
11532.0 19823.0 292.0 100.0 open
11876.0 19823.0 124.0 76.0 as
12040.0 19795.0 352.0 104.0 Anna
12432.0 19799.0 576.0 120.0 Sylvester

10200.0 19943.0 128.0 104.0 in
10372.0 19939.0 348.0 104.0 "Man
10764.0 19939.0 236.0 104.0 and
11084.0 19935.0 308.0 108.0 Wile
11392.0 20019.0 28.0 44.0 ,
11428.0 19939.0 80.0 60.0 "
11592.0 19939.0 236.0 104.0 and
11864.0 19935.0 296.0 108.0 shall
12200.0 19939.0 540.0 128.0 probably
12780.0 19943.0 164.0 104.0 fol-

10204.0 20083.0 216.0 104.0 low
10468.0 20083.0 264.0 104.0 with
10784.0 20108.0 144.0 76.0 an
10980.0 20079.0 484.0 128.0 entirely
11552.0 20108.0 252.0 80.0 new
11896.0 20079.0 264.0 124.0 play
12168.0 20155.0 28.0 48.0 ,
12248.0 20083.0 364.0 104.0 which
12663.0 20083.0 92.0 104.0 Is
12804.0 20095.0 204.0 96.0 not

10200.0 20231.0 192.0 120.0 yet
10480.0 20223.0 472.0 104.0 finished
11056.0 20223.0 200.0 104.0 but
11300.0 20227.0 92.0 100.0 is
11436.0 20227.0 340.0 120.0 being
11820.0 20223.0 456.0 108.0 written
12376.0 20227.0 176.0 100.0 lor
12599.0 20256.0 176.0 76.0 me
12860.0 20227.0 144.0 120.0 by

10200.0 20372.0 212.0 104.0 Mr.
10451.0 20367.0 536.0 104.0 Bancrott
11000.0 20440.0 24.0 52.0 ,
11076.0 20372.0 252.0 100.0 who
11372.0 20367.0 204.0 104.0 has
11624.0 20372.0 272.0 100.0 been
11936.0 20367.0 740.0 124.0 exceedingly
12716.0 20372.0 284.0 104.0 kind

10208.0 20516.0 112.0 100.0 to
10364.0 20539.0 176.0 76.0 me
10548.0 20588.0 24.0 44.0 ,
10620.0 20535.0 280.0 80.0 even
10951.0 20516.0 116.0 96.0 to
11116.0 20512.0 620.0 124.0 piomising
11784.0 20535.0 176.0 80.0 mo
12008.0 20512.0 176.0 104.0 his
12220.0 20512.0 364.0 104.0 wife's
12624.0 20512.0 340.0 104.0 assist-

10208.0 20679.0 280.0 80.0 ance
10532.0 20656.0 116.0 100.0 in
10700.0 20656.0 504.0 120.0 tutoring
11252.0 20683.0 176.0 76.0 me
11476.0 20656.0 116.0 104.0 In
11660.0 20664.0 312.0 112.0 stage
12068.0 20652.0 520.0 108.0 business
12628.0 20656.0 380.0 108.0 before

10212.0 20823.0 184.0 96.0 my
10440.0 20796.0 372.0 104.0 debut.
10944.0 20796.0 244.0 104.0 The
11224.0 20803.0 504.0 100.0 ti'imsot
11791.0 20800.0 508.0 104.0 contract
12368.0 20796.0 368.0 108.0 foibid
12828.0 20827.0 176.0 92.0 my

10208.0 20939.0 612.0 108.0 dlscloslnu
10876.0 20963.0 184.0 96.0 my
11104.0 20939.0 368.0 120.0 salary
11476.0 21019.0 24.0 48.0 ,
11556.0 20943.0 196.0 100.0 but
11836.0 20939.0 60.0 104.0 1
11948.0 20963.0 252.0 100.0 may
12248.0 20967.0 204.0 96.0 say
12500.0 20939.0 88.0 108.0 It
12640.0 20939.0 92.0 108.0 Is
12784.0 20943.0 188.0 104.0 fab-

10208.0 21083.0 324.0 104.0 ulous
10540.0 21155.0 24.0 52.0 ,
10620.0 21091.0 224.0 96.0 and
10900.0 21087.0 464.0 100.0 exceeds
11372.0 21163.0 28.0 48.0 ,
11451.0 21112.0 124.0 80.0 ns
11624.0 21083.0 52.0 104.0 1
11727.0 21083.0 280.0 104.0 have
12044.0 21079.0 240.0 108.0 said
12296.0 21159.0 28.0 48.0 ,
12380.0 21083.0 308.0 108.0 what
12736.0 21087.0 264.0 104.0 Mrs.

10212.0 21223.0 504.0 128.0 Langtry
10880.0 21231.0 192.0 116.0 got
11248.0 21227.0 224.0 108.0 and
11652.0 21227.0 304.0 104.0 what
12156.0 21227.0 284.0 104.0 Miss
12656.0 21227.0 356.0 128.0 Teiry

10212.0 21396.0 232.0 80.0 was
10612.0 21367.0 564.0 128.0 receiving
11336.0 21375.0 288.0 104.0 after
11800.0 21367.0 204.0 108.0 she
12184.0 21367.0 224.0 108.0 had
12604.0 21371.0 404.0 128.0 played

10212.0 21520.0 224.0 100.0 two
10540.0 21540.0 324.0 100.0 years
10948.0 21515.0 116.0 104.0 at
11196.0 21515.0 184.0 104.0 the
11508.0 21515.0 520.0 128.0 Lyceum.
12224.0 21515.0 136.0 104.0 In
12456.0 21515.0 508.0 104.0 addition
12984.0 21592.0 24.0 52.0 ,

10212.0 21656.0 144.0 108.0 all
10408.0 21683.0 184.0 96.0 my
10636.0 21660.0 556.0 100.0 costumes
11200.0 21736.0 24.0 36.0 ,
11264.0 21664.0 360.0 108.0 which
11660.0 21660.0 232.0 108.0 will
11944.0 21660.0 128.0 104.0 bo
12112.0 21660.0 332.0 104.0 made
12492.0 21660.0 116.0 104.0 In
12656.0 21660.0 320.0 104.0 Paris
12980.0 21736.0 28.0 48.0 ,

10216.0 21827.0 192.0 80.0 arc
10451.0 21812.0 116.0 96.0 to
10608.0 21800.0 140.0 104.0 bo
10792.0 21800.0 516.0 132.0 supplied
11355.0 21808.0 112.0 104.0 to
11544.0 21831.0 180.0 76.0 mo
11808.0 21804.0 116.0 104.0 at
12008.0 21804.0 188.0 100.0 the
12284.0 21800.0 296.0 108.0 close
12624.0 21804.0 124.0 100.0 of
12828.0 21808.0 192.0 100.0 the

10212.0 21951.0 780.0 112.0 engagement.
11188.0 21947.0 56.0 104.0 I
11320.0 21947.0 500.0 112.0 received
11908.0 21971.0 68.0 80.0 n
12060.0 21947.0 620.0 124.0 cablegram
12732.0 21951.0 292.0 104.0 after

10220.0 22087.0 464.0 116.0 signing
10728.0 22087.0 188.0 104.0 the
10964.0 22091.0 500.0 108.0 contract
11508.0 22087.0 224.0 112.0 this
11812.0 22087.0 532.0 124.0 morning
12432.0 22091.0 284.0 100.0 from
12804.0 22095.0 208.0 104.0 Mr.

10216.0 22231.0 392.0 120.0 Abbey
10696.0 22235.0 484.0 124.0 offering
11268.0 22264.0 172.0 80.0 mo
11528.0 22264.0 144.0 80.0 an
11784.0 22235.0 756.0 124.0 engagement
12552.0 22307.0 24.0 52.0 ,
12668.0 22235.0 228.0 104.0 nnd
12964.0 22235.0 52.0 100.0 I

10220.0 22371.0 280.0 108.0 have
10544.0 22375.0 216.0 104.0 had
10812.0 22404.0 340.0 96.0 many
11192.0 22379.0 320.0 108.0 other
11556.0 22379.0 340.0 104.0 offers
11944.0 22379.0 116.0 100.0 to
12104.0 22375.0 528.0 104.0 consider
12631.0 22451.0 24.0 48.0 ,
12695.0 22375.0 152.0 104.0 nil
12900.0 22379.0 124.0 100.0 of

10220.0 22519.0 364.0 108.0 which
10636.0 22519.0 48.0 100.0 I
10732.0 22519.0 284.0 104.0 shall
11064.0 22519.0 184.0 128.0 lay
11288.0 22527.0 380.0 104.0 before
11780.0 22519.0 212.0 108.0 Mr.
12088.0 22519.0 436.0 124.0 George
12624.0 22519.0 356.0 104.0 Lewis
12988.0 22596.0 24.0 44.0 ,

10216.0 22659.0 496.0 108.0 solicitor
10716.0 22736.0 24.0 52.0 ,
10796.0 22664.0 252.0 104.0 who
11140.0 22691.0 524.0 104.0 manages
11768.0 22664.0 152.0 104.0 nil
12032.0 22687.0 188.0 96.0 my
12284.0 22664.0 388.0 104.0 alTaiis
12680.0 22740.0 28.0 48.0 ,
12791.0 22668.0 228.0 104.0 nnd

10220.0 22804.0 232.0 108.0 will
10516.0 22808.0 152.0 104.0 lot
10756.0 22808.0 228.0 104.0 him
11072.0 22820.0 384.0 116.0 accept
11536.0 22812.0 188.0 104.0 the
11820.0 22808.0 276.0 104.0 next
12180.0 22808.0 844.0 116.0 advantageous

10220.0 22952.0 280.0 100.0 oiler
10544.0 22952.0 176.0 104.0 for
10764.0 22975.0 208.0 80.0 me.
11140.0 22952.0 320.0 132.0 They
11544.0 22952.0 452.0 108.0 wanted
12076.0 22975.0 176.0 80.0 mo
12320.0 22952.0 116.0 104.0 to
12520.0 22959.0 508.0 96.0 contract

10220.0 23091.0 588.0 124.0 yesterday
10852.0 23095.0 180.0 104.0 for
11076.0 23123.0 64.0 76.0 a
11188.0 23107.0 392.0 112.0 longer
11616.0 23091.0 396.0 132.0 period
12100.0 23091.0 232.0 108.0 and
12419.0 23091.0 604.0 132.0 explained

10220.0 23263.0 320.0 96.0 away
10584.0 23263.0 188.0 92.0 my
10812.0 23239.0 420.0 104.0 dislike
11280.0 23259.0 112.0 84.0 to
11436.0 23243.0 188.0 108.0 the
11695.0 23243.0 252.0 120.0 part
11996.0 23235.0 124.0 104.0 of
12184.0 23239.0 360.0 104.0 Anna
12588.0 23235.0 396.0 128.0 Sylves

10224.0 23383.0 204.0 104.0 ter.
10568.0 23379.0 56.0 100.0 1
10672.0 23383.0 444.0 104.0 refused
11164.0 23395.0 116.0 92.0 to
11320.0 23387.0 252.0 140.0 sigp
11620.0 23387.0 188.0 100.0 for
11852.0 23408.0 64.0 76.0 a
11964.0 23379.0 400.0 112.0 longer
12408.0 23387.0 384.0 108.0 period
12808.0 23455.0 24.0 44.0 ,
12904.0 23408.0 124.0 80.0 as

10224.0 23523.0 240.0 100.0 that
10512.0 23519.0 376.0 108.0 would
10932.0 23523.0 288.0 124.0 keep
11264.0 23552.0 184.0 84.0 me
11488.0 23548.0 260.0 88.0 Hero
11808.0 23548.0 272.0 80.0 over
12156.0 23519.0 412.0 108.0 winter
12572.0 23595.0 24.0 40.0 ,
12648.0 23523.0 232.0 104.0 nnd
12971.0 23523.0 56.0 104.0 1

10228.0 23639.0 284.0 104.0 have
10560.0 23639.0 320.0 104.0 made
10968.0 23663.0 152.0 88.0 up
11204.0 23671.0 188.0 92.0 my
11480.0 23639.0 312.0 112.0 mind
11880.0 23647.0 116.0 92.0 to
12072.0 23663.0 416.0 96.0 appear
12532.0 23643.0 112.0 100.0 In
12744.0 23639.0 284.0 104.0 New

10224.0 23756.0 316.0 104.0 York
10596.0 23760.0 272.0 104.0 next
10948.0 23760.0 680.0 124.0 September.
11804.0 23756.0 192.0 124.0 My
12072.0 23760.0 764.0 116.0 engagement
12916.0 23763.0 116.0 100.0 at

10224.0 23875.0 192.0 100.0 the
10508.0 23871.0 248.0 124.0 Hay
10772.0 23875.0 432.0 108.0 market
11288.0 23880.0 96.0 104.0 Is
11468.0 23880.0 188.0 108.0 the
11740.0 23875.0 244.0 100.0 best
12068.0 23875.0 384.0 100.0 school
12516.0 23899.0 68.0 80.0 a
12631.0 23871.0 400.0 108.0 novice

10224.0 23987.0 232.0 108.0 like
10500.0 24016.0 176.0 80.0 me
10736.0 23991.0 328.0 104.0 could
11112.0 24007.0 324.0 92.0 enter
11432.0 24071.0 28.0 44.0 ,
11512.0 23991.0 224.0 112.0 and
11828.0 23991.0 56.0 104.0 1
11972.0 23991.0 288.0 108.0 hope
12323.0 23991.0 184.0 104.0 for
12588.0 24016.0 444.0 80.0 success

10228.0 24111.0 292.0 100.0 lioic.
10696.0 24103.0 112.0 104.0 If
10876.0 24107.0 48.0 104.0 1
10980.0 24115.0 468.0 108.0 succeed
11492.0 24111.0 48.0 104.0 1
11580.0 24135.0 188.0 80.0 am
11816.0 24131.0 256.0 80.0 sure
12112.0 24107.0 128.0 104.0 of
12323.0 24135.0 68.0 80.0 a
12476.0 24115.0 316.0 116.0 gtcat
12855.0 24135.0 116.0 76.0 re-

10224.0 24224.0 440.0 120.0 ception
10716.0 24228.0 116.0 100.0 in
10884.0 24228.0 556.0 112.0 America.
11448.0 24232.0 72.0 56.0 "

10684.0 24471.0 664.0 124.0 Brinjtlnjj
11412.0 24479.0 104.0 92.0 O
11624.0 24492.0 60.0 84.0 t
11752.0 24471.0 236.0 96.0 the
12052.0 24467.0 524.0 104.0 Bodies.

10456.0 24611.0 36.0 116.0 [
10500.0 24611.0 536.0 112.0 Copt/ifuht
11084.0 24620.0 36.0 84.0 /
11132.0 24611.0 1128.0 100.0 6S7bJamtsnordon
11392.0 24632.0 28.0 96.0 (
12304.0 24611.0 452.0 92.0 llcnnctt.
12772.0 24607.0 40.0 112.0 ]

10348.0 24735.0 636.0 108.0 BittisshLS
10992.0 24819.0 24.0 40.0 ,
11112.0 24747.0 388.0 108.0 March
11568.0 24743.0 96.0 104.0 B.
11812.0 24739.0 36.0 128.0 [
11864.0 24735.0 276.0 108.0 New
12208.0 24735.0 328.0 108.0 York
12604.0 24735.0 432.0 112.0 Herald

10232.0 24879.0 896.0 132.0 Cable-Special
11236.0 24892.0 116.0 104.0 to
11412.0 24887.0 216.0 108.0 'tivt
11736.0 24883.0 300.0 112.0 BEK.
12052.0 24879.0 36.0 128.0 ]
12227.0 24879.0 384.0 108.0 About
12720.0 24883.0 312.0 124.0 forty

10228.0 25051.0 448.0 100.0 corpses
10720.0 25024.0 284.0 112.0 have
11048.0 25028.0 276.0 112.0 been
11372.0 25024.0 592.0 116.0 recovered
12056.0 25024.0 292.0 104.0 from
12412.0 25024.0 192.0 108.0 the
12656.0 25024.0 380.0 108.0 mines

10236.0 25164.0 112.0 108.0 In
10400.0 25168.0 188.0 104.0 tlio
10632.0 25168.0 536.0 124.0 Paturges
11212.0 25176.0 440.0 108.0 district
11704.0 25168.0 364.0 108.0 where
12140.0 25168.0 192.0 104.0 the
12419.0 25168.0 196.0 104.0 lire
12700.0 25168.0 340.0 128.0 damp

10232.0 25311.0 644.0 124.0 explosions
10919.0 25323.0 516.0 104.0 occurred
11484.0 25343.0 144.0 80.0 on
11684.0 25311.0 408.0 124.0 Friday
12136.0 25308.0 360.0 128.0 night
12608.0 25311.0 104.0 108.0 A
12756.0 25311.0 232.0 108.0 hun-

10232.0 25451.0 272.0 108.0 dred
10548.0 25479.0 128.0 80.0 or
10720.0 25483.0 300.0 80.0 more
11068.0 25487.0 184.0 76.0 are
11296.0 25459.0 384.0 112.0 burled
11727.0 25455.0 116.0 108.0 In
11936.0 25451.0 188.0 108.0 the
12212.0 25451.0 312.0 108.0 mine
12528.0 25531.0 28.0 40.0 ,
12608.0 25455.0 224.0 104.0 and
12908.0 25479.0 128.0 80.0 as

10232.0 25595.0 272.0 128.0 they
10540.0 25619.0 420.0 84.0 cannot
11000.0 25603.0 496.0 128.0 possibly
11532.0 25611.0 140.0 100.0 be
11716.0 25591.0 468.0 112.0 reached
12232.0 25595.0 176.0 104.0 for
12448.0 25595.0 256.0 104.0 four
12748.0 25603.0 288.0 120.0 days

10236.0 25739.0 188.0 104.0 tbe
10524.0 25743.0 760.0 124.0 probabilities
11387.0 25768.0 188.0 92.0 are
11680.0 25743.0 244.0 104.0 that
12004.0 25763.0 288.0 84.0 oven
12344.0 25739.0 92.0 104.0 If
12500.0 25739.0 268.0 120.0 they
12855.0 25768.0 184.0 76.0 are

10236.0 25883.0 292.0 108.0 alive
10592.0 25912.0 260.0 80.0 now
10896.0 25887.0 264.0 128.0 they
11228.0 25891.0 228.0 112.0 will
11496.0 25891.0 136.0 108.0 ba
11672.0 25879.0 284.0 112.0 dead
12012.0 25879.0 380.0 112.0 before
12436.0 25883.0 192.0 104.0 the
12680.0 25904.0 316.0 84.0 rescu-

10240.0 26027.0 200.0 124.0 ing
10560.0 26027.0 412.0 124.0 parties
11092.0 26048.0 188.0 108.0 get
11396.0 26044.0 116.0 100.0 to
11592.0 26031.0 352.0 104.0 them.
12116.0 26019.0 248.0 108.0 The
12468.0 26023.0 384.0 108.0 Count
12912.0 26023.0 128.0 108.0 of

10240.0 26167.0 540.0 112.0 Flanders
10788.0 26248.0 28.0 52.0 ,
10928.0 26172.0 192.0 108.0 the
11220.0 26176.0 384.0 124.0 king's
11704.0 26163.0 452.0 112.0 brother
12156.0 26240.0 28.0 56.0 ,
12296.0 26163.0 232.0 108.0 and
12631.0 26167.0 416.0 108.0 Prince

10248.0 26312.0 592.0 108.0 Bandouln
10852.0 26387.0 28.0 48.0 ,
10936.0 26316.0 176.0 108.0 bis
11200.0 26312.0 576.0 136.0 majesty's
11855.0 26308.0 480.0 128.0 nephew
12340.0 26380.0 28.0 56.0 ,
12480.0 26331.0 528.0 104.0 accompa-

10244.0 26455.0 264.0 104.0 nied
10596.0 26467.0 140.0 108.0 by
10780.0 26459.0 152.0 104.0 M.
10992.0 26459.0 540.0 116.0 Demorea
11540.0 26539.0 28.0 40.0 ,
11636.0 26459.0 192.0 104.0 the
11912.0 26455.0 532.0 104.0 minister
12528.0 26459.0 124.0 96.0 ot
12752.0 26452.0 240.0 124.0 agri-

10240.0 26603.0 432.0 100.0 culture
10676.0 26675.0 28.0 40.0 ,
10760.0 26599.0 400.0 112.0 visited
11208.0 26607.0 188.0 104.0 the
11444.0 26627.0 332.0 88.0 scene
11864.0 26595.0 124.0 104.0 ot
12072.0 26591.0 188.0 108.0 the
12344.0 26595.0 488.0 104.0 disaster
12896.0 26599.0 116.0 100.0 to

10240.0 26716.0 256.0 120.0 day.
10616.0 26716.0 328.0 128.0 They
10992.0 26743.0 292.0 84.0 were
11355.0 26727.0 464.0 124.0 present
11912.0 26712.0 332.0 104.0 when
12332.0 26712.0 192.0 104.0 the
12608.0 26712.0 448.0 108.0 terrible

10240.0 26835.0 464.0 104.0 charred
10792.0 26839.0 504.0 104.0 remains
11372.0 26843.0 128.0 104.0 of
11604.0 26835.0 192.0 108.0 the
11896.0 26827.0 288.0 104.0 dead
12272.0 26827.0 428.0 104.0 miners
12759.0 26852.0 300.0 80.0 were

10244.0 26951.0 476.0 112.0 brought
10764.0 26959.0 116.0 92.0 to
10924.0 26955.0 188.0 104.0 the
11156.0 26963.0 488.0 116.0 .surface
11727.0 26947.0 228.0 104.0 and
12044.0 26967.0 288.0 80.0 were
12416.0 26943.0 432.0 120.0 greatly
12896.0 26947.0 124.0 100.0 af

10248.0 27071.0 396.0 100.0 fected.
10816.0 27067.0 324.0 120.0 They
11220.0 27063.0 672.0 116.0 distributed
11996.0 27063.0 288.0 100.0 alms
12384.0 27087.0 416.0 92.0 among
12864.0 27071.0 192.0 96.0 the

10248.0 27184.0 468.0 108.0 widows
10760.0 27188.0 228.0 104.0 and
11052.0 27195.0 496.0 120.0 orphans
11588.0 27192.0 124.0 100.0 ot
11800.0 27184.0 188.0 104.0 the
12052.0 27179.0 744.0 104.0 unfortunate
12844.0 27203.0 172.0 84.0 vie

10244.0 27299.0 300.0 108.0 Urns.

10520.0 27515.0 1028.0 116.0 Nebraskaund
11632.0 27528.0 340.0 96.0 town
12056.0 27511.0 664.0 108.0 Weather.

10368.0 27651.0 220.0 108.0 For
10684.0 27656.0 580.0 112.0 Nebraska
11360.0 27660.0 228.0 112.0 and
11672.0 27660.0 316.0 108.0 Iowa
12008.0 27675.0 32.0 88.0 :
12176.0 27651.0 260.0 108.0 Fair
12528.0 27647.0 488.0 120.0 weather
13016.0 27719.0 32.0 40.0 ,

10248.0 27796.0 372.0 108.0 colder
10620.0 27871.0 28.0 48.0 ,
10732.0 27800.0 576.0 128.0 northerly
11404.0 27803.0 360.0 108.0 winds
11772.0 27875.0 28.0 44.0 ,
11904.0 27792.0 272.0 112.0 with
12224.0 27792.0 244.0 112.0 cold
12532.0 27819.0 316.0 84.0 wnvo
12936.0 27792.0 112.0 108.0 In

10252.0 27923.0 192.0 104.0 the
10512.0 27923.0 544.0 104.0 northern
11116.0 27928.0 480.0 112.0 poitlou.

13112.0 2624.0 764.0 240.0 INCALLS
13984.0 2632.0 472.0 236.0 WILL
14524.0 2632.0 560.0 236.0 AGAIN
15195.0 2628.0 364.0 232.0 TRY
15672.0 2628.0 188.0 232.0 IT
15868.0 2800.0 44.0 72.0 ,

13120.0 3188.0 236.0 132.0 The
13432.0 3188.0 440.0 136.0 Kansas
13948.0 3196.0 476.0 128.0 Senator
14496.0 3188.0 736.0 132.0 Determined
15279.0 3208.0 116.0 116.0 to
15471.0 3192.0 464.0 164.0 Change

13920.0 3400.0 844.0 160.0 Inauguration
14836.0 3404.0 280.0 164.0 Day.

13128.0 3788.0 96.0 112.0 A
13288.0 3788.0 1008.0 116.0 NEWSPAPER
14372.0 3792.0 520.0 116.0 MAN'S
14960.0 3792.0 972.0 116.0 INVENTION.

13140.0 4192.0 108.0 100.0 A
13320.0 4192.0 800.0 100.0 Submarine
14195.0 4192.0 612.0 124.0 Torpcilo
14924.0 4192.0 472.0 104.0 Which
15512.0 4192.0 104.0 100.0 U

13400.0 4360.0 488.0 124.0 pectpil
13964.0 4376.0 136.0 84.0 to
14204.0 4360.0 608.0 104.0 Perform
14888.0 4360.0 648.0 104.0 Woiulera

13596.0 4532.0 108.0 96.0 A
13772.0 4528.0 304.0 104.0 New
14144.0 4532.0 404.0 100.0 Ollico
14640.0 4532.0 784.0 100.0 Mentioned

14008.0 4704.0 260.0 96.0 l-'or
14316.0 4700.0 752.0 104.0 Matthews.

13464.0 5055.0 668.0 112.0 Chntmtni
14131.0 5088.0 48.0 84.0 ;
14252.0 5055.0 988.0 120.0 Inauguration
15332.0 5060.0 268.0 116.0 Day
15604.0 5128.0 24.0 36.0 ,

13248.0 5188.0 880.0 112.0 WAsitiNcnox
14131.0 5268.0 28.0 52.0 ,
14272.0 5196.0 384.0 104.0 Maich
14784.0 5200.0 88.0 100.0 0.
15024.0 5204.0 32.0 120.0 [
15072.0 5191.0 440.0 116.0 Special
15631.0 5196.0 272.0 104.0 Tele-

13160.0 5364.0 280.0 88.0 gram
13508.0 5344.0 112.0 96.0 to
13704.0 5336.0 188.0 104.0 the
13956.0 5336.0 224.0 108.0 Bin
14192.0 5360.0 28.0 80.0 :
14224.0 5412.0 28.0 32.0 .
14288.0 5340.0 16.0 124.0 |
14444.0 5340.0 372.0 104.0 There
14884.0 5368.0 232.0 76.0 was
15204.0 5364.0 220.0 80.0 ono
15516.0 5336.0 200.0 108.0 bill
15776.0 5340.0 172.0 104.0 be-

13160.0 5492.0 216.0 92.0 lore
13416.0 5504.0 524.0 96.0 congiuss
13988.0 5480.0 224.0 104.0 this
14259.0 5480.0 428.0 108.0 session
14747.0 5480.0 120.0 104.0 In
14920.0 5480.0 368.0 108.0 which
15343.0 5484.0 188.0 100.0 the
15580.0 5480.0 368.0 104.0 eutlro

13128.0 5636.0 480.0 112.0 country
13652.0 5648.0 232.0 80.0 was
13928.0 5624.0 432.0 124.0 greatly
14452.0 5624.0 652.0 104.0 Interested.
15247.0 5628.0 112.0 100.0 It
15448.0 5652.0 232.0 76.0 was
15764.0 5624.0 188.0 104.0 In-

13160.0 5788.0 12.0 80.0 :
13188.0 5760.0 472.0 112.0 ioduced
13708.0 5764.0 136.0 124.0 by
13932.0 5764.0 204.0 108.0 Mr.
14236.0 5764.0 432.0 124.0 Ingalls
14759.0 5780.0 228.0 92.0 and
15080.0 5764.0 548.0 128.0 piovldcd
15700.0 5768.0 248.0 104.0 that

13184.0 5908.0 740.0 120.0 tiaugutatlon
13971.0 5908.0 220.0 124.0 day
14236.0 5912.0 136.0 100.0 be
14436.0 5904.0 516.0 112.0 chniucd
15048.0 5912.0 288.0 100.0 from
15436.0 5908.0 384.0 108.0 March
15880.0 5920.0 52.0 88.0 4

13136.0 6052.0 112.0 100.0 to
13300.0 6048.0 188.0 108.0 the
13528.0 6052.0 220.0 100.0 last
13788.0 6048.0 524.0 120.0 Tuesday
14348.0 6048.0 112.0 108.0 In
14516.0 6052.0 356.0 120.0 Apiil.
15008.0 6048.0 244.0 104.0 The
15304.0 6048.0 252.0 108.0 Idea
15608.0 6048.0 92.0 104.0 is
15744.0 6060.0 204.0 92.0 not

13136.0 6220.0 64.0 76.0 a
13244.0 6216.0 252.0 80.0 new
13540.0 6216.0 216.0 80.0 ono
13800.0 6192.0 276.0 104.0 with
14124.0 6196.0 184.0 100.0 the
14355.0 6196.0 460.0 100.0 senator
14864.0 6196.0 288.0 100.0 from
15256.0 6192.0 460.0 104.0 Kansas
15727.0 6267.0 20.0 44.0 ,
15823.0 6220.0 128.0 76.0 as

13176.0 6364.0 100.0 72.0 10
13348.0 6332.0 204.0 108.0 has
13644.0 6332.0 440.0 108.0 written
14176.0 6364.0 144.0 76.0 an
14428.0 6332.0 560.0 108.0 claboiato
15092.0 6332.0 388.0 108.0 article
15572.0 6332.0 116.0 108.0 in
15808.0 6332.0 144.0 108.0 Its

13140.0 6480.0 344.0 104.0 favor.
13676.0 6476.0 244.0 108.0 The
14028.0 6504.0 396.0 80.0 reason
14540.0 6476.0 140.0 104.0 ho
14776.0 6476.0 316.0 124.0 gives
15192.0 6500.0 96.0 80.0 is
15412.0 6476.0 244.0 104.0 that
15764.0 6476.0 188.0 104.0 the

13140.0 6620.0 488.0 104.0 weather
13668.0 6648.0 164.0 80.0 wo
13875.0 6620.0 444.0 116.0 usually
14372.0 6620.0 280.0 104.0 have
14704.0 6616.0 112.0 108.0 In
14875.0 6620.0 188.0 104.0 the
15108.0 6620.0 316.0 120.0 early
15476.0 6624.0 284.0 120.0 d.tjs
15811.0 6624.0 124.0 100.0 of

13140.0 6764.0 380.0 104.0 March
13572.0 6760.0 92.0 108.0 Is
13708.0 6760.0 576.0 108.0 execrable
14332.0 6764.0 228.0 104.0 and
14608.0 6760.0 188.0 108.0 the
14860.0 6764.0 332.0 104.0 effect
15279.0 6764.0 120.0 100.0 of
15491.0 6764.0 184.0 104.0 the
15772.0 6760.0 116.0 108.0 In-

13136.0 6904.0 660.0 112.0 auguration
13848.0 6904.0 692.0 108.0 ceremonies
14584.0 6932.0 188.0 80.0 ate
14823.0 6912.0 188.0 120.0 apt
15055.0 6912.0 116.0 96.0 to
15259.0 6904.0 132.0 108.0 bo
15484.0 6904.0 440.0 128.0 spoiled

13144.0 7052.0 136.0 116.0 by
13323.0 7052.0 404.0 100.0 storms
13772.0 7056.0 228.0 96.0 and
14048.0 7048.0 568.0 124.0 intensely
14700.0 7048.0 248.0 104.0 cold
14996.0 7075.0 128.0 76.0 or
15176.0 7048.0 772.0 120.0 dlsagiceablo

13144.0 7184.0 404.0 108.0 winds.
13676.0 7192.0 240.0 104.0 The
13960.0 7192.0 420.0 104.0 middle
14428.0 7196.0 120.0 100.0 of
14584.0 7188.0 324.0 128.0 April
14948.0 7192.0 584.0 124.0 generally
15580.0 7192.0 364.0 108.0 closes

13144.0 7332.0 184.0 104.0 the
13375.0 7332.0 656.0 128.0 unpleasant
14088.0 7332.0 400.0 128.0 spring
14532.0 7360.0 404.0 80.0 season
15028.0 7336.0 116.0 104.0 In
15204.0 7336.0 224.0 104.0 this
15480.0 7332.0 472.0 108.0 latitude

13160.0 7483.0 208.0 96.0 nut
13416.0 7476.0 184.0 100.0 the
13644.0 7476.0 216.0 104.0 last
13900.0 7476.0 524.0 120.0 Tuesday
14520.0 7479.0 92.0 100.0 Is
14656.0 7504.0 260.0 80.0 sure
15028.0 7483.0 116.0 100.0 to
15192.0 7479.0 232.0 104.0 Hud
15471.0 7479.0 192.0 104.0 the
15708.0 7504.0 212.0 100.0 cap-

13160.0 7615.0 180.0 104.0 ital
13384.0 7615.0 224.0 120.0 city
13660.0 7619.0 112.0 100.0 in
13832.0 7615.0 140.0 108.0 Its
14044.0 7615.0 508.0 108.0 loveliest
14599.0 7619.0 268.0 124.0 garb
14875.0 7696.0 24.0 28.0 ,
15044.0 7615.0 472.0 128.0 lugalls'
15608.0 7648.0 340.0 76.0 incas-

13144.0 7784.0 192.0 80.0 mo
13380.0 7760.0 496.0 108.0 iccclvcd
13924.0 7764.0 188.0 104.0 the
14163.0 7760.0 392.0 108.0 fullest
14596.0 7764.0 748.0 124.0 approbation
15412.0 7764.0 288.0 104.0 from
15756.0 7764.0 196.0 104.0 the

13140.0 7900.0 692.0 108.0 committees
13875.0 7908.0 124.0 96.0 of
14044.0 7904.0 264.0 104.0 both
14380.0 7908.0 400.0 100.0 houses
14872.0 7908.0 116.0 100.0 to
15080.0 7904.0 364.0 104.0 which
15535.0 7900.0 88.0 108.0 It
15715.0 7932.0 232.0 76.0 was

13144.0 8044.0 484.0 104.0 referred
13676.0 8048.0 228.0 100.0 and
13948.0 8044.0 444.0 108.0 seemed
14439.0 8044.0 408.0 108.0 almost
14907.0 8044.0 424.0 108.0 certain
15428.0 8048.0 124.0 100.0 of
15640.0 8072.0 264.0 100.0 pass-

13140.0 8212.0 204.0 96.0 age
13348.0 8264.0 24.0 44.0 ,
13420.0 8188.0 200.0 104.0 but
13663.0 8188.0 348.0 104.0 failed
14056.0 8200.0 120.0 92.0 at
14220.0 8188.0 188.0 104.0 the
14456.0 8188.0 216.0 104.0 last
14759.0 8192.0 528.0 100.0 moment.
15424.0 8188.0 180.0 104.0 Ho
15700.0 8188.0 228.0 104.0 will

13144.0 8336.0 200.0 96.0 not
13387.0 8328.0 252.0 124.0 glvo
13704.0 8328.0 84.0 108.0 It
13872.0 8355.0 152.0 104.0 up
14028.0 8408.0 24.0 48.0 ,
14108.0 8332.0 520.0 104.0 however
14628.0 8404.0 28.0 52.0 ,
14756.0 8332.0 196.0 104.0 but
15040.0 8332.0 464.0 104.0 Intends
15596.0 8340.0 308.0 96.0 intro-

13136.0 8468.0 424.0 128.0 ducing
13596.0 8468.0 96.0 108.0 It
13724.0 8472.0 316.0 120.0 early
14084.0 8472.0 120.0 104.0 in
14252.0 8472.0 196.0 104.0 the
14508.0 8472.0 480.0 108.0 Fiftieth
15072.0 8500.0 544.0 96.0 congress
15695.0 8480.0 236.0 96.0 and

13140.0 8612.0 516.0 128.0 pressing
13704.0 8616.0 88.0 104.0 it
13836.0 8623.0 116.0 96.0 to
13992.0 8644.0 68.0 76.0 a
14099.0 8616.0 616.0 104.0 successful
14764.0 8616.0 696.0 108.0 conclusion.

13572.0 8776.0 88.0 84.0 A
13724.0 8780.0 904.0 88.0 .lOUU.VAUSTIC
14692.0 8784.0 836.0 80.0 I'KODUCTION.

13256.0 8899.0 208.0 108.0 Mr.
13520.0 8899.0 200.0 104.0 Sid
13759.0 8899.0 172.0 128.0 ,11.
14028.0 8899.0 360.0 124.0 Nealy
14396.0 8976.0 24.0 52.0 ,
14503.0 8932.0 68.0 72.0 a
14663.0 8928.0 660.0 100.0 newspaper
15388.0 8899.0 376.0 108.0 writer
15828.0 8904.0 124.0 104.0 of

13163.0 9040.0 204.0 104.0 this
13452.0 9040.0 228.0 124.0 city
13684.0 9116.0 28.0 48.0 ,
13823.0 9044.0 204.0 104.0 has
14128.0 9044.0 240.0 124.0 just
14468.0 9040.0 452.0 108.0 secured
15035.0 9044.0 612.0 104.0 American
15724.0 9044.0 232.0 104.0 and

13148.0 9184.0 436.0 120.0 foielgn
13672.0 9188.0 456.0 120.0 patents
14232.0 9212.0 144.0 76.0 on
14464.0 9188.0 304.0 100.0 what
14855.0 9184.0 544.0 124.0 promises
15471.0 9192.0 116.0 96.0 to
15695.0 9192.0 136.0 96.0 bo
15892.0 9216.0 68.0 72.0 a-

13144.0 9352.0 264.0 100.0 very
13452.0 9328.0 508.0 104.0 etlectlvo
14003.0 9324.0 648.0 108.0 submarine
14700.0 9328.0 488.0 124.0 torpedo.
15291.0 9328.0 108.0 104.0 11
15468.0 9328.0 96.0 100.0 is
15599.0 9328.0 356.0 108.0 called

13152.0 9468.0 312.0 104.0 "Tho
13508.0 9468.0 216.0 104.0 Sea
13768.0 9468.0 324.0 108.0 Devil
14104.0 9544.0 24.0 52.0 ,
14144.0 9468.0 68.0 56.0 "
14264.0 9468.0 228.0 104.0 and
14540.0 9468.0 96.0 104.0 is
14720.0 9468.0 456.0 116.0 capable
15224.0 9472.0 124.0 100.0 of
15407.0 9472.0 540.0 120.0 carrying

13144.0 9635.0 64.0 76.0 a
13248.0 9612.0 400.0 120.0 cliaigo
13692.0 9616.0 120.0 96.0 of
13875.0 9612.0 384.0 124.0 nearly
14316.0 9616.0 272.0 120.0 1,000
14631.0 9612.0 440.0 124.0 pounds
15119.0 9616.0 124.0 100.0 of
15288.0 9612.0 640.0 124.0 dynamite.

13144.0 9752.0 112.0 104.0 It
13300.0 9752.0 92.0 104.0 Is
13444.0 9760.0 108.0 96.0 to
13620.0 9752.0 132.0 104.0 be
13836.0 9764.0 260.0 96.0 sent
14184.0 9756.0 296.0 100.0 after
14564.0 9779.0 144.0 76.0 an
14759.0 9752.0 504.0 128.0 enemy's
15340.0 9752.0 256.0 128.0 ship
15668.0 9756.0 284.0 104.0 from

13144.0 9892.0 356.0 104.0 cither
13544.0 9903.0 328.0 92.0 shore
13916.0 9924.0 124.0 76.0 or
14080.0 9924.0 148.0 72.0 on
14279.0 9896.0 592.0 116.0 shipboard
14884.0 9971.0 24.0 36.0 ,
14952.0 9896.0 224.0 104.0 and
15232.0 9903.0 148.0 96.0 its
15428.0 9896.0 532.0 104.0 Inventor

13144.0 10024.0 412.0 92.0 asserts
13644.0 10016.0 244.0 100.0 that
13971.0 10039.0 152.0 76.0 no
14208.0 10012.0 256.0 124.0 ship
14471.0 10088.0 24.0 44.0 ,
14552.0 10016.0 520.0 104.0 however
15144.0 10016.0 220.0 100.0 fast
15375.0 10088.0 24.0 40.0 ,
15456.0 10039.0 208.0 80.0 can
15732.0 10039.0 216.0 76.0 run-

13163.0 10152.0 304.0 100.0 way
13544.0 10128.0 292.0 104.0 fiom
13932.0 10128.0 84.0 104.0 It
14120.0 10152.0 280.0 80.0 even
14496.0 10132.0 116.0 100.0 In
14700.0 10160.0 68.0 72.0 a
14811.0 10132.0 280.0 100.0 slow
15131.0 10132.0 372.0 104.0 chase.
15708.0 10128.0 244.0 104.0 The

13148.0 10243.0 292.0 120.0 body
13488.0 10247.0 124.0 96.0 of
13676.0 10243.0 188.0 104.0 the
13912.0 10247.0 460.0 108.0 torpedo
14439.0 10243.0 524.0 124.0 eair.vlug
15035.0 10243.0 188.0 104.0 the
15288.0 10247.0 412.0 124.0 charge
15768.0 10276.0 120.0 76.0 re-

13148.0 10360.0 384.0 104.0 volves
13620.0 10364.0 272.0 96.0 with
13984.0 10364.0 716.0 100.0 tiemendous
14791.0 10364.0 492.0 120.0 rapidity
15288.0 10436.0 24.0 48.0 ,
15388.0 10368.0 188.0 96.0 the
15644.0 10364.0 312.0 104.0 shaft

13152.0 10476.0 116.0 100.0 In
13323.0 10476.0 184.0 104.0 the
13556.0 10500.0 248.0 80.0 rear
13848.0 10476.0 336.0 112.0 being
14291.0 10476.0 252.0 104.0 held
14640.0 10484.0 692.0 112.0 motionless
15392.0 10488.0 240.0 92.0 lust
15680.0 10484.0 140.0 116.0 by
15888.0 10511.0 64.0 72.0 n

13152.0 10596.0 264.0 100.0 Jloat
13424.0 10668.0 24.0 44.0 ,
13503.0 10600.0 112.0 96.0 to
13663.0 10592.0 364.0 104.0 which
14116.0 10596.0 192.0 96.0 the
14384.0 10592.0 464.0 124.0 torpedo
14939.0 10596.0 92.0 104.0 Is
15116.0 10596.0 512.0 104.0 attached
15644.0 10668.0 24.0 44.0 ,
15724.0 10608.0 228.0 92.0 and

13152.0 10708.0 660.0 100.0 atterwards
13864.0 10715.0 140.0 112.0 by
14040.0 10715.0 260.0 92.0 tour
14352.0 10711.0 192.0 100.0 Hat
14608.0 10708.0 376.0 104.0 blades
15072.0 10711.0 240.0 100.0 that
15396.0 10711.0 296.0 104.0 stick
15759.0 10723.0 196.0 92.0 out

13152.0 10832.0 288.0 92.0 from
13496.0 10824.0 188.0 100.0 the
13724.0 10824.0 312.0 104.0 shaft
14076.0 10824.0 236.0 100.0 llko
14355.0 10851.0 124.0 72.0 so
14528.0 10847.0 340.0 96.0 many
14920.0 10851.0 364.0 76.0 wmirs
15323.0 10832.0 124.0 96.0 of
15491.0 10855.0 68.0 72.0 a
15592.0 10828.0 356.0 100.0 chum

13156.0 10940.0 432.0 120.0 paddle.
13784.0 10940.0 572.0 124.0 Reaching
14444.0 10940.0 184.0 100.0 the
14715.0 10944.0 336.0 116.0 yards
15116.0 10952.0 120.0 92.0 ot
15300.0 10968.0 68.0 76.0 a
15444.0 10944.0 260.0 124.0 ship
15764.0 10948.0 192.0 100.0 tlio

13156.0 11055.0 460.0 116.0 torpedo
13660.0 11055.0 356.0 104.0 ducks
14108.0 11059.0 144.0 100.0 Its
14340.0 11059.0 280.0 96.0 head
14631.0 11132.0 24.0 40.0 ,
14712.0 11059.0 320.0 104.0 dives
15136.0 11059.0 520.0 100.0 fourteen
15727.0 11068.0 232.0 92.0 leet

13160.0 11172.0 244.0 100.0 into
13492.0 11179.0 192.0 92.0 the
13768.0 11179.0 344.0 96.0 water
14116.0 11244.0 24.0 40.0 ,
14224.0 11172.0 344.0 100.0 raises
14676.0 11176.0 144.0 96.0 its
14928.0 11172.0 276.0 100.0 lioad
15304.0 11172.0 232.0 104.0 and
15644.0 11172.0 312.0 104.0 daits

13156.0 11288.0 448.0 112.0 against
13648.0 11288.0 188.0 100.0 the
13880.0 11288.0 352.0 124.0 ship's
14279.0 11288.0 268.0 100.0 hull.
14724.0 11288.0 100.0 100.0 It
14880.0 11288.0 92.0 100.0 is
15020.0 11296.0 432.0 96.0 steered
15503.0 11292.0 292.0 100.0 until
15872.0 11292.0 88.0 100.0 it

13156.0 11412.0 452.0 92.0 reaches
13692.0 11404.0 188.0 100.0 the
13964.0 11404.0 256.0 124.0 ship
14308.0 11404.0 140.0 120.0 by
14528.0 11404.0 444.0 100.0 electric
15067.0 11412.0 356.0 104.0 wires
15480.0 11404.0 200.0 104.0 but
15768.0 11408.0 192.0 100.0 the

13160.0 11527.0 288.0 96.0 most
13488.0 11536.0 508.0 88.0 accurate
14044.0 11523.0 304.0 96.0 shots
14416.0 11544.0 204.0 80.0 can
14715.0 11519.0 128.0 100.0 be
14900.0 11523.0 320.0 100.0 made
15268.0 11523.0 272.0 96.0 with
15584.0 11523.0 88.0 100.0 It
15732.0 11527.0 120.0 96.0 at
15892.0 11548.0 68.0 76.0 a

13152.0 11636.0 508.0 100.0 distance
13724.0 11640.0 124.0 96.0 of
13956.0 11636.0 856.0 120.0 three-quarters
14860.0 11636.0 120.0 100.0 of
15084.0 11663.0 64.0 76.0 a
15232.0 11636.0 308.0 100.0 mile.
15740.0 11640.0 212.0 104.0 Mr.

13156.0 11752.0 364.0 120.0 Nealy
13572.0 11752.0 224.0 104.0 will
13843.0 11776.0 276.0 76.0 soon
14163.0 11752.0 260.0 120.0 glvo
14464.0 11776.0 148.0 80.0 an
14680.0 11748.0 628.0 108.0 exhibition
15355.0 11756.0 128.0 100.0 of
15544.0 11748.0 180.0 108.0 his
15796.0 11756.0 116.0 100.0 In-

13160.0 11880.0 460.0 88.0 vention
13672.0 11867.0 288.0 104.0 heie.

13336.0 12008.0 256.0 76.0 ji.vi
13631.0 12003.0 416.0 84.0 THEWS
14092.0 12008.0 156.0 76.0 TO
14300.0 12003.0 564.0 84.0 succr.nn
14932.0 12003.0 904.0 84.0 MOXTOOMUIY.

13276.0 12108.0 104.0 96.0 A
13492.0 12112.0 372.0 112.0 report
13968.0 12100.0 412.0 120.0 gained
14484.0 12123.0 308.0 76.0 some
14920.0 12123.0 544.0 92.0 cuirency
15548.0 12104.0 408.0 116.0 to-day

13163.0 12216.0 356.0 104.0 which
13567.0 12216.0 408.0 104.0 credits
14016.0 12216.0 184.0 104.0 the
14236.0 12216.0 572.0 116.0 president
14848.0 12216.0 268.0 100.0 with
15156.0 12220.0 188.0 100.0 the
15380.0 12220.0 572.0 100.0 intention

13156.0 12335.0 124.0 92.0 of
13439.0 12331.0 672.0 124.0 appointing
14215.0 12335.0 192.0 96.0 the
14508.0 12331.0 696.0 100.0 ox-recoider
15352.0 12339.0 124.0 92.0 of
15580.0 12335.0 340.0 100.0 deeds
15927.0 12407.0 24.0 48.0 ,

13160.0 12448.0 596.0 100.0 Matthews
13768.0 12520.0 24.0 36.0 ,
13848.0 12452.0 188.0 96.0 the
14080.0 12448.0 456.0 124.0 Albany
14584.0 12448.0 428.0 104.0 coloiod
15084.0 12471.0 256.0 80.0 man
15352.0 12520.0 28.0 44.0 ,
15436.0 12452.0 468.0 100.0 commis-

13160.0 12564.0 380.0 100.0 sioner
13580.0 12568.0 120.0 92.0 of
13748.0 12568.0 456.0 120.0 patents
14247.0 12592.0 124.0 76.0 as
14416.0 12588.0 276.0 80.0 soon
14764.0 12588.0 120.0 80.0 as
14976.0 12564.0 188.0 100.0 the
15256.0 12568.0 696.0 100.0 resignation

13160.0 12679.0 124.0 100.0 of
13323.0 12679.0 208.0 104.0 Mr.
13576.0 12679.0 788.0 120.0 Montgomery
14412.0 12679.0 316.0 104.0 takes
14776.0 12679.0 360.0 104.0 etlect.
15276.0 12679.0 272.0 104.0 Last
15644.0 12684.0 312.0 104.0 week

13160.0 12795.0 596.0 104.0 Matthews
13808.0 12820.0 228.0 80.0 was
14088.0 12807.0 116.0 88.0 to
14252.0 12795.0 128.0 100.0 bo
14468.0 12799.0 468.0 112.0 register
14996.0 12799.0 124.0 96.0 of
15168.0 12795.0 188.0 100.0 the
15452.0 12803.0 508.0 116.0 treasury

13160.0 12916.0 224.0 96.0 and
13444.0 12912.0 84.0 100.0 It
13572.0 12912.0 96.0 100.0 Is
13708.0 12935.0 300.0 76.0 more
14056.0 12912.0 344.0 116.0 likely
14448.0 12912.0 244.0 100.0 that
14732.0 12912.0 184.0 104.0 the
14960.0 12916.0 572.0 120.0 president
15587.0 12916.0 372.0 100.0 would

13160.0 13024.0 468.0 124.0 appoint
13672.0 13028.0 228.0 100.0 him
13952.0 13032.0 116.0 96.0 to
14116.0 13028.0 244.0 104.0 that
14396.0 13028.0 496.0 124.0 position
14988.0 13028.0 368.0 104.0 where
15407.0 13032.0 132.0 100.0 he
15587.0 13032.0 372.0 100.0 would

13163.0 13147.0 280.0 96.0 have
13484.0 13143.0 288.0 100.0 little
13820.0 13151.0 116.0 92.0 to
13996.0 13143.0 148.0 100.0 do
14192.0 13143.0 436.0 100.0 besides
14676.0 13147.0 252.0 112.0 sign
14984.0 13143.0 176.0 100.0 his
15259.0 13168.0 332.0 80.0 name
15680.0 13147.0 276.0 100.0 than

13160.0 13267.0 120.0 96.0 at
13340.0 13260.0 184.0 104.0 the
13572.0 13260.0 284.0 100.0 head
13900.0 13260.0 128.0 100.0 of
14072.0 13260.0 188.0 100.0 the
14304.0 13264.0 396.0 120.0 patent
14740.0 13264.0 312.0 96.0 ollico
15055.0 13335.0 24.0 40.0 ,
15136.0 13260.0 372.0 104.0 where
15552.0 13288.0 64.0 76.0 a
15683.0 13264.0 216.0 104.0 law-

13160.0 13400.0 200.0 96.0 yer
13400.0 13376.0 124.0 96.0 of
13572.0 13376.0 564.0 124.0 piofound
14184.0 13376.0 468.0 116.0 judicial
14704.0 13376.0 320.0 100.0 mind
15072.0 13384.0 100.0 96.0 Is
15276.0 13380.0 524.0 120.0 required
15848.0 13384.0 112.0 96.0 to

13160.0 13487.0 388.0 108.0 decide
13644.0 13492.0 192.0 100.0 the
13928.0 13496.0 520.0 100.0 intricate
14552.0 13492.0 384.0 124.0 points
15040.0 13496.0 456.0 120.0 coming
15580.0 13496.0 384.0 104.0 before

13163.0 13607.0 268.0 100.0 him.

13712.0 13739.0 92.0 84.0 A
13875.0 13739.0 940.0 88.0 I'llESinnNTIAT.
14880.0 13743.0 548.0 84.0 THHEAT.

13280.0 13836.0 244.0 104.0 The
13572.0 13836.0 580.0 124.0 president
14200.0 13840.0 96.0 100.0 Is
14343.0 13844.0 516.0 116.0 reported
14907.0 13848.0 116.0 92.0 to
15072.0 13844.0 280.0 100.0 ha\e
15396.0 13840.0 340.0 120.0 given
15788.0 13868.0 136.0 76.0 ex-

13160.0 13951.0 504.0 120.0 pression
13720.0 13959.0 116.0 92.0 to
13880.0 13959.0 908.0 108.0 somoeinpiiatlc
14832.0 13959.0 536.0 124.0 opinions
15416.0 13955.0 548.0 120.0 touching

13163.0 14072.0 188.0 96.0 the
13396.0 14068.0 492.0 108.0 conduct
13928.0 14072.0 124.0 92.0 of
14092.0 14072.0 424.0 100.0 certain
14576.0 14072.0 656.0 100.0 nrommeut
15296.0 14068.0 676.0 108.0 democratic

13160.0 14180.0 556.0 104.0 members
13748.0 14184.0 132.0 96.0 of
13916.0 14180.0 200.0 104.0 the
14152.0 14184.0 356.0 100.0 house
14548.0 14180.0 124.0 104.0 In
14708.0 14184.0 300.0 100.0 their
15048.0 14188.0 316.0 100.0 votes
15404.0 14207.0 304.0 96.0 upon
15764.0 14184.0 200.0 100.0 the

13163.0 14320.0 468.0 96.0 passa&o
13736.0 14304.0 120.0 92.0 ot
14016.0 14300.0 200.0 100.0 the
14311.0 14300.0 656.0 116.0 dependent
15072.0 14295.0 552.0 128.0 ponsious
15772.0 14300.0 196.0 104.0 bill

13160.0 14431.0 268.0 80.0 over
13584.0 14408.0 180.0 100.0 his
13924.0 14415.0 264.0 96.0 veto
14188.0 14476.0 32.0 56.0 ,
14387.0 14411.0 232.0 100.0 and
14784.0 14411.0 264.0 120.0 they
15208.0 14436.0 192.0 80.0 are
15612.0 14411.0 356.0 116.0 likely

13163.0 14532.0 116.0 88.0 to
13520.0 14520.0 284.0 108.0 have
13992.0 14547.0 148.0 76.0 an
14343.0 14524.0 540.0 124.0 unhappy
15104.0 14524.0 276.0 104.0 tlmo
15660.0 14532.0 268.0 100.0 here-

13160.0 14635.0 296.0 100.0 after
13616.0 14635.0 328.0 104.0 when
14112.0 14631.0 268.0 128.0 they
14532.0 14635.0 556.0 124.0 approach
15247.0 14640.0 232.0 100.0 him
15648.0 14664.0 308.0 100.0 upon

13160.0 14751.0 192.0 100.0 the
13396.0 14755.0 400.0 100.0 matter
13836.0 14759.0 124.0 92.0 of
14044.0 14751.0 884.0 124.0 appointments.
15060.0 14755.0 264.0 100.0 "All
15375.0 14755.0 300.0 104.0 their
15720.0 14759.0 240.0 100.0 talk

13160.0 14868.0 336.0 104.0 about
13576.0 14891.0 544.0 96.0 economy
14168.0 14872.0 100.0 96.0 is
14352.0 14872.0 272.0 100.0 bosh
14636.0 14944.0 24.0 44.0 ,
14676.0 14868.0 68.0 56.0 "
14791.0 14872.0 140.0 100.0 ho
15024.0 14868.0 96.0 104.0 Is
15204.0 14868.0 244.0 108.0 said
15516.0 14880.0 116.0 92.0 to
15676.0 14872.0 284.0 104.0 have

13160.0 14984.0 588.0 104.0 remarked
13791.0 14992.0 116.0 96.0 to
13948.0 15008.0 144.0 80.0 an
14136.0 14984.0 404.0 104.0 ofllclal
14588.0 14984.0 200.0 100.0 not
14852.0 14988.0 788.0 104.0 unconnected
15688.0 14992.0 272.0 104.0 with

13163.0 15099.0 188.0 100.0 the
13460.0 15099.0 480.0 140.0 pension
14052.0 15103.0 448.0 100.0 bureau.
14640.0 15099.0 388.0 120.0 "They
15128.0 15107.0 36.0 116.0 (
15176.0 15103.0 560.0 120.0 referring
15843.0 15116.0 116.0 92.0 to

13163.0 15216.0 484.0 104.0 Kandall
13740.0 15216.0 228.0 104.0 and
14056.0 15216.0 492.0 104.0 llolmaii
14564.0 15216.0 36.0 120.0 )
14660.0 15244.0 188.0 76.0 aie
14932.0 15216.0 424.0 128.0 always
15432.0 15216.0 348.0 124.0 ready
15843.0 15223.0 120.0 100.0 to

13163.0 15332.0 332.0 100.0 make
13620.0 15355.0 308.0 80.0 some
14028.0 15332.0 356.0 124.0 cheap
14484.0 15332.0 412.0 120.0 capital
15008.0 15336.0 180.0 100.0 for
15288.0 15336.0 676.0 108.0 themselves

13163.0 15448.0 328.0 104.0 when
13540.0 15452.0 268.0 116.0 they
13896.0 15448.0 336.0 104.0 think
14276.0 15452.0 88.0 96.0 It
14404.0 15472.0 208.0 80.0 can
14668.0 15448.0 132.0 104.0 bo
14843.0 15452.0 296.0 100.0 done
15227.0 15452.0 276.0 100.0 with
15548.0 15456.0 408.0 116.0 safety.

13168.0 15563.0 204.0 108.0 We
13416.0 15563.0 232.0 104.0 will
13736.0 15588.0 216.0 76.0 see.
13968.0 15563.0 68.0 56.0 "
14160.0 15563.0 276.0 104.0 And
14524.0 15563.0 280.0 104.0 with
14892.0 15567.0 224.0 100.0 this
15200.0 15567.0 520.0 104.0 ominous
15764.0 15592.0 136.0 80.0 ex-

13163.0 15680.0 508.0 124.0 pression
13727.0 15684.0 136.0 100.0 hu
13956.0 15680.0 336.0 100.0 "shut
14375.0 15680.0 176.0 100.0 his
14644.0 15688.0 384.0 96.0 mouth
15119.0 15684.0 276.0 100.0 with
15444.0 15711.0 64.0 72.0 a
15552.0 15711.0 288.0 88.0 snap
15848.0 15759.0 24.0 48.0 ,
15892.0 15684.0 68.0 56.0 "

13160.0 15796.0 248.0 104.0 said
13456.0 15800.0 188.0 100.0 the
13727.0 15804.0 676.0 96.0 nauatoros
14492.0 15796.0 140.0 100.0 he
14720.0 15796.0 580.0 108.0 described
15388.0 15800.0 192.0 104.0 the
15628.0 15804.0 340.0 100.0 Intel-

13168.0 15915.0 316.0 104.0 view.

13572.0 16043.0 188.0 88.0 AX
13791.0 16043.0 948.0 92.0 ANTI-IA.XDAM
14195.0 16056.0 28.0 76.0 !
14744.0 16095.0 24.0 36.0 ,
14811.0 16051.0 716.0 84.0 MOVEMENT
15528.0 16103.0 28.0 40.0 ,

13280.0 16144.0 364.0 104.0 There
13748.0 16144.0 96.0 104.0 Is
13944.0 16175.0 68.0 72.0 a
14112.0 16148.0 464.0 104.0 decided
14720.0 16156.0 640.0 96.0 movement
15459.0 16171.0 148.0 76.0 on
15724.0 16148.0 240.0 104.0 foot

13163.0 16284.0 412.0 100.0 among
13620.0 16260.0 532.0 104.0 southern
14204.0 16264.0 228.0 100.0 and
14496.0 16264.0 820.0 104.0 southwestern
15412.0 16264.0 552.0 104.0 members

13163.0 16379.0 124.0 96.0 of
13328.0 16404.0 532.0 92.0 congress
13904.0 16383.0 116.0 96.0 to
14104.0 16387.0 472.0 112.0 psevent
14660.0 16379.0 192.0 100.0 the
14952.0 16383.0 800.0 120.0 appointment
15840.0 16387.0 124.0 96.0 of

13163.0 16495.0 208.0 100.0 Mr.
13420.0 16492.0 480.0 104.0 Randall
13948.0 16519.0 124.0 76.0 as
14112.0 16495.0 576.0 104.0 chairman
14740.0 16495.0 124.0 100.0 of
14907.0 16495.0 184.0 100.0 the
15136.0 16499.0 816.0 100.0 committeoon

13168.0 16612.0 936.0 120.0 appropriations.
14227.0 16612.0 284.0 100.0 This
14560.0 16620.0 636.0 96.0 movement
15240.0 16616.0 352.0 100.0 arises
15599.0 16688.0 24.0 44.0 ,
15683.0 16620.0 236.0 96.0 lirst
15932.0 16688.0 20.0 40.0 ,

13168.0 16732.0 288.0 96.0 liom
13508.0 16728.0 188.0 100.0 the
13736.0 16728.0 368.0 100.0 desire
14148.0 16728.0 116.0 100.0 to
14304.0 16723.0 332.0 104.0 avoid
14744.0 16728.0 188.0 100.0 the
15035.0 16752.0 452.0 80.0 nanow
15572.0 16756.0 396.0 112.0 escape

13168.0 16847.0 140.0 116.0 by
13364.0 16843.0 364.0 100.0 which
13780.0 16843.0 188.0 100.0 the
14076.0 16843.0 620.0 116.0 Important
14788.0 16847.0 832.0 120.0 appropriation
15708.0 16828.0 260.0 120.0 bills

13172.0 16983.0 288.0 76.0 were
13503.0 16960.0 376.0 116.0 pulled
13932.0 16960.0 472.0 116.0 through
14436.0 16983.0 28.0 96.0 ;
14535.0 16956.0 256.0 112.0 and.
14872.0 16960.0 540.0 120.0 secondly
15416.0 17035.0 28.0 44.0 ,
15500.0 16964.0 464.0 100.0 because

13172.0 17100.0 344.0 96.0 many
13548.0 17076.0 124.0 100.0 of
13716.0 17080.0 188.0 96.0 the
13956.0 17076.0 312.0 100.0 older
14311.0 17076.0 548.0 100.0 members
14904.0 17100.0 188.0 80.0 are
15200.0 17076.0 292.0 104.0 tiled
15540.0 17080.0 124.0 100.0 of
15727.0 17080.0 204.0 100.0 sub-

13172.0 17195.0 456.0 108.0 mitting
13672.0 17195.0 116.0 96.0 to
13836.0 17191.0 188.0 100.0 the
14124.0 17187.0 632.0 104.0 dictatorial
14868.0 17216.0 484.0 76.0 manner
15396.0 17195.0 116.0 100.0 in
15596.0 17191.0 368.0 108.0 which

13168.0 17307.0 188.0 100.0 the
13460.0 17307.0 928.0 120.0 i'ennsyUanlnn
14488.0 17307.0 296.0 100.0 rules
14888.0 17311.0 188.0 96.0 the
15180.0 17307.0 376.0 104.0 bolide.
15724.0 17311.0 244.0 100.0 The

13176.0 17428.0 540.0 96.0 members
13768.0 17436.0 248.0 88.0 who
14060.0 17424.0 348.0 104.0 tailed
14460.0 17428.0 116.0 96.0 to
14619.0 17447.0 380.0 76.0 secure
15048.0 17424.0 184.0 100.0 the
15279.0 17451.0 468.0 92.0 passage
15836.0 17432.0 116.0 92.0 ot

13172.0 17540.0 252.0 100.0 bills
13480.0 17540.0 112.0 104.0 In
13644.0 17540.0 364.0 104.0 which
14092.0 17544.0 260.0 116.0 they
14416.0 17564.0 288.0 76.0 were
14808.0 17540.0 716.0 120.0 particularly
15631.0 17544.0 296.0 100.0 inter-

13168.0 17655.0 312.0 100.0 ested
13567.0 17680.0 180.0 80.0 are
13796.0 17655.0 400.0 100.0 almost
14288.0 17659.0 688.0 96.0 unanimous
15080.0 17655.0 116.0 100.0 In
15291.0 17659.0 392.0 120.0 laying
15772.0 17663.0 192.0 96.0 the

13172.0 17772.0 360.0 100.0 blame
13576.0 17787.0 116.0 84.0 at
13732.0 17772.0 192.0 100.0 the
14003.0 17772.0 272.0 100.0 door
14311.0 17779.0 116.0 92.0 ot
14488.0 17772.0 472.0 104.0 Randall
14971.0 17843.0 28.0 44.0 ,
15052.0 17772.0 256.0 100.0 who
15352.0 17775.0 616.0 100.0 controlled

13172.0 17888.0 632.0 120.0 legislation
13855.0 17884.0 480.0 104.0 through
14387.0 17884.0 188.0 108.0 the
14612.0 17911.0 384.0 116.0 power
15040.0 17888.0 380.0 104.0 vested
15508.0 17892.0 112.0 100.0 in
15724.0 17892.0 232.0 100.0 him

13172.0 18003.0 144.0 116.0 by
13364.0 18003.0 176.0 100.0 his
13608.0 18003.0 872.0 116.0 chairmanship.
14612.0 17987.0 364.0 120.0 There
15064.0 18003.0 92.0 104.0 Is
15244.0 18003.0 292.0 104.0 little
15619.0 18003.0 344.0 104.0 doubt

13176.0 18119.0 244.0 104.0 that
13468.0 18119.0 208.0 100.0 Mr.
13732.0 18119.0 468.0 104.0 Carlisle
14247.0 18119.0 228.0 100.0 will
14528.0 18115.0 280.0 108.0 have
14896.0 18119.0 804.0 120.0 amajoiltyof
15784.0 18123.0 188.0 100.0 the

13172.0 18236.0 676.0 104.0 democratic
13896.0 18240.0 312.0 96.0 votes
14256.0 18236.0 112.0 100.0 in
14420.0 18236.0 192.0 100.0 tlio
14676.0 18259.0 404.0 80.0 caucus
15087.0 18312.0 24.0 44.0 ,
15168.0 18240.0 192.0 100.0 but
15396.0 18240.0 192.0 100.0 the
15631.0 18263.0 296.0 76.0 mem-

13176.0 18356.0 244.0 100.0 bers
13468.0 18352.0 484.0 104.0 referred
14048.0 18356.0 116.0 96.0 to
14208.0 18352.0 348.0 104.0 above
14604.0 18352.0 228.0 104.0 will
14884.0 18352.0 236.0 104.0 lirst
15172.0 18356.0 340.0 100.0 Insist
15552.0 18380.0 304.0 96.0 upon
15907.0 18383.0 68.0 76.0 a

13176.0 18467.0 396.0 120.0 pledge
13616.0 18467.0 248.0 100.0 that
13916.0 18467.0 476.0 104.0 Kandall
14439.0 18467.0 288.0 104.0 shall
14796.0 18467.0 132.0 104.0 be
15000.0 18467.0 540.0 120.0 provided
15587.0 18471.0 276.0 104.0 with
15912.0 18500.0 68.0 76.0 a

13172.0 18583.0 844.0 124.0 chairmanship
14096.0 18583.0 608.0 104.0 elsewhere
14791.0 18591.0 272.0 96.0 than
15119.0 18587.0 116.0 104.0 in
15291.0 18595.0 188.0 92.0 the
15520.0 18611.0 224.0 80.0 one
15791.0 18615.0 144.0 96.0 po-

13172.0 18700.0 348.0 104.0 sition
13580.0 18700.0 352.0 104.0 which
13984.0 18700.0 316.0 104.0 elves
14348.0 18704.0 228.0 100.0 him
14624.0 18727.0 128.0 72.0 so
14800.0 18704.0 332.0 100.0 much
15212.0 18727.0 404.0 92.0 power.
15759.0 18708.0 208.0 100.0 Mr.

13176.0 18815.0 568.0 104.0 Carlisle's
13832.0 18815.0 436.0 104.0 friends
14355.0 18815.0 332.0 104.0 think
14776.0 18820.0 244.0 100.0 that
15112.0 18820.0 112.0 100.0 in
15284.0 18824.0 288.0 100.0 view
15616.0 18824.0 128.0 100.0 of
15791.0 18824.0 188.0 100.0 the

13180.0 18931.0 684.0 112.0 vvldespiead
13912.0 18931.0 892.0 104.0 dissatisfaction
14900.0 18935.0 112.0 100.0 In
15067.0 18935.0 188.0 100.0 the
15300.0 18935.0 680.0 104.0 democratic

13176.0 19055.0 320.0 116.0 paity
13540.0 19075.0 264.0 76.0 over
13852.0 19048.0 200.0 104.0 Mr.
14112.0 19048.0 588.0 104.0 Randall's
14764.0 19075.0 396.0 76.0 course
15212.0 19052.0 112.0 100.0 In
15416.0 19048.0 560.0 116.0 handling

13176.0 19168.0 188.0 100.0 the
13404.0 19168.0 844.0 124.0 appropriation
14300.0 19164.0 252.0 104.0 bills
14560.0 19240.0 24.0 44.0 ,
14644.0 19168.0 364.0 100.0 which
15076.0 19164.0 484.0 104.0 lesulted
15616.0 19184.0 124.0 88.0 in
15788.0 19168.0 192.0 100.0 the

13176.0 19283.0 380.0 104.0 defeat
13652.0 19283.0 128.0 100.0 of
13884.0 19283.0 188.0 100.0 tlm
14176.0 19283.0 616.0 112.0 deficiency
14904.0 19283.0 832.0 120.0 nppioprlation
15848.0 19308.0 132.0 80.0 as

13176.0 19399.0 252.0 108.0 well
13512.0 19423.0 128.0 76.0 as
13724.0 19395.0 152.0 104.0 nil
13964.0 19399.0 728.0 100.0 foitlflcatlon
14744.0 19395.0 256.0 104.0 mils
15008.0 19471.0 24.0 44.0 ,
15087.0 19399.0 136.0 100.0 ho
15272.0 19395.0 228.0 108.0 will
15567.0 19399.0 408.0 104.0 accede

13172.0 19516.0 228.0 104.0 and
13444.0 19516.0 256.0 124.0 give
13744.0 19516.0 188.0 104.0 tlio
13980.0 19516.0 512.0 120.0 required
14556.0 19516.0 516.0 124.0 promise.

13640.0 19755.0 276.0 100.0 Tlio
13988.0 19755.0 596.0 100.0 Uarflchl
14668.0 19755.0 832.0 100.0 Monument.

13288.0 19895.0 316.0 104.0 Nnvv
13656.0 19895.0 388.0 108.0 YOIIK.
14099.0 19891.0 380.0 104.0 Mnrch
14560.0 19895.0 108.0 104.0 0.
14816.0 19895.0 40.0 124.0 [
14864.0 19895.0 448.0 128.0 Special
15388.0 19895.0 596.0 124.0 Telegram

13176.0 20048.0 116.0 96.0 to
13355.0 20040.0 188.0 100.0 the
13636.0 20036.0 352.0 128.0 HKK.J
14128.0 20036.0 244.0 100.0 The
14416.0 20036.0 216.0 104.0 last
14676.0 20040.0 124.0 100.0 of
14864.0 20040.0 188.0 100.0 the
15119.0 20036.0 212.0 108.0 five
15420.0 20036.0 572.0 104.0 bas-relief

13176.0 20180.0 396.0 124.0 panels
13624.0 20184.0 176.0 100.0 for
13843.0 20180.0 192.0 104.0 the
14080.0 20180.0 484.0 104.0 Garlicld
14631.0 20192.0 672.0 92.0 monument
15396.0 20180.0 112.0 104.0 In
15608.0 20180.0 340.0 104.0 Cleve-

13180.0 20320.0 268.0 108.0 land
13496.0 20347.0 232.0 80.0 was
13816.0 20320.0 484.0 104.0 finished
14368.0 20320.0 144.0 124.0 by
14592.0 20324.0 480.0 104.0 Cauboit
15080.0 20396.0 24.0 52.0 ,
15168.0 20320.0 188.0 108.0 the
15452.0 20320.0 500.0 128.0 sculptor
15956.0 20396.0 24.0 52.0 ,

13176.0 20467.0 232.0 104.0 nnd
13456.0 20491.0 232.0 80.0 was
13732.0 20471.0 200.0 120.0 put
13976.0 20491.0 148.0 76.0 on
14172.0 20464.0 628.0 104.0 exhibition
14860.0 20464.0 112.0 104.0 In
15055.0 20464.0 176.0 104.0 his
15296.0 20464.0 416.0 108.0 studio.
15884.0 20467.0 112.0 104.0 It

13184.0 20635.0 564.0 80.0 measures
13788.0 20611.0 260.0 100.0 7x10
14092.0 20607.0 232.0 104.0 feet
14387.0 20603.0 116.0 108.0 in
14604.0 20603.0 412.0 128.0 plaster
15087.0 20611.0 240.0 100.0 cast
15332.0 20679.0 28.0 52.0 ,
15412.0 20607.0 236.0 108.0 and
15732.0 20631.0 212.0 84.0 con-

13180.0 20751.0 304.0 108.0 tains
13572.0 20751.0 392.0 124.0 nearly
14048.0 20751.0 436.0 120.0 twenty
14572.0 20751.0 404.0 120.0 liguics
14984.0 20823.0 24.0 48.0 ,
15064.0 20776.0 308.0 80.0 some
15452.0 20751.0 116.0 104.0 in
15668.0 20751.0 328.0 104.0 basso

13184.0 20895.0 224.0 104.0 and
13456.0 20924.0 308.0 76.0 some
13811.0 20895.0 116.0 104.0 in
13980.0 20895.0 232.0 104.0 alto
14300.0 20891.0 444.0 108.0 relievo.
14936.0 20891.0 284.0 104.0 This
15328.0 20891.0 220.0 104.0 last
15656.0 20895.0 336.0 124.0 panel

13184.0 21043.0 632.0 116.0 represents
13864.0 21039.0 488.0 104.0 Garfleld
14400.0 21035.0 320.0 124.0 lying
14764.0 21031.0 116.0 108.0 In
14932.0 21039.0 288.0 100.0 state
15227.0 21112.0 24.0 48.0 ,
15304.0 21035.0 500.0 124.0 guarded
15852.0 21039.0 144.0 116.0 by

13184.0 21188.0 224.0 100.0 two
13456.0 21180.0 468.0 104.0 soldiers
13971.0 21180.0 224.0 104.0 and
14247.0 21207.0 64.0 76.0 a
14364.0 21175.0 496.0 104.0 Knlirhts
14907.0 21180.0 528.0 124.0 Templar
15439.0 21252.0 24.0 44.0 ,
15523.0 21175.0 340.0 108.0 while
15932.0 21207.0 68.0 76.0 n

13184.0 21299.0 372.0 100.0 crowd
13599.0 21303.0 124.0 96.0 of
13791.0 21303.0 388.0 120.0 people
14259.0 21324.0 108.0 96.0 pi
14396.0 21320.0 176.0 76.0 ess
14663.0 21295.0 144.0 140.0 by
14852.0 21303.0 116.0 96.0 to
15016.0 21299.0 260.0 100.0 take
15320.0 21324.0 68.0 76.0 n
15424.0 21299.0 220.0 100.0 last
15692.0 21295.0 300.0 108.0 look.

13184.0 21415.0 244.0 104.0 The
13535.0 21415.0 408.0 120.0 figuics
14048.0 21439.0 188.0 76.0 are
14343.0 21411.0 492.0 104.0 realistic
14840.0 21487.0 28.0 44.0 ,
14984.0 21423.0 208.0 92.0 not
15296.0 21415.0 688.0 116.0 allegorical.

13195.0 21540.0 452.0 104.0 Among
13752.0 21532.0 304.0 100.0 them
14163.0 21555.0 188.0 76.0 are
14456.0 21555.0 68.0 72.0 n
14628.0 21532.0 580.0 100.0 merchant
15215.0 21604.0 24.0 44.0 ,
15355.0 21555.0 64.0 76.0 a
15484.0 21532.0 348.0 100.0 sailor
15832.0 21604.0 28.0 44.0 ,
15932.0 21559.0 64.0 72.0 a

13192.0 21676.0 340.0 96.0 negro
13540.0 21724.0 24.0 44.0 ,
13616.0 21664.0 228.0 88.0 two
13887.0 21672.0 432.0 76.0 women
14336.0 21720.0 24.0 44.0 ,
14400.0 21672.0 64.0 76.0 a
14512.0 21643.0 288.0 108.0 little
14848.0 21643.0 212.0 116.0 girl
15108.0 21643.0 228.0 104.0 and
15384.0 21672.0 68.0 76.0 n
15496.0 21647.0 504.0 124.0 crippled

13188.0 21767.0 188.0 104.0 old
13424.0 21792.0 256.0 80.0 man
13695.0 21839.0 24.0 52.0 ,
13772.0 21763.0 148.0 104.0 all
13968.0 21763.0 124.0 100.0 of
14152.0 21763.0 204.0 104.0 lifo
14400.0 21759.0 256.0 104.0 sUe.
14784.0 21747.0 248.0 116.0 The
15080.0 21763.0 212.0 100.0 five
15340.0 21763.0 360.0 120.0 plates
15764.0 21763.0 240.0 104.0 will

13192.0 21883.0 428.0 128.0 picture
13724.0 21883.0 216.0 100.0 live
14044.0 21883.0 400.0 112.0 phases
14548.0 21883.0 120.0 92.0 ot
14800.0 21876.0 588.0 108.0 Garheld's
15484.0 21879.0 208.0 100.0 life
15816.0 21883.0 188.0 100.0 Uio

13192.0 22000.0 804.0 108.0 schoolmaster
14000.0 22072.0 24.0 48.0 ,
14128.0 21996.0 188.0 104.0 the
14420.0 21996.0 420.0 104.0 soldier
14836.0 22068.0 28.0 48.0 ,
15000.0 22000.0 196.0 100.0 the
15296.0 22000.0 372.0 100.0 orator
15672.0 22072.0 24.0 48.0 ,
15816.0 22000.0 192.0 100.0 the

13192.0 22119.0 568.0 136.0 president
13772.0 22187.0 24.0 48.0 ,
13872.0 22111.0 224.0 104.0 and
14188.0 22115.0 188.0 100.0 the
14464.0 22119.0 448.0 120.0 martyr.
15084.0 22111.0 244.0 104.0 The
15416.0 22115.0 240.0 104.0 lirst
15744.0 22115.0 260.0 104.0 four

13195.0 22223.0 280.0 116.0 have
13520.0 22231.0 452.0 120.0 already
14020.0 22235.0 276.0 100.0 been
14343.0 22235.0 240.0 96.0 cast
14656.0 22231.0 112.0 100.0 In
14864.0 22235.0 300.0 96.0 terra
15247.0 22235.0 336.0 100.0 eotta.
15759.0 22231.0 244.0 104.0 Tlio

13195.0 22359.0 660.0 96.0 monument
13907.0 22351.0 232.0 100.0 will
14188.0 22348.0 528.0 124.0 piobubly
14784.0 22348.0 128.0 104.0 bo
14956.0 22348.0 532.0 108.0 unveiled
15567.0 22351.0 116.0 100.0 In
15740.0 22348.0 264.0 124.0 May-

13192.0 22495.0 124.0 80.0 or
13360.0 22468.0 64.0 104.0 J
13456.0 22491.0 252.0 80.0 une.

13884.0 22684.0 696.0 96.0 COUIiD'S
14656.0 22684.0 668.0 104.0 IjATKST.

13208.0 22891.0 196.0 96.0 Ho
13480.0 22895.0 572.0 92.0 Secures
14168.0 22888.0 544.0 96.0 Control
14788.0 22888.0 156.0 96.0 of
15032.0 22884.0 232.0 100.0 the
15332.0 22888.0 192.0 100.0 St.
15604.0 22888.0 400.0 100.0 Louis

13944.0 23031.0 120.0 96.0 &
14136.0 23031.0 260.0 96.0 Han
14480.0 23027.0 776.0 100.0 Francisco.

13312.0 23175.0 572.0 104.0 CHICAGO
13892.0 23243.0 28.0 48.0 ,
13971.0 23167.0 384.0 108.0 March
14400.0 23167.0 88.0 104.0 0.
14636.0 23167.0 36.0 124.0 [
14683.0 23163.0 440.0 128.0 Special
15200.0 23163.0 596.0 124.0 Telegram
15892.0 23167.0 120.0 104.0 to

13200.0 23319.0 188.0 104.0 the
13452.0 23315.0 292.0 104.0 BKE.
13776.0 23315.0 20.0 120.0 |
13936.0 23315.0 108.0 100.0 A
14088.0 23307.0 416.0 128.0 special
14552.0 23307.0 288.0 104.0 from
14956.0 23315.0 164.0 96.0 St.
15227.0 23307.0 348.0 108.0 Louis
15683.0 23335.0 260.0 96.0 says
15976.0 23335.0 28.0 80.0 :

13195.0 23463.0 244.0 104.0 The
13484.0 23459.0 284.0 104.0 most
13816.0 23455.0 616.0 124.0 Important
14540.0 23447.0 464.0 124.0 railway
15108.0 23451.0 252.0 104.0 deal
15471.0 23455.0 248.0 104.0 that
15808.0 23455.0 200.0 100.0 has

13200.0 23603.0 340.0 108.0 taken
13648.0 23599.0 312.0 124.0 placu
14052.0 23599.0 116.0 104.0 In
14279.0 23595.0 192.0 108.0 the
14576.0 23599.0 280.0 100.0 west
14907.0 23595.0 112.0 104.0 In
15136.0 23620.0 328.0 100.0 years
15512.0 23620.0 236.0 80.0 was
15836.0 23624.0 116.0 80.0 re-

13200.0 23756.0 380.0 112.0 cently
13624.0 23739.0 852.0 112.0 consummated
14524.0 23739.0 144.0 128.0 by
14712.0 23735.0 224.0 124.0 Jay
14984.0 23735.0 368.0 108.0 Gould
15392.0 23739.0 232.0 104.0 and
15676.0 23739.0 344.0 108.0 made

13200.0 23888.0 368.0 132.0 public
13604.0 23888.0 408.0 124.0 to-day.
14152.0 23884.0 176.0 104.0 Ho
14380.0 23884.0 200.0 104.0 has
14628.0 23888.0 528.0 120.0 acquired
15204.0 23911.0 68.0 76.0 a
15316.0 23880.0 700.0 128.0 controlling

13212.0 24035.0 464.0 104.0 Interest
13727.0 24028.0 112.0 108.0 In
13896.0 24035.0 192.0 100.0 the
14176.0 24028.0 164.0 104.0 St.
14407.0 24024.0 336.0 104.0 Louis
14852.0 24028.0 104.0 96.0 &
15060.0 24024.0 228.0 108.0 Sau
15407.0 24024.0 608.0 108.0 Francisco

13204.0 24175.0 460.0 116.0 railway
13708.0 24171.0 560.0 132.0 property.
14392.0 24167.0 244.0 104.0 The
14680.0 24164.0 452.0 120.0 I'Frisco
15180.0 24164.0 232.0 108.0 will
15459.0 24167.0 136.0 104.0 be
15640.0 24195.0 72.0 76.0 a
15800.0 24167.0 216.0 104.0 full

13208.0 24315.0 428.0 128.0 fledged
13684.0 24315.0 488.0 104.0 member
14212.0 24311.0 128.0 104.0 of
14380.0 24315.0 188.0 100.0 the
14656.0 24307.0 532.0 108.0 Missouri
15279.0 24307.0 416.0 108.0 Pacific
15779.0 24331.0 192.0 96.0 sys-

13208.0 24467.0 224.0 100.0 tem
13471.0 24463.0 124.0 100.0 of
13624.0 24459.0 208.0 108.0 rail
13852.0 24483.0 296.0 96.0 ways
14156.0 24531.0 24.0 32.0 ,
14232.0 24455.0 228.0 104.0 and
14503.0 24451.0 532.0 124.0 operated
15112.0 24451.0 232.0 104.0 and
15439.0 24451.0 588.0 116.0 managed

13212.0 24583.0 680.0 112.0 throughout
13944.0 24575.0 144.0 124.0 by
14136.0 24571.0 524.0 108.0 Missouri
14720.0 24571.0 404.0 104.0 Pacific
15168.0 24571.0 492.0 100.0 otllcials.
15779.0 24556.0 244.0 116.0 The

13212.0 24700.0 472.0 112.0 mileage
13788.0 24700.0 124.0 96.0 of
14056.0 24696.0 192.0 100.0 the
14352.0 24688.0 428.0 104.0 'Frisco
14907.0 24692.0 528.0 116.0 nropertv
15552.0 24683.0 228.0 108.0 and
15884.0 24688.0 148.0 100.0 Its

13227.0 24815.0 548.0 104.0 branches
13872.0 24811.0 100.0 104.0 Is
14060.0 24803.0 388.0 120.0 nearly
14528.0 24807.0 184.0 96.0 000
14756.0 24803.0 316.0 104.0 miles
15080.0 24879.0 28.0 52.0 ,
15195.0 24799.0 224.0 104.0 nnd
15471.0 24799.0 88.0 108.0 It
15608.0 24803.0 96.0 100.0 Is
15788.0 24803.0 208.0 100.0 sub-

13212.0 24927.0 600.0 124.0 stantially
13860.0 24955.0 64.0 76.0 a
14012.0 24923.0 308.0 124.0 joint
14360.0 24947.0 392.0 76.0 owner
14800.0 24919.0 272.0 104.0 with
15163.0 24923.0 192.0 100.0 the
15428.0 24923.0 552.0 100.0 Atc.itson
15996.0 24991.0 32.0 48.0 ,

13212.0 25047.0 468.0 108.0 Topeka
13759.0 25043.0 100.0 100.0 &
13904.0 25043.0 360.0 104.0 Suntn
14308.0 25040.0 152.0 104.0 Fe
14503.0 25043.0 124.0 96.0 of
14676.0 25040.0 188.0 104.0 the
14904.0 25036.0 516.0 108.0 Atlantic
15468.0 25040.0 96.0 100.0 &
15555.0 25104.0 12.0 28.0 .
15616.0 25036.0 412.0 104.0 Pacific

13212.0 25168.0 232.0 104.0 and
13488.0 25168.0 124.0 100.0 of
13660.0 25160.0 192.0 108.0 the
13900.0 25172.0 280.0 88.0 west
14220.0 25155.0 228.0 104.0 end
14496.0 25160.0 120.0 96.0 of
14724.0 25155.0 188.0 104.0 the
14960.0 25151.0 564.0 108.0 Southern
15580.0 25151.0 444.0 108.0 Pacific.

13216.0 25283.0 560.0 112.0 Together
13820.0 25279.0 268.0 104.0 with
14140.0 25271.0 188.0 108.0 the
14375.0 25271.0 556.0 112.0 Atchlson
14948.0 25343.0 28.0 44.0 ,
15020.0 25271.0 468.0 112.0 Topeka
15532.0 25271.0 100.0 100.0 &
15676.0 25271.0 360.0 104.0 Santa

13224.0 25399.0 148.0 104.0 Fo
13416.0 25399.0 188.0 104.0 the
13644.0 25391.0 428.0 104.0 'Frisco
14120.0 25391.0 196.0 104.0 has
14364.0 25415.0 144.0 80.0 an
14560.0 25391.0 588.0 100.0 unbroken
15200.0 25387.0 412.0 104.0 all-rail
15712.0 25399.0 324.0 92.0 route

13224.0 25515.0 500.0 104.0 between
13772.0 25512.0 232.0 100.0 San
14056.0 25508.0 600.0 104.0 Francisco
14700.0 25508.0 232.0 104.0 and
15035.0 25508.0 164.0 100.0 St.
15296.0 25504.0 344.0 104.0 Louis
15648.0 25580.0 28.0 48.0 ,
15768.0 25504.0 232.0 104.0 and

13216.0 25632.0 236.0 104.0 will
13492.0 25651.0 280.0 80.0 soon
13820.0 25627.0 292.0 104.0 have
14200.0 25647.0 276.0 80.0 over
14512.0 25623.0 148.0 104.0 Its
14695.0 25647.0 268.0 80.0 own
15044.0 25623.0 388.0 100.0 tracks
15532.0 25647.0 76.0 76.0 a
15683.0 25623.0 324.0 100.0 route

13224.0 25755.0 116.0 96.0 to
13392.0 25747.0 308.0 104.0 Par's
13612.0 25747.0 20.0 76.0 '
13712.0 25819.0 24.0 44.0 ,
13784.0 25743.0 284.0 104.0 Tex.
14092.0 25811.0 28.0 48.0 ,
14172.0 25739.0 228.0 104.0 and
14488.0 25743.0 328.0 100.0 when
14907.0 25739.0 188.0 104.0 the
15200.0 25763.0 220.0 100.0 gap
15523.0 25735.0 504.0 104.0 between

13216.0 25863.0 516.0 124.0 Tapulpa
13740.0 25931.0 24.0 48.0 ,
13820.0 25859.0 116.0 104.0 in
13992.0 25859.0 188.0 100.0 the
14227.0 25851.0 416.0 108.0 Indian
14692.0 25855.0 580.0 116.0 Territory
15279.0 25923.0 24.0 48.0 ,
15400.0 25851.0 232.0 104.0 nnd
15676.0 25851.0 348.0 104.0 Albu-

13224.0 26003.0 424.0 100.0 qurque
13759.0 25980.0 96.0 100.0 U
13956.0 25976.0 368.0 104.0 closed
14340.0 26044.0 24.0 52.0 ,
14476.0 25980.0 192.0 96.0 the
14752.0 25972.0 428.0 104.0 'Frisco
15224.0 25967.0 232.0 104.0 will
15503.0 25972.0 292.0 104.0 have
15880.0 25967.0 148.0 104.0 Its

13224.0 26123.0 256.0 80.0 own
13532.0 26091.0 264.0 108.0 rails
13804.0 26167.0 28.0 44.0 ,
13880.0 26116.0 132.0 80.0 or
14052.0 26091.0 272.0 104.0 such
14368.0 26112.0 124.0 80.0 as
14540.0 26087.0 88.0 108.0 It
14736.0 26087.0 96.0 104.0 Is
14880.0 26091.0 236.0 100.0 halt
15168.0 26108.0 396.0 84.0 owner
15608.0 26087.0 128.0 96.0 of
15736.0 26155.0 28.0 48.0 ,
15836.0 26087.0 140.0 96.0 be-

13224.0 26223.0 364.0 96.0 tween
13688.0 26207.0 188.0 104.0 the
13948.0 26203.0 688.0 124.0 Mississippi
14744.0 26203.0 296.0 112.0 river
15099.0 26199.0 228.0 104.0 and
15380.0 26203.0 192.0 100.0 tlio
15628.0 26199.0 412.0 108.0 Pacific

13224.0 26343.0 308.0 92.0 coast
13532.0 26403.0 32.0 44.0 ,
13616.0 26323.0 364.0 112.0 which
14028.0 26323.0 232.0 108.0 will
14304.0 26327.0 592.0 116.0 aggregate
15008.0 26320.0 336.0 100.0 about
15388.0 26320.0 284.0 120.0 8,000
15712.0 26320.0 332.0 104.0 miles

13224.0 26452.0 128.0 100.0 of
13387.0 26448.0 188.0 104.0 the
13620.0 26448.0 368.0 100.0 entire
14032.0 26452.0 456.0 108.0 system.
14624.0 26427.0 104.0 112.0 It
14779.0 26439.0 96.0 104.0 Is
14980.0 26431.0 700.0 108.0 understood
15776.0 26435.0 248.0 104.0 that

13227.0 26563.0 192.0 104.0 the
13460.0 26571.0 268.0 96.0 next
13776.0 26555.0 340.0 108.0 board
14160.0 26555.0 124.0 100.0 of
14360.0 26555.0 536.0 104.0 directors
14988.0 26551.0 228.0 104.0 will
15304.0 26551.0 136.0 104.0 bo
15520.0 26555.0 472.0 100.0 substan-

13227.0 26679.0 320.0 120.0 tially
13596.0 26687.0 192.0 92.0 the
13832.0 26699.0 308.0 80.0 same
14180.0 26699.0 128.0 76.0 as
14352.0 26675.0 188.0 112.0 the
14624.0 26671.0 532.0 104.0 Missouri
15256.0 26663.0 408.0 108.0 Pacific
15668.0 26739.0 28.0 28.0 ,
15791.0 26667.0 232.0 104.0 and

13227.0 26799.0 244.0 108.0 that
13516.0 26795.0 192.0 104.0 the
13744.0 26791.0 588.0 104.0 executive
14340.0 26863.0 24.0 44.0 ,
14412.0 26799.0 456.0 108.0 general
14920.0 26784.0 232.0 108.0 and
15232.0 26788.0 268.0 100.0 stall
15592.0 26771.0 440.0 116.0 oillcers

13224.0 26916.0 128.0 100.0 of
13392.0 26916.0 192.0 100.0 the
13628.0 26907.0 528.0 104.0 Missouri
14200.0 26903.0 408.0 108.0 Paciiic
14660.0 26903.0 232.0 104.0 will
14944.0 26903.0 268.0 104.0 then
15264.0 26907.0 420.0 96.0 extend
15747.0 26899.0 300.0 104.0 their

13220.0 27027.0 724.0 128.0 jurisdiction
14048.0 27023.0 232.0 116.0 and
14387.0 27019.0 576.0 124.0 authority
15064.0 27043.0 264.0 84.0 over
15372.0 27019.0 188.0 104.0 the
15608.0 27015.0 436.0 108.0 'Filsco

13227.0 27155.0 456.0 120.0 system.

14003.0 27388.0 276.0 96.0 The
14340.0 27383.0 492.0 100.0 I'.cllolH
14904.0 27383.0 364.0 100.0 Hhot.

13332.0 27515.0 712.0 120.0 llusrciiUK
14052.0 27596.0 28.0 52.0 ,
14131.0 27520.0 380.0 112.0 March
14624.0 27520.0 88.0 108.0 C.
14852.0 27515.0 308.0 116.0 Nine
15259.0 27515.0 440.0 116.0 ofllcers
15808.0 27511.0 228.0 108.0 and

13240.0 27667.0 536.0 112.0 civilians
13816.0 27667.0 628.0 112.0 concerned
14500.0 27664.0 120.0 108.0 In
14672.0 27664.0 192.0 108.0 the
14907.0 27664.0 388.0 104.0 recent
15360.0 27664.0 368.0 104.0 revolt
15768.0 27679.0 292.0 80.0 were

13227.0 27800.0 248.0 100.0 shot
13532.0 27792.0 260.0 104.0 here
13836.0 27787.0 228.0 108.0 this
14108.0 27783.0 568.0 124.0 morning.
14800.0 27779.0 248.0 108.0 The
15096.0 27779.0 476.0 108.0 soldiers
15651.0 27775.0 224.0 108.0 will
15927.0 27775.0 132.0 104.0 be

13236.0 27907.0 288.0 112.0 tried
13599.0 27915.0 640.0 100.0 tO'Uiofrow
14244.0 27975.0 32.0 48.0 ,

16651.0 2640.0 104.0 96.0 A
16828.0 2632.0 568.0 104.0 LUCKY
17476.0 2628.0 888.0 104.0 ACU1DUNT.

16119.0 2892.0 108.0 96.0 A
16268.0 2888.0 400.0 100.0 Train
16727.0 2888.0 564.0 100.0 Thrown
17348.0 2892.0 280.0 96.0 Into
17791.0 2884.0 532.0 120.0 KaultiK
18363.0 2888.0 576.0 96.0 Torrent

16840.0 3036.0 252.0 96.0 lint
17163.0 3032.0 184.0 100.0 No
17416.0 3032.0 376.0 100.0 Lives
17872.0 3028.0 344.0 100.0 Lout.

16232.0 3168.0 192.0 104.0 ST.
16491.0 3164.0 408.0 124.0 Loins
16959.0 3168.0 384.0 108.0 March
17388.0 3172.0 92.0 104.0 0.
17616.0 3168.0 240.0 104.0 The
17895.0 3164.0 476.0 108.0 railroad
18424.0 3160.0 516.0 108.0 accident

16116.0 3336.0 144.0 76.0 on
16316.0 3312.0 188.0 104.0 the
16580.0 3308.0 256.0 108.0 lion
16892.0 3312.0 600.0 104.0 Mountain
17548.0 3308.0 468.0 120.0 railway
18064.0 3332.0 272.0 80.0 no.ir
18436.0 3304.0 448.0 108.0 DcSoto
18895.0 3376.0 24.0 48.0 ,

16128.0 3452.0 204.0 104.0 Mo.
16348.0 3524.0 28.0 52.0 ,
16436.0 3452.0 368.0 104.0 which
16856.0 3480.0 232.0 76.0 was
17136.0 3476.0 260.0 100.0 very
17452.0 3452.0 104.0 104.0 bi
17587.0 3448.0 256.0 124.0 telly
17939.0 3444.0 492.0 112.0 referred
18528.0 3452.0 112.0 100.0 to
18720.0 3444.0 224.0 108.0 late

16163.0 3600.0 172.0 96.0 ast
16388.0 3588.0 316.0 120.0 nlcht
16720.0 3664.0 28.0 48.0 ,
16831.0 3592.0 340.0 108.0 while
17224.0 3600.0 204.0 100.0 not
17480.0 3588.0 336.0 128.0 being
17863.0 3596.0 112.0 100.0 at
18023.0 3588.0 148.0 108.0 all
18227.0 3588.0 484.0 104.0 unusual
18816.0 3584.0 116.0 108.0 In

16119.0 3736.0 396.0 120.0 regard
16567.0 3748.0 112.0 92.0 to
16732.0 3732.0 272.0 108.0 fatal
17052.0 3736.0 600.0 108.0 casualties
17660.0 3812.0 24.0 48.0 ,
17740.0 3756.0 396.0 96.0 proves
18180.0 3736.0 112.0 104.0 to
18328.0 3732.0 284.0 104.0 have
18660.0 3728.0 280.0 108.0 been

16116.0 3876.0 312.0 128.0 quite
16468.0 3876.0 700.0 108.0 rcmaikablo
17212.0 3876.0 112.0 108.0 in
17372.0 3884.0 432.0 108.0 respect
17848.0 3880.0 112.0 104.0 to
18008.0 3872.0 424.0 112.0 several
18484.0 3872.0 464.0 108.0 clrctun-

16176.0 4032.0 388.0 92.0 tanees
16676.0 4016.0 364.0 108.0 which
17151.0 4020.0 536.0 108.0 attended
17759.0 4020.0 112.0 104.0 It.
18011.0 4016.0 104.0 108.0 It
18215.0 4012.0 524.0 112.0 occurred
18831.0 4020.0 112.0 100.0 at

16128.0 4156.0 492.0 112.0 Victoria
16631.0 4236.0 24.0 44.0 ,
16715.0 4160.0 348.0 128.0 thirty
17116.0 4160.0 320.0 108.0 miles
17484.0 4160.0 332.0 112.0 south
17863.0 4164.0 124.0 104.0 of
18096.0 4160.0 264.0 108.0 here
18368.0 4232.0 24.0 44.0 ,
18464.0 4188.0 68.0 76.0 a
18648.0 4156.0 296.0 108.0 little

16116.0 4308.0 292.0 100.0 after
16459.0 4308.0 108.0 96.0 10
16612.0 4300.0 420.0 112.0 o'clock
17048.0 4376.0 24.0 52.0 ,
17131.0 4304.0 224.0 108.0 and
17407.0 4332.0 232.0 76.0 was
17744.0 4300.0 668.0 112.0 occasioned
18511.0 4300.0 140.0 124.0 by
18752.0 4300.0 188.0 104.0 the

16116.0 4444.0 392.0 128.0 glvltu
16608.0 4476.0 320.0 96.0 away
17040.0 4448.0 364.0 104.0 under
17508.0 4448.0 188.0 104.0 the
17784.0 4444.0 296.0 108.0 train
18180.0 4448.0 120.0 100.0 of
18407.0 4476.0 64.0 72.0 a
18560.0 4440.0 384.0 104.0 trestle

16163.0 4584.0 320.0 108.0 \hich
16528.0 4616.0 428.0 80.0 crosses
17000.0 4592.0 520.0 104.0 .Joaclilm
17567.0 4588.0 328.0 108.0 crcok
18000.0 4592.0 112.0 100.0 at
18227.0 4584.0 244.0 108.0 that
18564.0 4580.0 364.0 132.0 point.

16140.0 4728.0 220.0 104.0 I'ho
16407.0 4728.0 292.0 108.0 train
16759.0 4760.0 228.0 76.0 was
17040.0 4740.0 188.0 100.0 the
17276.0 4732.0 372.0 104.0 Texas
17764.0 4756.0 460.0 92.0 express
18331.0 4724.0 228.0 108.0 and
18688.0 4752.0 208.0 76.0 con-

16116.0 4872.0 348.0 104.0 sisted
16532.0 4876.0 120.0 100.0 of
16704.0 4872.0 500.0 128.0 baugogo
17215.0 4948.0 24.0 48.0 ,
17291.0 4900.0 464.0 92.0 express
17848.0 4872.0 228.0 104.0 and
18188.0 4872.0 264.0 104.0 mall
18503.0 4896.0 240.0 76.0 ears
18756.0 4940.0 24.0 44.0 ,
18880.0 4892.0 68.0 76.0 a

16119.0 5012.0 448.0 104.0 smoKer
16564.0 5084.0 28.0 48.0 ,
16692.0 5032.0 224.0 88.0 two
17035.0 5040.0 612.0 104.0 passenger
17752.0 5012.0 472.0 108.0 coaches
18348.0 5020.0 232.0 96.0 and
18692.0 5012.0 256.0 100.0 four

16116.0 5152.0 480.0 128.0 sleepers
16604.0 5228.0 28.0 48.0 ,
16904.0 5152.0 528.0 128.0 carrying
17700.0 5156.0 340.0 104.0 about
18311.0 5160.0 176.0 96.0 10
18368.0 5164.0 24.0 88.0 !
18395.0 5164.0 28.0 92.0 !
18708.0 5176.0 200.0 88.0 pas

16116.0 5324.0 492.0 100.0 sengers.
16804.0 5300.0 104.0 104.0 A
17156.0 5300.0 356.0 124.0 heavy
17715.0 5296.0 248.0 108.0 rain
18195.0 5300.0 220.0 104.0 had
18592.0 5292.0 348.0 108.0 fallen

16119.0 5436.0 144.0 108.0 all
16572.0 5440.0 224.0 112.0 day
17104.0 5440.0 228.0 104.0 and
17639.0 5444.0 188.0 100.0 the
18107.0 5440.0 328.0 104.0 cieek
18715.0 5464.0 232.0 80.0 was

16163.0 5584.0 280.0 104.0 nuch
16496.0 5584.0 460.0 104.0 fl\\ollcn
17128.0 5588.0 156.0 100.0 At
17336.0 5580.0 584.0 108.0 llemutite
17927.0 5656.0 24.0 48.0 ,
18000.0 5580.0 188.0 108.0 the
18240.0 5580.0 236.0 104.0 first
18520.0 5580.0 420.0 104.0 station

16176.0 5700.0 172.0 100.0 his
16395.0 5696.0 236.0 108.0 side
16680.0 5704.0 120.0 96.0 of
16888.0 5704.0 188.0 96.0 the
17119.0 5700.0 384.0 104.0 tiostle
17512.0 5776.0 24.0 36.0 ,
17592.0 5704.0 188.0 100.0 the
17824.0 5700.0 548.0 120.0 "tiglnccr
18415.0 5700.0 508.0 100.0 received

16156.0 5816.0 352.0 100.0 irder.s
16555.0 5824.0 112.0 92.0 to
16715.0 5840.0 204.0 80.0 run
16976.0 5820.0 628.0 120.0 cautiously
17612.0 5888.0 24.0 48.0 ,
17680.0 5840.0 124.0 76.0 as
17848.0 5820.0 188.0 96.0 the
18084.0 5816.0 244.0 100.0 rain
18388.0 5816.0 216.0 100.0 had
18663.0 5820.0 276.0 96.0 been

16163.0 5956.0 316.0 96.0 ievvy
16564.0 5931.0 228.0 104.0 and
16888.0 5940.0 188.0 92.0 the
17160.0 5931.0 324.0 104.0 creek
17540.0 5956.0 228.0 76.0 was
17856.0 5940.0 196.0 96.0 out
18116.0 5936.0 128.0 92.0 of
18308.0 5931.0 144.0 100.0 its
18520.0 5931.0 364.0 100.0 banks
18907.0 5999.0 24.0 32.0 ,

16172.0 6048.0 524.0 116.0 engineer
16788.0 6044.0 324.0 104.0 Kellv
17203.0 6072.0 260.0 80.0 sa\s
17552.0 6048.0 140.0 104.0 ho
17779.0 6072.0 196.0 76.0 ran
18032.0 6048.0 400.0 124.0 slowly
18496.0 6044.0 444.0 124.0 beyond

16180.0 6164.0 180.0 100.0 hat
16456.0 6164.0 312.0 124.0 point
16784.0 6236.0 24.0 48.0 ,
16900.0 6172.0 224.0 96.0 and
17215.0 6164.0 260.0 100.0 both
17567.0 6168.0 140.0 96.0 ho
17811.0 6164.0 228.0 104.0 and
18151.0 6160.0 176.0 104.0 his
18432.0 6164.0 428.0 100.0 lliemut
18868.0 6192.0 24.0 68.0 )
18912.0 6232.0 24.0 52.0 ,

16131.0 6271.0 488.0 108.0 William
16676.0 6280.0 360.0 100.0 Hatch
17052.0 6348.0 24.0 44.0 ,
17131.0 6280.0 508.0 100.0 watched
17708.0 6280.0 188.0 104.0 the
17948.0 6280.0 308.0 104.0 tiack
18316.0 6304.0 264.0 96.0 very
18631.0 6304.0 316.0 76.0 c.iro-

16128.0 6396.0 320.0 108.0 lully.
16580.0 6400.0 168.0 96.0 As
16836.0 6400.0 136.0 96.0 ho
17055.0 6396.0 700.0 120.0 approached
17868.0 6396.0 188.0 100.0 the
18148.0 6396.0 392.0 100.0 trestle
18607.0 6392.0 336.0 124.0 Kelly

16172.0 6512.0 496.0 104.0 ibserved
16720.0 6508.0 240.0 104.0 that
17035.0 6512.0 184.0 96.0 the
17272.0 6512.0 304.0 100.0 trnek
17631.0 6504.0 764.0 124.0 waseiitliely
18464.0 6516.0 484.0 116.0 straight

16128.0 6624.0 224.0 100.0 ind
16439.0 6624.0 276.0 104.0 level
16735.0 6696.0 24.0 44.0 ,
16852.0 6624.0 520.0 120.0 shoeing
17464.0 6628.0 480.0 104.0 nothlim
18000.0 6648.0 392.0 96.0 wrong
18400.0 6696.0 24.0 44.0 ,
18511.0 6624.0 228.0 104.0 and
18808.0 6628.0 140.0 96.0 ho

16131.0 6739.0 1024.0 104.0 \\eiitonwlthout
17240.0 6748.0 156.0 92.0 tin
17392.0 6764.0 36.0 76.0 )
17471.0 6739.0 524.0 108.0 slightest
18072.0 6743.0 240.0 96.0 fe.ir
18356.0 6764.0 128.0 72.0 or
18548.0 6736.0 404.0 104.0 heslta-

16188.0 6856.0 216.0 104.0 Ion.
16552.0 6856.0 216.0 100.0 Hut
16852.0 6856.0 328.0 104.0 when
17279.0 6856.0 176.0 100.0 tils
17540.0 6856.0 420.0 104.0 cnirino
18067.0 6852.0 468.0 104.0 icachcd
18607.0 6856.0 340.0 100.0 about

16128.0 6976.0 192.0 100.0 the
16407.0 6972.0 420.0 104.0 middle
16912.0 6976.0 108.0 96.0 ot
17119.0 6972.0 188.0 104.0 the
17375.0 6968.0 380.0 104.0 trestle
17848.0 6972.0 140.0 100.0 he
18040.0 6972.0 208.0 100.0 felt
18328.0 6968.0 192.0 104.0 the
18584.0 6972.0 368.0 100.0 whole

16128.0 7096.0 552.0 96.0 structure
16784.0 7084.0 476.0 108.0 slnklnc
17372.0 7084.0 480.0 108.0 beneath
17944.0 7084.0 264.0 104.0 him.
18348.0 7084.0 136.0 104.0 In
18555.0 7108.0 148.0 80.0 an
18779.0 7088.0 116.0 100.0 In-

16131.0 7211.0 304.0 96.0 stant
16528.0 7208.0 136.0 100.0 ho
16744.0 7204.0 440.0 112.0 opened
17272.0 7204.0 188.0 100.0 the
17552.0 7204.0 324.0 100.0 valve
17979.0 7200.0 592.0 120.0 operating
18639.0 7204.0 304.0 100.0 their

16160.0 7324.0 372.0 100.0 jrakcs
16636.0 7324.0 212.0 100.0 full
16952.0 7320.0 356.0 104.0 width
17416.0 7320.0 228.0 100.0 and
17752.0 7320.0 488.0 104.0 broutrht
18340.0 7320.0 196.0 104.0 tlio
18644.0 7316.0 296.0 104.0 train

16131.0 7444.0 112.0 96.0 to
16404.0 7464.0 128.0 76.0 so
16692.0 7436.0 336.0 124.0 quick
17195.0 7464.0 68.0 76.0 a
17424.0 7444.0 252.0 116.0 stop
17860.0 7436.0 244.0 104.0 that
18267.0 7436.0 192.0 104.0 the
18628.0 7440.0 312.0 100.0 front

16128.0 7551.0 224.0 104.0 end
16471.0 7556.0 124.0 100.0 of
16756.0 7556.0 192.0 100.0 the
17108.0 7580.0 244.0 76.0 cats
17516.0 7576.0 292.0 80.0 were
17927.0 7547.0 480.0 108.0 entshed
18540.0 7547.0 116.0 104.0 In
18788.0 7556.0 144.0 112.0 by

16160.0 7672.0 156.0 100.0 .he
16384.0 7668.0 432.0 104.0 sudden
16888.0 7668.0 384.0 108.0 shock.
17400.0 7668.0 284.0 104.0 This
17747.0 7672.0 344.0 100.0 saved
18183.0 7668.0 188.0 104.0 the
18436.0 7668.0 464.0 104.0 coaches
18907.0 7740.0 28.0 48.0 ,

16128.0 7788.0 200.0 100.0 but
16372.0 7788.0 188.0 100.0 the
16604.0 7788.0 492.0 120.0 baggage
17104.0 7860.0 28.0 28.0 ,
17183.0 7784.0 260.0 104.0 mall
17456.0 7856.0 24.0 52.0 ,
17535.0 7812.0 460.0 84.0 express
18072.0 7784.0 232.0 104.0 and
18400.0 7788.0 540.0 116.0 smoking

16128.0 7928.0 244.0 76.0 cars
16420.0 7912.0 308.0 96.0 wont
16776.0 7892.0 240.0 116.0 Into
17052.0 7892.0 184.0 112.0 the
17291.0 7900.0 396.0 124.0 raising
17735.0 7908.0 432.0 96.0 torrent
18256.0 7908.0 360.0 96.0 below
18628.0 7976.0 24.0 40.0 ,
18712.0 7928.0 184.0 76.0 car-

16131.0 8019.0 332.0 120.0 rying
16512.0 8019.0 272.0 100.0 with
16828.0 8023.0 300.0 100.0 them
17180.0 8019.0 144.0 100.0 all
17375.0 8019.0 188.0 100.0 the
17616.0 8044.0 248.0 76.0 men
17959.0 8044.0 144.0 76.0 on
18208.0 8016.0 380.0 108.0 board.
18724.0 8019.0 220.0 100.0 Kn-

16131.0 8144.0 384.0 104.0 glnecr
16567.0 8132.0 324.0 120.0 Kelly
16936.0 8136.0 228.0 100.0 and
17215.0 8136.0 520.0 104.0 Fireman
17796.0 8132.0 368.0 104.0 Hatch
18232.0 8144.0 308.0 96.0 went
18587.0 8132.0 336.0 108.0 down

16131.0 8248.0 268.0 100.0 with
16452.0 8248.0 184.0 100.0 the
16680.0 8252.0 420.0 116.0 engine
17144.0 8252.0 228.0 100.0 and
17424.0 8276.0 288.0 76.0 were
17752.0 8252.0 668.0 120.0 submerged
18520.0 8256.0 120.0 96.0 in
18747.0 8252.0 192.0 104.0 the

16176.0 8364.0 280.0 100.0 lood.
16592.0 8364.0 324.0 120.0 Kelly
16927.0 8436.0 24.0 48.0 ,
17012.0 8368.0 112.0 100.0 in
17176.0 8368.0 176.0 100.0 his
17400.0 8368.0 500.0 112.0 struggle
17952.0 8376.0 112.0 92.0 to
18151.0 8376.0 236.0 96.0 tree
18436.0 8364.0 464.0 104.0 himself
18907.0 8440.0 24.0 40.0 ,

16163.0 8480.0 332.0 100.0 'ound
16532.0 8480.0 252.0 104.0 that
16816.0 8508.0 228.0 72.0 ono
17080.0 8484.0 132.0 96.0 of
17252.0 8480.0 180.0 100.0 his
17476.0 8487.0 236.0 96.0 feet
17752.0 8508.0 236.0 76.0 was
18052.0 8480.0 268.0 104.0 held
18400.0 8484.0 232.0 100.0 fast
18639.0 8555.0 32.0 28.0 ,
18740.0 8484.0 204.0 100.0 but

16131.0 8600.0 116.0 96.0 at
16291.0 8600.0 188.0 96.0 the
16523.0 8620.0 308.0 80.0 same
16880.0 8600.0 444.0 96.0 instant
17331.0 8672.0 24.0 44.0 ,
17407.0 8600.0 224.0 96.0 and
17680.0 8596.0 240.0 124.0 just
18016.0 8623.0 124.0 76.0 as
18227.0 8600.0 136.0 100.0 ho
18456.0 8580.0 480.0 124.0 realized

16163.0 8740.0 12.0 72.0 :
16188.0 8712.0 188.0 100.0 lmt
16424.0 8716.0 136.0 96.0 ho
16608.0 8720.0 300.0 96.0 must
16948.0 8716.0 388.0 104.0 drown
17356.0 8784.0 24.0 48.0 ,
17432.0 8716.0 192.0 96.0 the
17695.0 8712.0 428.0 116.0 engine
18171.0 8716.0 412.0 100.0 turned
18631.0 8740.0 272.0 76.0 over
18907.0 8784.0 24.0 48.0 ,

16168.0 8827.0 140.0 100.0 ils
16360.0 8827.0 244.0 104.0 foot
16672.0 8856.0 228.0 80.0 was
16988.0 8827.0 496.0 104.0 released
17575.0 8827.0 228.0 104.0 and
17900.0 8827.0 136.0 104.0 ho
18139.0 8852.0 316.0 80.0 came
18567.0 8836.0 112.0 96.0 to
18752.0 8831.0 192.0 100.0 the

16131.0 8948.0 472.0 104.0 surface.
16796.0 8944.0 460.0 124.0 Scl/lug
17480.0 8972.0 64.0 76.0 a
17727.0 8948.0 468.0 120.0 passing
18203.0 9016.0 24.0 52.0 ,
18420.0 8944.0 188.0 124.0 log
18796.0 8948.0 140.0 100.0 he

16131.0 9060.0 344.0 120.0 clung
16592.0 9072.0 116.0 92.0 to
16831.0 9064.0 88.0 100.0 It
17040.0 9060.0 708.0 124.0 desperately
17872.0 9060.0 224.0 104.0 and
18232.0 9084.0 232.0 80.0 was
18572.0 9068.0 372.0 116.0 swept

16163.0 9180.0 304.0 100.0 lown
16596.0 9176.0 188.0 104.0 the
16907.0 9184.0 436.0 96.0 torrent
17520.0 9176.0 232.0 104.0 and
17916.0 9176.0 408.0 108.0 lodged
18479.0 9176.0 456.0 124.0 against

16156.0 9320.0 36.0 76.0 \
16308.0 9299.0 232.0 92.0 tico
16648.0 9295.0 172.0 96.0 1W
16924.0 9292.0 332.0 120.0 yards
17404.0 9288.0 396.0 108.0 below.
18003.0 9292.0 312.0 108.0 With
18456.0 9295.0 492.0 116.0 scarcely

16131.0 9408.0 512.0 120.0 strength
16692.0 9412.0 448.0 116.0 enough
17188.0 9420.0 116.0 92.0 to
17352.0 9435.0 324.0 76.0 move
17680.0 9484.0 24.0 40.0 ,
17759.0 9412.0 136.0 100.0 he
17944.0 9408.0 452.0 124.0 clasped
18427.0 9408.0 176.0 104.0 Ills
18648.0 9435.0 300.0 76.0 arms

16131.0 9528.0 432.0 100.0 around
16616.0 9536.0 188.0 88.0 tlio
16852.0 9528.0 272.0 100.0 limb
17168.0 9528.0 124.0 96.0 of
17336.0 9528.0 192.0 100.0 the
17572.0 9540.0 232.0 88.0 tiec
17808.0 9600.0 28.0 44.0 ,
17952.0 9528.0 448.0 100.0 became
18508.0 9548.0 372.0 80.0 uncon-

16131.0 9648.0 368.0 92.0 scious
16508.0 9707.0 24.0 32.0 ,
16592.0 9639.0 228.0 104.0 and
16880.0 9668.0 228.0 76.0 was
17171.0 9648.0 208.0 96.0 not
17480.0 9639.0 500.0 104.0 restoied
18084.0 9643.0 296.0 96.0 until
18491.0 9643.0 228.0 96.0 t\\o
18824.0 9664.0 128.0 76.0 or

16163.0 9760.0 280.0 96.0 .luce
16491.0 9756.0 332.0 100.0 hours
16872.0 9760.0 292.0 96.0 alter
17200.0 9756.0 136.0 100.0 ho
17384.0 9756.0 216.0 100.0 had
17656.0 9760.0 272.0 124.0 bcyi
17984.0 9756.0 344.0 100.0 taken
18420.0 9756.0 288.0 100.0 from
18759.0 9756.0 192.0 100.0 the

16183.0 9896.0 272.0 76.0 rccc.
16516.0 9872.0 324.0 100.0 when
16895.0 9876.0 136.0 96.0 he
17080.0 9872.0 360.0 100.0 found
17528.0 9868.0 460.0 108.0 himself
18099.0 9868.0 408.0 120.0 kindly
18616.0 9872.0 328.0 100.0 cared

16168.0 9992.0 212.0 96.0 'oor
16427.0 9971.0 116.0 116.0 in
16596.0 10016.0 64.0 72.0 a
16712.0 9996.0 348.0 92.0 house
17108.0 9988.0 116.0 100.0 In
17288.0 9988.0 532.0 104.0 Victoria.
17996.0 9984.0 216.0 104.0 Ills
18320.0 9988.0 284.0 100.0 head
18712.0 9988.0 232.0 104.0 and

16163.0 10103.0 220.0 104.0 jice
16432.0 10132.0 224.0 76.0 was
16704.0 10103.0 504.0 120.0 severely
17256.0 10107.0 184.0 100.0 cut
17448.0 10175.0 24.0 44.0 ,
17592.0 10111.0 228.0 96.0 two
17927.0 10111.0 112.0 92.0 ot
18160.0 10103.0 176.0 100.0 his
18436.0 10115.0 244.0 92.0 toes
18759.0 10107.0 196.0 100.0 cut

16163.0 10224.0 256.0 96.0 'rom
16468.0 10243.0 216.0 76.0 one
16732.0 10224.0 120.0 96.0 of
16895.0 10220.0 180.0 100.0 his
17124.0 10228.0 220.0 96.0 teot
17356.0 10296.0 20.0 40.0 ,
17432.0 10224.0 228.0 100.0 and
17708.0 10220.0 140.0 100.0 ho
17895.0 10220.0 96.0 104.0 Is
18055.0 10216.0 336.0 120.0 badly
18500.0 10216.0 448.0 104.0 bruised

16183.0 10360.0 64.0 76.0 n
16304.0 10340.0 448.0 96.0 vailous
16796.0 10344.0 308.0 112.0 parts
17148.0 10340.0 120.0 96.0 of
17320.0 10336.0 172.0 100.0 his
17543.0 10336.0 324.0 108.0 body.
17944.0 10332.0 176.0 104.0 He
18171.0 10336.0 228.0 104.0 will
18452.0 10364.0 484.0 76.0 recover.

16140.0 10451.0 508.0 104.0 Fireman
16708.0 10451.0 364.0 104.0 Hatch
17124.0 10476.0 228.0 80.0 was
17395.0 10456.0 432.0 100.0 carried
17880.0 10451.0 340.0 100.0 about
18299.0 10460.0 184.0 92.0 500
18599.0 10468.0 340.0 104.0 yards

16168.0 10568.0 292.0 100.0 lown
16516.0 10575.0 400.0 96.0 stieam
16936.0 10640.0 24.0 44.0 ,
17016.0 10568.0 416.0 116.0 lodglm
17432.0 10596.0 44.0 80.0 :
17523.0 10572.0 112.0 96.0 In
17692.0 10596.0 68.0 76.0 a
17816.0 10596.0 292.0 72.0 mass
18156.0 10568.0 124.0 100.0 of
18383.0 10568.0 336.0 104.0 brush
18819.0 10596.0 128.0 72.0 or

16168.0 10684.0 240.0 100.0 Irlft
16416.0 10760.0 24.0 36.0 ,
16491.0 10684.0 228.0 100.0 and
16772.0 10711.0 228.0 76.0 was
17048.0 10684.0 452.0 104.0 rescued
17567.0 10711.0 272.0 72.0 soon
17956.0 10692.0 296.0 96.0 alter
18356.0 10688.0 192.0 100.0 the
18651.0 10688.0 288.0 100.0 flood

16128.0 10800.0 560.0 104.0 subsided.
16823.0 10800.0 176.0 104.0 He
17048.0 10800.0 92.0 100.0 is
17183.0 10828.0 68.0 72.0 a
17291.0 10800.0 288.0 120.0 good
17628.0 10800.0 256.0 100.0 deal
17932.0 10800.0 452.0 100.0 bruised
18400.0 10868.0 28.0 48.0 ,
18484.0 10804.0 200.0 100.0 but
18732.0 10808.0 208.0 92.0 not

16128.0 10915.0 544.0 120.0 seilously
16712.0 10915.0 288.0 100.0 hurt.
17128.0 10915.0 244.0 100.0 The
17480.0 10915.0 360.0 112.0 postal
17948.0 10940.0 192.0 80.0 ear
18244.0 10944.0 236.0 72.0 was
18584.0 10923.0 360.0 100.0 swept

16131.0 11055.0 320.0 96.0 away
16516.0 11055.0 304.0 76.0 some
16863.0 11032.0 512.0 104.0 distance
17380.0 11104.0 24.0 48.0 ,
17520.0 11032.0 228.0 100.0 and
17852.0 11055.0 124.0 76.0 as
18087.0 11036.0 344.0 96.0 water
18532.0 11032.0 412.0 104.0 rushed

16183.0 11144.0 428.0 104.0 hrouch
16660.0 11148.0 92.0 100.0 It
16796.0 11152.0 288.0 96.0 from
17131.0 11148.0 224.0 100.0 cud
17452.0 11152.0 116.0 92.0 to
17671.0 11148.0 216.0 100.0 end
17904.0 11216.0 24.0 48.0 ,
18040.0 11148.0 188.0 100.0 tne
18336.0 11148.0 268.0 100.0 mall
18712.0 11172.0 232.0 76.0 was

16183.0 11259.0 436.0 120.0 Iterally
16668.0 11263.0 448.0 100.0 washed
17168.0 11268.0 196.0 92.0 out
17456.0 11259.0 232.0 104.0 and
17816.0 11259.0 96.0 100.0 Is
18023.0 11284.0 256.0 76.0 now
18388.0 11263.0 556.0 100.0 scattered

16128.0 11400.0 268.0 80.0 over
16459.0 11376.0 316.0 100.0 miles
16823.0 11383.0 120.0 92.0 of
16988.0 11376.0 520.0 116.0 territory
17567.0 11404.0 128.0 72.0 or
17799.0 11372.0 620.0 108.0 embedded
18532.0 11380.0 116.0 96.0 In
18759.0 11380.0 192.0 100.0 the

16140.0 11496.0 264.0 100.0 mud
16452.0 11496.0 124.0 96.0 of
16624.0 11492.0 192.0 100.0 the
16856.0 11492.0 364.0 108.0 creek.
17296.0 11492.0 112.0 100.0 It
17456.0 11500.0 92.0 92.0 Is
17596.0 11492.0 536.0 112.0 regarded
18183.0 11516.0 120.0 76.0 as
18348.0 11516.0 144.0 76.0 an
18548.0 11492.0 408.0 104.0 almost

16136.0 11612.0 272.0 100.0 totnl
16459.0 11612.0 220.0 100.0 loss
16692.0 11680.0 24.0 48.0 ,
16772.0 11608.0 188.0 104.0 the
17008.0 11608.0 532.0 100.0 wholoof
17651.0 11608.0 88.0 100.0 It
17848.0 11608.0 336.0 116.0 being
18272.0 11608.0 676.0 124.0 completely

16131.0 11723.0 420.0 104.0 soaked
16644.0 11727.0 224.0 100.0 and
16980.0 11723.0 188.0 100.0 the
17316.0 11723.0 584.0 104.0 addresses
18023.0 11731.0 120.0 88.0 ot
18276.0 11723.0 188.0 100.0 the
18567.0 11723.0 384.0 100.0 letters

16172.0 11867.0 24.0 68.0 )
16204.0 11840.0 576.0 104.0 biterated.
17008.0 11840.0 388.0 100.0 Postal
17444.0 11840.0 392.0 100.0 Clerks
17884.0 11836.0 652.0 116.0 McCullogh
18552.0 11912.0 24.0 48.0 ,
18628.0 11840.0 276.0 100.0 Shaf

16144.0 11960.0 168.0 96.0 fer
16355.0 11960.0 224.0 100.0 and
16636.0 11956.0 320.0 120.0 Hyan
17008.0 11984.0 288.0 76.0 were
17343.0 11956.0 336.0 120.0 badly
17732.0 11956.0 440.0 100.0 bruised
18224.0 11956.0 224.0 100.0 and
18540.0 11952.0 412.0 104.0 almost

16168.0 12071.0 500.0 104.0 liowned
16680.0 12144.0 28.0 52.0 ,
16759.0 12071.0 224.0 100.0 and
17035.0 12071.0 340.0 120.0 being
17420.0 12071.0 500.0 140.0 stripped
18016.0 12071.0 180.0 96.0 for
18279.0 12067.0 308.0 104.0 work
18604.0 12139.0 24.0 52.0 ,
18683.0 12071.0 264.0 116.0 they

16136.0 12188.0 216.0 100.0 lost
16395.0 12188.0 144.0 104.0 all
16592.0 12191.0 288.0 96.0 their
16924.0 12188.0 428.0 104.0 clothes
17360.0 12259.0 24.0 48.0 ,
17436.0 12188.0 292.0 100.0 their
17811.0 12184.0 260.0 128.0 gold
18163.0 12188.0 492.0 104.0 watches
18715.0 12188.0 228.0 100.0 and

16136.0 12308.0 340.0 100.0 about
16580.0 12308.0 152.0 104.0 Si
16740.0 12348.0 32.0 52.0 >
16772.0 12312.0 64.0 88.0 0
16920.0 12308.0 116.0 96.0 In
17144.0 12331.0 404.0 92.0 money
17555.0 12376.0 28.0 32.0 ,
17639.0 12292.0 364.0 116.0 which
18116.0 12327.0 292.0 76.0 were
18516.0 12304.0 428.0 104.0 carried

16136.0 12448.0 320.0 96.0 away
16500.0 12420.0 144.0 120.0 by
16727.0 12424.0 192.0 100.0 the
17008.0 12420.0 324.0 104.0 Hood.
17523.0 12420.0 244.0 100.0 The
17852.0 12416.0 452.0 104.0 smoker
18311.0 12492.0 24.0 44.0 ,
18392.0 12420.0 364.0 104.0 which
18851.0 12420.0 96.0 100.0 is

16136.0 12535.0 244.0 100.0 said
16420.0 12543.0 116.0 96.0 to
16576.0 12535.0 288.0 104.0 have
16907.0 12535.0 604.0 104.0 contained
17560.0 12564.0 308.0 76.0 some
17948.0 12539.0 436.0 104.0 twenty
18436.0 12560.0 468.0 92.0 persons
18915.0 12607.0 28.0 44.0 ,

16140.0 12679.0 228.0 76.0 was
16452.0 12660.0 360.0 112.0 swept
16895.0 12656.0 340.0 100.0 down
17348.0 12656.0 340.0 96.0 about
17772.0 12656.0 180.0 92.0 300
18023.0 12652.0 232.0 100.0 feet
18343.0 12652.0 352.0 100.0 Dolow
18759.0 12652.0 192.0 100.0 the

16163.0 12792.0 12.0 80.0 :
16192.0 12772.0 328.0 100.0 restlc
16528.0 12844.0 24.0 44.0 ,
16604.0 12768.0 228.0 104.0 and
16875.0 12768.0 148.0 104.0 all
17072.0 12772.0 124.0 96.0 of
17247.0 12768.0 1008.0 104.0 itsoccunantsara
18304.0 12764.0 648.0 108.0 belic\edtb

16148.0 12892.0 280.0 96.0 have
16471.0 12888.0 280.0 100.0 been
16804.0 12884.0 376.0 104.0 saved.
17316.0 12884.0 316.0 120.0 They
17680.0 12879.0 604.0 108.0 succeeded
18336.0 12884.0 112.0 100.0 in
18503.0 12888.0 448.0 116.0 getting

16140.0 13003.0 448.0 100.0 outside
16631.0 13003.0 124.0 100.0 of
16828.0 13003.0 192.0 100.0 the
17092.0 13024.0 188.0 80.0 car
17323.0 12999.0 228.0 104.0 and
17596.0 12999.0 344.0 124.0 clung
18020.0 13003.0 116.0 96.0 to
18224.0 13003.0 148.0 96.0 Its
18415.0 13007.0 192.0 116.0 top
18656.0 12988.0 292.0 116.0 until

16144.0 13120.0 264.0 120.0 they
16496.0 13143.0 292.0 76.0 were
16875.0 13116.0 492.0 104.0 rescued.
17540.0 13116.0 368.0 100.0 There
18016.0 13116.0 96.0 100.0 is
18192.0 13143.0 312.0 76.0 some
18604.0 13116.0 348.0 104.0 doubt

16136.0 13236.0 340.0 104.0 about
16520.0 13240.0 192.0 96.0 the
16796.0 13232.0 764.0 124.0 baggageman
17612.0 13236.0 232.0 100.0 and
17888.0 13260.0 472.0 96.0 express
18444.0 13260.0 452.0 76.0 messen-

16136.0 13376.0 196.0 88.0 ger
16375.0 13351.0 336.0 116.0 being
16756.0 13360.0 332.0 92.0 saved
17104.0 13424.0 24.0 40.0 ,
17183.0 13332.0 196.0 120.0 but
17420.0 13380.0 68.0 72.0 u
17535.0 13347.0 280.0 104.0 later
17856.0 13351.0 516.0 116.0 dispatch
18427.0 13351.0 284.0 100.0 from
18752.0 13360.0 192.0 92.0 tlio

16140.0 13467.0 368.0 104.0 wicck
16560.0 13492.0 260.0 92.0 says
16907.0 13467.0 240.0 100.0 that
17200.0 13492.0 296.0 76.0 none
17540.0 13467.0 124.0 96.0 of
17747.0 13467.0 188.0 96.0 the
18023.0 13467.0 568.0 100.0 trainmen
18648.0 13492.0 292.0 76.0 weio

16183.0 13588.0 168.0 96.0 oit
16343.0 13652.0 44.0 28.0 ,
16516.0 13584.0 244.0 100.0 The
16843.0 13607.0 332.0 76.0 c.uiso
17220.0 13584.0 124.0 96.0 of
17424.0 13580.0 192.0 104.0 tlio
17680.0 13580.0 912.0 120.0 unprecedented
18644.0 13584.0 292.0 100.0 flood-

16163.0 13776.0 8.0 20.0 ,
16183.0 13724.0 48.0 76.0 s
16284.0 13696.0 500.0 104.0 believed
16831.0 13704.0 116.0 92.0 to
17035.0 13700.0 284.0 100.0 have
17360.0 13700.0 280.0 96.0 been
17692.0 13728.0 68.0 72.0 a
17799.0 13696.0 712.0 104.0 cloud-burst
18560.0 13700.0 380.0 100.0 which

16140.0 13815.0 268.0 100.0 took
16484.0 13815.0 312.0 120.0 place
16843.0 13815.0 220.0 104.0 late
17116.0 13815.0 116.0 96.0 in
17323.0 13811.0 188.0 100.0 tlio
17560.0 13811.0 492.0 120.0 evening
18116.0 13811.0 228.0 100.0 and
18400.0 13811.0 300.0 104.0 filled
18747.0 13815.0 192.0 96.0 tlio

16140.0 13928.0 320.0 100.0 cicek
16476.0 14000.0 24.0 36.0 ,
16552.0 13928.0 368.0 104.0 which
17003.0 13951.0 276.0 76.0 runs
17320.0 13928.0 512.0 100.0 bctsvden
17924.0 13928.0 424.0 116.0 rugged
18436.0 13928.0 268.0 100.0 hills
18756.0 13932.0 184.0 96.0 tor

16144.0 14044.0 324.0 96.0 miles
16476.0 14116.0 28.0 40.0 ,
16552.0 14064.0 128.0 80.0 so
16727.0 14040.0 204.0 100.0 full
16988.0 14044.0 248.0 96.0 that
17279.0 14044.0 88.0 100.0 it
17407.0 14040.0 452.0 104.0 became
17904.0 14068.0 68.0 76.0 a
18011.0 14044.0 404.0 116.0 railing
18464.0 14048.0 432.0 96.0 torrent
18907.0 14116.0 24.0 44.0 ,

16148.0 14155.0 276.0 108.0 with
16471.0 14184.0 68.0 72.0 a
16580.0 14159.0 460.0 100.0 current
17080.0 14155.0 128.0 100.0 of
17252.0 14180.0 272.0 80.0 over
17567.0 14155.0 436.0 120.0 twenty
18052.0 14155.0 320.0 104.0 miles
18415.0 14180.0 148.0 80.0 an
18616.0 14159.0 288.0 100.0 hour
18904.0 14227.0 36.0 48.0 ,

16140.0 14275.0 236.0 116.0 and
16420.0 14279.0 360.0 132.0 swept
16820.0 14268.0 672.0 124.0 everything
17532.0 14268.0 384.0 108.0 before
17964.0 14272.0 116.0 104.0 it.

16259.0 14388.0 112.0 96.0 A
16468.0 14372.0 216.0 116.0 full
16767.0 14384.0 196.0 104.0 list
17003.0 14392.0 124.0 96.0 of
17203.0 14388.0 192.0 100.0 the
17436.0 14388.0 604.0 100.0 casualties
18080.0 14392.0 432.0 96.0 cannot
18552.0 14384.0 136.0 104.0 be
18779.0 14384.0 144.0 104.0 ob-

16144.0 14499.0 380.0 100.0 tained
16535.0 14572.0 24.0 44.0 ,
16683.0 14499.0 200.0 100.0 but
16984.0 14499.0 316.0 100.0 aside
17384.0 14499.0 300.0 100.0 from
17811.0 14499.0 392.0 120.0 Henry
18296.0 14499.0 376.0 120.0 Byron
18688.0 14572.0 28.0 44.0 ,
18831.0 14499.0 132.0 100.0 of

16168.0 14611.0 672.0 108.0 lamcstown
16856.0 14683.0 28.0 44.0 ,
16976.0 14608.0 140.0 112.0 N.
17171.0 14611.0 128.0 104.0 V.
17316.0 14687.0 24.0 36.0 ,
17424.0 14615.0 260.0 104.0 who
17732.0 14640.0 228.0 76.0 was
18011.0 14615.0 360.0 104.0 found
18415.0 14611.0 536.0 108.0 drowned

16192.0 14751.0 68.0 80.0 n
16311.0 14732.0 192.0 100.0 the
16552.0 14732.0 452.0 104.0 smoker
17003.0 14800.0 28.0 52.0 ,
17084.0 14728.0 228.0 104.0 and
17368.0 14728.0 468.0 124.0 Byrnes
17888.0 14755.0 64.0 76.0 a
17996.0 14728.0 608.0 104.0 biakoman
18619.0 14804.0 24.0 48.0 ,
18700.0 14732.0 256.0 100.0 who

16183.0 14844.0 176.0 104.0 md
16456.0 14848.0 192.0 100.0 his
16735.0 14848.0 240.0 100.0 foot
17064.0 14844.0 620.0 104.0 dislocated
17695.0 14920.0 24.0 44.0 ,
17776.0 14872.0 152.0 76.0 no
18008.0 14868.0 216.0 80.0 one
18288.0 14844.0 324.0 104.0 other
18671.0 14848.0 280.0 100.0 than

16148.0 14959.0 324.0 104.0 those
16580.0 14959.0 664.0 104.0 mentioned
17352.0 14963.0 352.0 100.0 above
17816.0 14988.0 292.0 76.0 were
18215.0 14963.0 116.0 100.0 In
18424.0 14988.0 528.0 96.0 anyway

16148.0 15080.0 548.0 116.0 seriously
16744.0 15080.0 492.0 120.0 injured.
17363.0 15076.0 432.0 124.0 Ncaily
17875.0 15080.0 504.0 100.0 one-half
18424.0 15083.0 124.0 96.0 of
18636.0 15080.0 320.0 100.0 those

16192.0 15219.0 68.0 76.0 n
16375.0 15196.0 192.0 100.0 the
16676.0 15196.0 444.0 100.0 smoker
17220.0 15192.0 220.0 104.0 lost
17548.0 15200.0 292.0 96.0 most
17924.0 15200.0 124.0 96.0 of
18151.0 15196.0 296.0 104.0 their
18528.0 15196.0 432.0 104.0 clothes

16192.0 15336.0 64.0 76.0 n
16516.0 15312.0 348.0 108.0 being
17087.0 15312.0 252.0 100.0 torn
17532.0 15312.0 292.0 100.0 from
18008.0 15312.0 296.0 100.0 their
18484.0 15336.0 476.0 88.0 persons

16136.0 15423.0 360.0 104.0 either
16599.0 15431.0 116.0 96.0 In
16767.0 15423.0 444.0 124.0 getting
17256.0 15427.0 192.0 100.0 out
17500.0 15427.0 124.0 100.0 of
17727.0 15431.0 192.0 96.0 the
18011.0 15452.0 188.0 76.0 car
18284.0 15452.0 128.0 76.0 or
18528.0 15427.0 144.0 120.0 by
18767.0 15427.0 196.0 104.0 the

16140.0 15544.0 472.0 120.0 rushing
16715.0 15548.0 352.0 96.0 water
17192.0 15544.0 488.0 116.0 through
17772.0 15540.0 364.0 108.0 which
18288.0 15544.0 272.0 120.0 they
18651.0 15567.0 296.0 80.0 were

16172.0 15660.0 456.0 116.0 Iragged
16676.0 15660.0 396.0 100.0 ashore
17116.0 15656.0 144.0 124.0 by
17360.0 15684.0 368.0 100.0 ropes.
17868.0 15664.0 108.0 100.0 A
18084.0 15660.0 428.0 104.0 farmer
18552.0 15660.0 412.0 104.0 named

16144.0 15775.0 504.0 104.0 Andrew
16695.0 15771.0 376.0 108.0 White
17076.0 15843.0 28.0 48.0 ,
17156.0 15775.0 124.0 100.0 of
17372.0 15771.0 496.0 124.0 Uailey's
17956.0 15771.0 444.0 108.0 Station
18415.0 15847.0 28.0 52.0 ,
18496.0 15775.0 196.0 104.0 did
18784.0 15779.0 140.0 100.0 he-

16148.0 15895.0 228.0 96.0 roic
16424.0 15888.0 308.0 108.0 work
16779.0 15891.0 116.0 100.0 in
16956.0 15891.0 408.0 108.0 saving
17404.0 15895.0 192.0 96.0 tlio
17639.0 15911.0 668.0 104.0 passengers
18316.0 15967.0 24.0 40.0 ,
18459.0 15888.0 140.0 108.0 he
18703.0 15891.0 224.0 104.0 hav-

16160.0 16012.0 204.0 108.0 ing
16407.0 16031.0 348.0 80.0 swam
16804.0 16008.0 432.0 104.0 several
17279.0 15996.0 332.0 112.0 times
17680.0 16020.0 116.0 88.0 to
17900.0 16012.0 192.0 96.0 the
18200.0 16008.0 452.0 104.0 smoker
18735.0 16008.0 232.0 104.0 and

16140.0 16124.0 268.0 104.0 each
16452.0 16132.0 276.0 96.0 time
16772.0 16128.0 532.0 96.0 returned
17352.0 16124.0 276.0 104.0 with
17676.0 16148.0 220.0 76.0 ono
17944.0 16128.0 124.0 96.0 of
18151.0 16128.0 196.0 100.0 the
18436.0 16132.0 476.0 96.0 unfortu-

16163.0 16247.0 324.0 96.0 nates
16496.0 16315.0 24.0 44.0 ,
16651.0 16239.0 256.0 104.0 who
17028.0 16264.0 296.0 76.0 were
17439.0 16239.0 512.0 124.0 clinging
18080.0 16243.0 112.0 96.0 to
18360.0 16243.0 192.0 100.0 the
18715.0 16239.0 256.0 104.0 roof

16160.0 16360.0 124.0 96.0 of
16407.0 16363.0 192.0 96.0 the
16720.0 16383.0 220.0 76.0 car.
17067.0 16356.0 244.0 100.0 The
17432.0 16356.0 272.0 104.0 mall
17831.0 16360.0 96.0 96.0 Is
18087.0 16356.0 252.0 104.0 said
18464.0 16363.0 116.0 96.0 to
18683.0 16356.0 288.0 104.0 have

16168.0 16476.0 276.0 100.0 been
16692.0 16476.0 192.0 96.0 the
17128.0 16476.0 420.0 116.0 largest
17779.0 16495.0 264.0 80.0 ever
18284.0 16480.0 256.0 96.0 sent
18703.0 16499.0 272.0 76.0 over

16144.0 16587.0 188.0 104.0 the
16436.0 16587.0 260.0 104.0 road
16708.0 16659.0 24.0 44.0 ,
16843.0 16583.0 228.0 104.0 nnd
17180.0 16591.0 188.0 96.0 the
17456.0 16596.0 356.0 92.0 losses
17904.0 16587.0 228.0 100.0 will
18244.0 16571.0 204.0 120.0 tall
18516.0 16591.0 452.0 120.0 heavily

16140.0 16728.0 148.0 76.0 on
16368.0 16703.0 224.0 100.0 this
16680.0 16699.0 228.0 124.0 city
16912.0 16775.0 28.0 44.0 ,
16996.0 16699.0 372.0 104.0 where
17452.0 16703.0 348.0 100.0 about
17895.0 16707.0 872.0 120.0 threo-quaiters
18840.0 16707.0 128.0 96.0 of

16144.0 16828.0 188.0 92.0 the
16407.0 16824.0 408.0 96.0 matter
16895.0 16820.0 664.0 112.0 oilgmatcd.
17695.0 16824.0 188.0 96.0 An
17936.0 16843.0 468.0 96.0 express
18468.0 16824.0 504.0 120.0 package

16148.0 16936.0 476.0 104.0 without
16672.0 16936.0 472.0 100.0 address
17188.0 16960.0 128.0 76.0 or
17392.0 16936.0 564.0 120.0 anything
18032.0 16960.0 148.0 76.0 on
18259.0 16940.0 84.0 96.0 it
18392.0 16936.0 144.0 124.0 by
18584.0 16940.0 372.0 100.0 which

16192.0 17059.0 40.0 92.0 t
16316.0 17076.0 204.0 76.0 can
16616.0 17051.0 136.0 100.0 bo
16836.0 17051.0 576.0 100.0 Identified
17427.0 17123.0 24.0 24.0 ,
17503.0 17047.0 676.0 124.0 containing
18227.0 17055.0 416.0 116.0 S:17,000
18304.0 17059.0 20.0 84.0 :
18644.0 17131.0 28.0 44.0 ,
18727.0 17076.0 244.0 80.0 was

16151.0 17171.0 360.0 100.0 found
16599.0 17168.0 372.0 124.0 to-day
16980.0 17239.0 24.0 44.0 ,
17108.0 17168.0 232.0 100.0 and
17427.0 17156.0 88.0 112.0 U
17604.0 17164.0 96.0 104.0 Is
17808.0 17171.0 204.0 96.0 not
18119.0 17168.0 520.0 124.0 unlikely
18724.0 17168.0 248.0 108.0 that

16144.0 17284.0 380.0 100.0 otlieis
16612.0 17284.0 236.0 100.0 will
16939.0 17284.0 128.0 100.0 be
17156.0 17280.0 656.0 104.0 discoveied
17904.0 17284.0 116.0 104.0 in
18075.0 17284.0 188.0 100.0 the
18311.0 17288.0 208.0 104.0 bed
18572.0 17288.0 124.0 100.0 of
18784.0 17288.0 188.0 104.0 the

16140.0 17404.0 328.0 100.0 creek
16512.0 17424.0 128.0 76.0 or
16700.0 17399.0 112.0 100.0 in
16892.0 17399.0 196.0 104.0 the
17136.0 17404.0 412.0 100.0 woods.

16392.0 17696.0 288.0 100.0 Till
16683.0 17727.0 24.0 68.0 :
16708.0 17700.0 28.0 96.0 :
16804.0 17696.0 1000.0 100.0 CLUAKANCF
17799.0 17700.0 32.0 96.0 ;
17971.0 17700.0 744.0 100.0 uisconn.

16163.0 17956.0 532.0 96.0 Record
16752.0 17960.0 152.0 92.0 of
16936.0 17956.0 232.0 96.0 the
17224.0 17956.0 712.0 96.0 Financial
17991.0 17956.0 980.0 96.0 Transactions

16980.0 18096.0 232.0 96.0 the
17288.0 18100.0 320.0 92.0 Pant
17676.0 18096.0 460.0 100.0 AVcok.

16268.0 18236.0 488.0 104.0 BOSTON
16764.0 18308.0 28.0 44.0 ,
16823.0 18232.0 388.0 104.0 March
17244.0 18236.0 88.0 104.0 O.
17480.0 18232.0 32.0 124.0 f
17528.0 18232.0 444.0 124.0 Special
18003.0 18232.0 588.0 120.0 Telegram
18631.0 18240.0 116.0 100.0 to
18788.0 18236.0 192.0 104.0 the

16156.0 18380.0 352.0 120.0 UEK.I
16648.0 18376.0 244.0 104.0 The
16980.0 18372.0 596.0 128.0 following
17663.0 18376.0 296.0 104.0 table
17964.0 18451.0 24.0 48.0 ,
18040.0 18380.0 560.0 124.0 compiled
18668.0 18383.0 292.0 100.0 from

16151.0 18519.0 644.0 124.0 dispatches
16884.0 18527.0 116.0 96.0 to
17044.0 18523.0 188.0 96.0 the
17284.0 18519.0 268.0 100.0 Post
17599.0 18519.0 292.0 104.0 from
17944.0 18519.0 188.0 104.0 the
18176.0 18547.0 600.0 92.0 managers
18843.0 18519.0 120.0 104.0 of

16156.0 18663.0 188.0 104.0 the
16424.0 18663.0 460.0 116.0 leading
16968.0 18659.0 504.0 120.0 clearing
17535.0 18659.0 408.0 104.0 houses
18032.0 18663.0 124.0 100.0 of
18240.0 18663.0 192.0 104.0 the
18520.0 18663.0 440.0 108.0 United

16151.0 18811.0 368.0 100.0 states
16535.0 18879.0 24.0 52.0 ,
16651.0 18807.0 316.0 112.0 gives
17052.0 18803.0 188.0 104.0 the
17323.0 18828.0 320.0 96.0 gross
17735.0 18803.0 652.0 124.0 exchanges
18476.0 18820.0 116.0 92.0 at
18695.0 18815.0 276.0 96.0 each

16168.0 18947.0 312.0 128.0 point
16624.0 18947.0 176.0 100.0 for
16920.0 18947.0 188.0 100.0 the
17215.0 18947.0 316.0 100.0 week
17656.0 18947.0 372.0 100.0 ended
18096.0 18947.0 404.0 108.0 March
18564.0 18956.0 28.0 88.0 f
18596.0 18991.0 32.0 52.0 >
18631.0 19024.0 24.0 44.0 ,
18712.0 18951.0 232.0 108.0 1887
18947.0 19019.0 28.0 52.0 ,

16168.0 19092.0 100.0 100.0 in
16316.0 19087.0 704.0 124.0 comparison
17076.0 19083.0 276.0 104.0 with
17416.0 19087.0 324.0 104.0 these
17784.0 19087.0 128.0 104.0 of
18000.0 19096.0 192.0 96.0 the
18232.0 19092.0 688.0 124.0 correspond-

16160.0 19236.0 200.0 120.0 ing
16400.0 19232.0 380.0 108.0 uerlod
16831.0 19232.0 128.0 100.0 of
17032.0 19232.0 236.0 96.0 IfaMJ
17288.0 19255.0 28.0 80.0 :

16631.0 25267.0 196.0 100.0 An
16907.0 25263.0 920.0 100.0 Unfortunate
17904.0 25263.0 700.0 96.0 Accident.

16336.0 25403.0 684.0 108.0 Coi.uunitf
17028.0 25479.0 28.0 48.0 ,
17112.0 25399.0 276.0 108.0 Neb.
17404.0 25471.0 28.0 56.0 ,
17535.0 25395.0 388.0 108.0 March
18008.0 25399.0 92.0 104.0 0.
18244.0 25411.0 32.0 116.0 (
18296.0 25399.0 448.0 108.0 Special
18788.0 25395.0 204.0 108.0 Tel-

16204.0 25572.0 388.0 96.0 egram
16644.0 25555.0 112.0 96.0 to
16823.0 25547.0 188.0 104.0 the
17096.0 25543.0 308.0 124.0 BKKJ
17552.0 25539.0 272.0 104.0 Lost
17872.0 25539.0 328.0 124.0 night
18288.0 25539.0 268.0 108.0 Mrs.
18616.0 25539.0 420.0 104.0 Haniih

16215.0 25691.0 560.0 128.0 Compton
16791.0 25759.0 24.0 52.0 ,
16907.0 25659.0 772.0 152.0 eighty-seven
17779.0 25708.0 324.0 100.0 years
18148.0 25679.0 184.0 108.0 old
18340.0 25755.0 24.0 44.0 ,
18456.0 25679.0 268.0 108.0 died
18735.0 25755.0 24.0 48.0 ,
18811.0 25679.0 212.0 108.0 ami

16215.0 25831.0 228.0 104.0 this
16491.0 25827.0 536.0 128.0 morning
17076.0 25831.0 196.0 100.0 tier
17320.0 25827.0 556.0 120.0 daughter
17875.0 25899.0 28.0 40.0 ,
17959.0 25823.0 260.0 104.0 Mrs.
18279.0 25819.0 264.0 108.0 Will
18628.0 25823.0 356.0 124.0 Comp-

16212.0 25976.0 192.0 104.0 ton
16420.0 26048.0 28.0 48.0 ,
16496.0 25972.0 352.0 108.0 while
16932.0 25967.0 504.0 120.0 standlni
17436.0 25991.0 40.0 96.0 :
17567.0 25963.0 380.0 108.0 beside
18052.0 25995.0 72.0 76.0 a
18163.0 25963.0 372.0 124.0 buggy
18644.0 25963.0 396.0 120.0 givlnz

16212.0 26116.0 312.0 80.0 some
16567.0 26091.0 748.0 104.0 Instructions
17368.0 26095.0 112.0 96.0 to
17528.0 26083.0 200.0 108.0 her
17776.0 26079.0 516.0 108.0 husband
18340.0 26083.0 700.0 120.0 concerning

16215.0 26215.0 188.0 96.0 the
16480.0 26207.0 452.0 104.0 funeral
17012.0 26207.0 124.0 100.0 of
17200.0 26207.0 200.0 100.0 her
17503.0 26199.0 444.0 108.0 mother
17948.0 26271.0 28.0 52.0 ,
18080.0 26223.0 308.0 76.0 some
18436.0 26199.0 348.0 124.0 sheep
18831.0 26223.0 200.0 80.0 ran

16215.0 26323.0 452.0 124.0 against
16712.0 26327.0 200.0 104.0 her
16916.0 26395.0 28.0 44.0 ,
17000.0 26320.0 544.0 112.0 breaking
17596.0 26320.0 200.0 104.0 her
17840.0 26320.0 176.0 112.0 leg
18084.0 26316.0 368.0 128.0 badly.

16576.0 26591.0 472.0 100.0 Called
17108.0 26615.0 76.0 72.0 a
17235.0 26584.0 804.0 120.0 Letflslrtlvo
18096.0 26584.0 580.0 104.0 Session.

16336.0 26731.0 1056.0 108.0 CIIAHI.KSTON
17424.0 26799.0 28.0 36.0 .
17516.0 26720.0 200.0 108.0 Va.
17732.0 26795.0 28.0 60.0 ,
17811.0 26724.0 384.0 108.0 March
18235.0 26724.0 812.0 120.0 0-Govcrnor

16224.0 26871.0 436.0 116.0 Wilson
16712.0 26871.0 232.0 108.0 will
16996.0 26887.0 632.0 88.0 to-morrow
17676.0 26863.0 304.0 108.0 Issue
18016.0 26867.0 180.0 104.0 ills
18224.0 26863.0 820.0 128.0 proclamation

16220.0 27015.0 648.0 116.0 convening
16907.0 27019.0 196.0 100.0 the
17148.0 27011.0 656.0 116.0 legislature
17848.0 27011.0 128.0 104.0 of
18035.0 27007.0 232.0 108.0 this
18311.0 27011.0 292.0 108.0 state
18651.0 27031.0 148.0 80.0 on
18851.0 27007.0 192.0 108.0 the

16227.0 27159.0 296.0 108.0 third
16580.0 27155.0 712.0 128.0 Wednesday
17368.0 27155.0 128.0 104.0 of
17560.0 27151.0 328.0 132.0 April
17984.0 27155.0 272.0 104.0 next
18340.0 27155.0 120.0 100.0 to
18528.0 27151.0 520.0 108.0 consider

16224.0 27291.0 940.0 140.0 appropriations'
17163.0 27303.0 56.0 104.0 !
17412.0 27295.0 372.0 124.0 public
17863.0 27320.0 472.0 100.0 moneys
18388.0 27295.0 176.0 108.0 for
18607.0 27295.0 384.0 104.0 vailou
18996.0 27335.0 52.0 56.0 *

16227.0 27443.0 568.0 104.0 purposes.
16920.0 27419.0 248.0 104.0 The
17212.0 27439.0 552.0 96.0 governor
17804.0 27415.0 272.0 104.0 does
18128.0 27419.0 200.0 100.0 not
18375.0 27415.0 296.0 104.0 refer
18715.0 27423.0 116.0 96.0 to
18872.0 27415.0 176.0 100.0 thi.

16227.0 27539.0 480.0 104.0 election
16759.0 27535.0 124.0 104.0 of
16948.0 27563.0 64.0 76.0 a
17064.0 27531.0 440.0 108.0 United
17552.0 27531.0 380.0 108.0 States
18020.0 27539.0 460.0 96.0 senator
18484.0 27603.0 28.0 44.0 ,
18560.0 27531.0 196.0 104.0 but
18804.0 27528.0 84.0 108.0 it
18956.0 27531.0 92.0 104.0 Is

16236.0 27656.0 500.0 104.0 believed
16788.0 27651.0 244.0 104.0 that
17080.0 27660.0 312.0 100.0 there
17439.0 27651.0 232.0 104.0 will
17724.0 27656.0 128.0 96.0 be
17904.0 27671.0 148.0 80.0 no
18099.0 27647.0 480.0 104.0 election
18596.0 27715.0 28.0 48.0 ,
18676.0 27667.0 124.0 80.0 us
18868.0 27643.0 180.0 108.0 thu

16232.0 27771.0 312.0 104.0 work
16592.0 27767.0 364.0 108.0 called
17008.0 27767.0 180.0 104.0 for
17224.0 27775.0 432.0 96.0 cannot
17724.0 27771.0 132.0 96.0 bo
17944.0 27763.0 828.0 124.0 accomplished
18863.0 27763.0 184.0 100.0 be-

16244.0 27891.0 248.0 104.0 foio
16544.0 27887.0 192.0 112.0 tbe
16784.0 27887.0 428.0 108.0 second
17256.0 27883.0 528.0 124.0 Tuesday
17831.0 27883.0 296.0 108.0 atttr
18171.0 27883.0 188.0 104.0 ttu
18412.0 27883.0 524.0 120.0 meeting.

19128.0 2612.0 372.0 236.0 THE
19612.0 2608.0 472.0 236.0 LORD
20171.0 2596.0 996.0 244.0 APPEARED
21255.0 2592.0 228.0 236.0 TO
21580.0 2584.0 396.0 248.0 HER
22227.0 2568.0 76.0 276.0 'i

19124.0 3144.0 244.0 132.0 The
19447.0 3144.0 288.0 128.0 Cure
19811.0 3144.0 132.0 124.0 of
20000.0 3140.0 196.0 128.0 tbo
20276.0 3136.0 360.0 164.0 Leper
20712.0 3136.0 172.0 164.0 By
20964.0 3120.0 404.0 144.0 Eliiha
21439.0 3116.0 532.0 144.0 Outdone
22227.0 3208.0 20.0 36.0 .
22247.0 3208.0 24.0 36.0 ,
22279.0 3148.0 24.0 104.0 :

20144.0 3320.0 116.0 128.0 in
20343.0 3320.0 620.0 128.0 Nebraska.
22264.0 3400.0 28.0 64.0 ,

19124.0 3696.0 328.0 112.0 SHE
19587.0 3688.0 572.0 120.0 DRANK
20292.0 3684.0 344.0 116.0 AND
20764.0 3684.0 352.0 112.0 WAS
21252.0 3672.0 716.0 124.0 HEAUED.

19124.0 4080.0 104.0 100.0 A
19340.0 4076.0 804.0 100.0 Wonderful
20259.0 4068.0 300.0 100.0 foot
20683.0 4060.0 820.0 108.0 Discovered
21619.0 4060.0 184.0 112.0 By
21875.0 4044.0 96.0 112.0 A

19240.0 4244.0 560.0 100.0 Woman
19875.0 4240.0 348.0 100.0 Near
20272.0 4236.0 528.0 104.0 Norilmi
20935.0 4236.0 396.0 100.0 After
21415.0 4244.0 80.0 76.0 ft
21563.0 4228.0 276.0 96.0 Pardon
21839.0 4264.0 60.0 28.0 -

19404.0 4416.0 260.0 96.0 don
19744.0 4412.0 256.0 96.0 For
20075.0 4412.0 724.0 92.0 Murderer
20863.0 4400.0 368.0 100.0 .lack
21304.0 4400.0 304.0 100.0 MarIon
21607.0 4432.0 68.0 36.0 -

19892.0 4576.0 220.0 96.0 Ion
20247.0 4584.0 376.0 88.0 State
20755.0 4572.0 304.0 96.0 Now
21067.0 4596.0 60.0 72.0 *
21136.0 4632.0 32.0 36.0 .

19860.0 4956.0 308.0 100.0 AVns
20232.0 4956.0 108.0 96.0 II
20424.0 4980.0 76.0 72.0 n
20575.0 4956.0 588.0 100.0 Miracle
21176.0 4956.0 68.0 96.0 ?

19244.0 5096.0 536.0 108.0 Noitwv
19663.0 5120.0 24.0 80.0 :
19787.0 5168.0 24.0 48.0 ,
19863.0 5092.0 276.0 108.0 Neb.
20156.0 5164.0 24.0 48.0 ,
20235.0 5092.0 380.0 104.0 March
20688.0 5096.0 92.0 100.0 0.
20927.0 5100.0 20.0 116.0 |
20976.0 5088.0 440.0 132.0 Spcclal
21508.0 5092.0 116.0 104.0 to
21715.0 5084.0 204.0 108.0 the

19131.0 5240.0 304.0 128.0 BiiJ
19276.0 5264.0 24.0 84.0 :
19360.0 5264.0 28.0 80.0 :
19575.0 5236.0 244.0 104.0 The
19895.0 5236.0 268.0 104.0 Pool
20272.0 5236.0 120.0 104.0 of
20479.0 5232.0 424.0 108.0 Sllnam
21020.0 5236.0 116.0 104.0 In
21235.0 5228.0 644.0 112.0 Jerusalem
21888.0 5292.0 40.0 60.0 ,

19163.0 5384.0 284.0 104.0 undo
19500.0 5380.0 560.0 104.0 Immortal
20112.0 5404.0 116.0 80.0 in
20284.0 5380.0 188.0 100.0 the
20523.0 5372.0 280.0 108.0 New
20851.0 5376.0 672.0 104.0 Testament
21567.0 5400.0 124.0 76.0 na
21740.0 5368.0 208.0 108.0 the

19163.0 5520.0 632.0 108.0 ulraeulous
19840.0 5520.0 376.0 108.0 healer
20259.0 5524.0 120.0 96.0 of
20427.0 5520.0 144.0 104.0 nil
20624.0 5527.0 292.0 92.0 sorts
20964.0 5520.0 228.0 104.0 and
21244.0 5512.0 536.0 112.0 varieties
21824.0 5508.0 136.0 108.0 oC

19171.0 5668.0 136.0 104.0 Us
19356.0 5676.0 112.0 96.0 to
19520.0 5660.0 368.0 112.0 which
19959.0 5660.0 400.0 108.0 mortal
20420.0 5660.0 268.0 104.0 llcsh
20744.0 5660.0 92.0 104.0 Is
20888.0 5656.0 240.0 108.0 heir
21127.0 5731.0 28.0 48.0 ,
21212.0 5656.0 248.0 108.0 bids
21552.0 5652.0 228.0 112.0 fair
21843.0 5652.0 128.0 108.0 to-

19160.0 5840.0 28.0 72.0 >
19195.0 5836.0 60.0 76.0 o
19304.0 5808.0 472.0 128.0 equaled
19816.0 5804.0 140.0 124.0 by
20008.0 5836.0 68.0 76.0 n
20119.0 5804.0 328.0 104.0 small
20496.0 5804.0 228.0 104.0 anil
20776.0 5799.0 304.0 128.0 illrty
21124.0 5799.0 504.0 104.0 "bulTnlo
21680.0 5792.0 288.0 112.0 wnl-

19168.0 5948.0 252.0 108.0 ow"
19456.0 5952.0 344.0 104.0 about
19848.0 5956.0 236.0 100.0 two
20136.0 5948.0 320.0 104.0 miles
20528.0 5952.0 292.0 100.0 from
20892.0 5948.0 228.0 104.0 this
21208.0 5940.0 352.0 128.0 lively
21651.0 5936.0 312.0 108.0 llttla

19160.0 6092.0 304.0 108.0 ilace.
19535.0 6092.0 244.0 104.0 Thu
19824.0 6092.0 872.0 108.0 circumstances
20740.0 6116.0 40.0 76.0 \
20784.0 6116.0 32.0 76.0 \
20851.0 6088.0 252.0 104.0 lileh
21156.0 6088.0 284.0 104.0 have
21476.0 6048.0 496.0 160.0 broughl

19148.0 6236.0 312.0 104.0 ibout
19508.0 6240.0 188.0 100.0 the
19740.0 6232.0 588.0 124.0 discovery
20375.0 6232.0 120.0 104.0 of
20535.0 6232.0 188.0 104.0 the
20779.0 6228.0 692.0 108.0 miraculous
21520.0 6244.0 432.0 108.0 powers
21935.0 6208.0 32.0 128.0 !

19160.0 6408.0 28.0 72.0 )
19203.0 6380.0 44.0 100.0 f
19287.0 6376.0 220.0 108.0 this
19564.0 6376.0 400.0 124.0 "pool"
20020.0 6388.0 284.0 92.0 iinve
20372.0 6380.0 172.0 96.0 set
20607.0 6372.0 228.0 104.0 this
20924.0 6368.0 712.0 120.0 community
21732.0 6364.0 236.0 124.0 "by

19128.0 6520.0 192.0 104.0 the
19368.0 6516.0 320.0 104.0 ears"
19740.0 6516.0 228.0 104.0 nnd
20023.0 6516.0 88.0 104.0 It
20156.0 6516.0 96.0 100.0 Is
20299.0 6520.0 188.0 96.0 the
20535.0 6536.0 220.0 80.0 ono
20804.0 6508.0 444.0 128.0 subject
21331.0 6516.0 128.0 96.0 of
21508.0 6504.0 464.0 116.0 excited

19124.0 6656.0 848.0 112.0 conveisatlon.
20116.0 6656.0 216.0 100.0 For
20372.0 6656.0 260.0 100.0 four
20676.0 6656.0 460.0 96.0 months
21168.0 6652.0 252.0 124.0 past
21459.0 6652.0 188.0 100.0 the
21688.0 6652.0 272.0 104.0 wife
21939.0 6664.0 28.0 88.0 )

19160.0 6828.0 28.0 68.0 >
19200.0 6804.0 44.0 96.0 f
19340.0 6796.0 500.0 108.0 William
19952.0 6796.0 404.0 104.0 Hector
20360.0 6864.0 24.0 52.0 ,
20499.0 6824.0 68.0 72.0 a
20663.0 6788.0 456.0 128.0 leading
21232.0 6796.0 420.0 100.0 farmer
21760.0 6788.0 160.0 112.0 llv

19171.0 6964.0 152.0 100.0 tig
19511.0 6943.0 236.0 100.0 two
19936.0 6936.0 328.0 104.0 miles
20447.0 6936.0 244.0 104.0 cast
20875.0 6940.0 120.0 96.0 ot
21183.0 6932.0 228.0 104.0 this
21580.0 6932.0 320.0 124.0 place
21903.0 7004.0 36.0 52.0 ,

19168.0 7108.0 160.0 80.0 ms
19452.0 7079.0 280.0 104.0 been
19863.0 7075.0 524.0 108.0 conllncil
20516.0 7079.0 120.0 100.0 to
20759.0 7072.0 200.0 108.0 her
21116.0 7072.0 660.0 108.0 bcilvlth
21900.0 7100.0 76.0 84.0 a

19128.0 7224.0 640.0 124.0 dangerous
19952.0 7220.0 452.0 120.0 malady
20567.0 7224.0 232.0 104.0 and
20967.0 7220.0 200.0 104.0 her
21292.0 7211.0 672.0 132.0 phjslclnns

19163.0 7368.0 180.0 104.0 uul
19516.0 7364.0 712.0 120.0 pionoucccd
20340.0 7364.0 204.0 104.0 her
20688.0 7388.0 536.0 104.0 recovery
21392.0 7360.0 528.0 124.0 hopeless
21924.0 7360.0 40.0 112.0 ]

19119.0 7508.0 712.0 128.0 Everything
19883.0 7512.0 220.0 100.0 had
20156.0 7508.0 276.0 104.0 been
20479.0 7508.0 304.0 104.0 done
20831.0 7504.0 248.0 108.0 that
21183.0 7504.0 192.0 108.0 tbe
21484.0 7504.0 460.0 108.0 science

19116.0 7660.0 120.0 96.0 of
19284.0 7652.0 560.0 108.0 medicine
19912.0 7652.0 328.0 104.0 could
20287.0 7652.0 464.0 124.0 suggest
20816.0 7656.0 116.0 96.0 to
20979.0 7660.0 428.0 96.0 restore
21508.0 7652.0 200.0 100.0 her
21816.0 7656.0 132.0 96.0 to

19160.0 7796.0 332.0 104.0 lealth
19508.0 7868.0 24.0 56.0 ,
19587.0 7800.0 200.0 100.0 but
19836.0 7796.0 148.0 104.0 all
20055.0 7800.0 112.0 100.0 to
20215.0 7819.0 152.0 76.0 no
20412.0 7792.0 328.0 108.0 avail.
20875.0 7792.0 280.0 104.0 Last
21200.0 7788.0 748.0 124.0 Wednesday

19160.0 7940.0 492.0 120.0 nomine
19659.0 8012.0 24.0 48.0 ,
19740.0 7936.0 520.0 108.0 however
20264.0 8012.0 24.0 48.0 ,
20343.0 7968.0 64.0 76.0 n
20452.0 7940.0 316.0 124.0 great
20848.0 7940.0 436.0 120.0 chance
21371.0 7932.0 552.0 108.0 occurred

19163.0 8108.0 72.0 76.0 n
19287.0 8080.0 188.0 108.0 the
19528.0 8087.0 292.0 100.0 most
19868.0 8084.0 628.0 104.0 marvelous
20543.0 8104.0 488.0 80.0 manner
21028.0 8148.0 32.0 52.0 ,
21075.0 8076.0 24.0 32.0 '
21183.0 8076.0 304.0 108.0 That
21555.0 8100.0 392.0 80.0 morn-

19168.0 8252.0 152.0 96.0 ng
19464.0 8223.0 196.0 104.0 the
19863.0 8219.0 1336.0 128.0 supposed-to-bc-dylnit
21471.0 8240.0 460.0 88.0 woman

19168.0 8368.0 516.0 104.0 nformcd
19836.0 8392.0 44.0 40.0 *
19964.0 8368.0 200.0 104.0 her
20392.0 8364.0 524.0 104.0 husband
21159.0 8359.0 248.0 108.0 that
21760.0 8359.0 204.0 108.0 the

19176.0 8536.0 148.0 76.0 ,01
19340.0 8512.0 80.0 104.0 d
19695.0 8508.0 232.0 108.0 had
20104.0 8504.0 564.0 132.0 appeared
20907.0 8524.0 128.0 84.0 to
21336.0 8504.0 212.0 104.0 her
21819.0 8500.0 144.0 108.0 In

19171.0 8652.0 132.0 104.0 ho
19471.0 8652.0 328.0 120.0 night
19924.0 8680.0 124.0 76.0 as
20215.0 8652.0 140.0 104.0 ho
20540.0 8648.0 196.0 104.0 did
20920.0 8648.0 116.0 104.0 to
21195.0 8644.0 460.0 108.0 Samuel
21828.0 8644.0 136.0 104.0 of

19116.0 8792.0 184.0 104.0 old
19432.0 8796.0 224.0 100.0 ami
19703.0 8792.0 332.0 108.0 when
20104.0 8792.0 200.0 104.0 she
20372.0 8788.0 220.0 108.0 had
20715.0 8788.0 588.0 108.0 answered
21316.0 8860.0 28.0 52.0 ,
21447.0 8788.0 456.0 128.0 "Speak
21912.0 8852.0 40.0 52.0 ,

19163.0 9012.0 32.0 24.0 .
19195.0 8936.0 216.0 104.0 .ord
19427.0 9008.0 24.0 44.0 ,
19516.0 8936.0 172.0 100.0 for
19732.0 8936.0 200.0 116.0 thy
19976.0 8940.0 456.0 100.0 servant
20447.0 9008.0 24.0 52.0 ,
20552.0 8932.0 380.0 104.0 health
20947.0 9004.0 24.0 52.0 ,
20988.0 8928.0 68.0 60.0 "
21148.0 8932.0 192.0 104.0 the
21427.0 8948.0 520.0 100.0 message

19160.0 9052.0 180.0 100.0 lad
19452.0 9060.0 280.0 92.0 been
19843.0 9052.0 568.0 104.0 dellveied
20520.0 9056.0 116.0 96.0 to
20744.0 9052.0 200.0 100.0 her
21052.0 9052.0 116.0 100.0 to
21276.0 9072.0 144.0 76.0 co
21520.0 9052.0 120.0 100.0 to
21752.0 9040.0 204.0 108.0 the

19171.0 9167.0 448.0 104.0 'buffalo
19668.0 9167.0 440.0 100.0 wallow
20112.0 9239.0 28.0 44.0 ,
20151.0 9167.0 68.0 56.0 "
20276.0 9163.0 364.0 104.0 which
20695.0 9163.0 92.0 100.0 Is
20892.0 9188.0 280.0 80.0 near
21272.0 9152.0 196.0 112.0 the
21552.0 9163.0 356.0 104.0 house
21912.0 9231.0 40.0 52.0 ,

19124.0 9284.0 224.0 100.0 and
19400.0 9284.0 340.0 100.0 drink
19799.0 9284.0 120.0 96.0 of
19964.0 9284.0 188.0 100.0 the
20200.0 9292.0 348.0 92.0 water
20612.0 9280.0 228.0 104.0 and
20952.0 9284.0 132.0 96.0 bo
21188.0 9276.0 372.0 108.0 cured.
21691.0 9276.0 260.0 108.0 The

19124.0 9396.0 272.0 120.0 only
19436.0 9396.0 652.0 104.0 conditions
20131.0 9396.0 244.0 104.0 that
20420.0 9396.0 188.0 104.0 the
20656.0 9396.0 292.0 104.0 Lord
21060.0 9392.0 504.0 116.0 Imposed
21656.0 9416.0 308.0 80.0 wore

19180.0 9512.0 188.0 104.0 hat
19415.0 9516.0 200.0 96.0 she
19659.0 9512.0 408.0 104.0 .should
20131.0 9540.0 144.0 92.0 go
20319.0 9512.0 328.0 100.0 alone
20764.0 9512.0 224.0 100.0 nnd
21080.0 9507.0 652.0 104.0 unassisted
21839.0 9516.0 128.0 96.0 to

19180.0 9628.0 136.0 100.0 ho
19427.0 9628.0 360.0 120.0 magic
19892.0 9631.0 284.0 96.0 snot.
20304.0 9628.0 248.0 100.0 The
20680.0 9624.0 552.0 104.0 woman's
21383.0 9624.0 520.0 104.0 husband
21920.0 9696.0 32.0 48.0 ,

19124.0 9744.0 540.0 116.0 although
19715.0 9744.0 620.0 104.0 somewhat
20424.0 9740.0 544.0 132.0 skeptical
20984.0 9812.0 24.0 48.0 ,
21124.0 9736.0 576.0 124.0 believing
21772.0 9740.0 184.0 104.0 bin

19131.0 9860.0 268.0 100.0 \\lfo
19447.0 9864.0 112.0 100.0 to
19607.0 9860.0 132.0 104.0 bo
19784.0 9888.0 64.0 76.0 n
19904.0 9864.0 584.0 100.0 "dreamer
20531.0 9868.0 108.0 88.0 ot
20720.0 9860.0 440.0 100.0 dreams
21163.0 9928.0 28.0 48.0 ,
21208.0 9856.0 68.0 56.0 "
21319.0 9852.0 640.0 108.0 concluded

19180.0 10004.0 64.0 72.0 o
19276.0 9979.0 400.0 100.0 humor
19712.0 9988.0 200.0 88.0 tier
19912.0 10047.0 28.0 44.0 ,
19976.0 9979.0 228.0 100.0 and
20235.0 9979.0 300.0 96.0 after
20567.0 9971.0 468.0 124.0 making
21067.0 10000.0 64.0 76.0 u
21163.0 9971.0 804.0 116.0 desperateof-

19180.0 10103.0 172.0 88.0 ort
19456.0 10096.0 200.0 100.0 she
19759.0 10092.0 544.0 104.0 succeded
20420.0 10092.0 116.0 100.0 In
20592.0 10092.0 428.0 108.0 arising
21075.0 10096.0 284.0 96.0 from
21447.0 10088.0 204.0 100.0 her
21743.0 10088.0 220.0 104.0 bed

19119.0 10212.0 228.0 100.0 and
19363.0 10280.0 24.0 48.0 ,
19439.0 10208.0 536.0 120.0 reaching
20023.0 10208.0 188.0 104.0 the
20279.0 10208.0 248.0 116.0 pool
20543.0 10276.0 24.0 40.0 ,
20676.0 10208.0 264.0 100.0 took
21011.0 10232.0 64.0 76.0 a
21139.0 10204.0 272.0 120.0 long
21456.0 10204.0 504.0 116.0 draught

19183.0 10352.0 228.0 72.0 rom
19464.0 10328.0 188.0 100.0 the
19700.0 10324.0 424.0 120.0 muddy
20235.0 10324.0 484.0 104.0 wallow.
20860.0 10320.0 788.0 116.0 Immediately
21695.0 10344.0 268.0 80.0 new

19168.0 10439.0 156.0 104.0 ifo
19432.0 10447.0 448.0 96.0 si'omed
19991.0 10451.0 116.0 92.0 to
20212.0 10439.0 136.0 100.0 bo
20456.0 10443.0 496.0 96.0 restored
21060.0 10443.0 120.0 96.0 to
21260.0 10439.0 200.0 96.0 her
21520.0 10443.0 440.0 100.0 wasted

19124.0 10560.0 364.0 96.0 frame
19564.0 10560.0 224.0 100.0 and
19840.0 10556.0 200.0 104.0 sha
20087.0 10556.0 532.0 104.0 returned
20668.0 10560.0 116.0 96.0 to
20875.0 10556.0 200.0 100.0 her
21159.0 10552.0 520.0 104.0 husband
21767.0 10556.0 192.0 100.0 do-

19116.0 10676.0 436.0 116.0 claiiiig
19604.0 10676.0 424.0 100.0 herself
20075.0 10668.0 668.0 140.0 completely
20796.0 10668.0 500.0 104.0 lestored
21348.0 10672.0 116.0 100.0 to
21516.0 10668.0 388.0 104.0 health
21915.0 10736.0 36.0 44.0 ,

19183.0 10787.0 276.0 104.0 'rom
19511.0 10779.0 252.0 112.0 thai
19872.0 10796.0 504.0 96.0 moment
20420.0 10775.0 296.0 112.0 until
20819.0 10787.0 224.0 100.0 this
21136.0 10783.0 468.0 120.0 writing
21668.0 10787.0 284.0 100.0 Mrs.

19183.0 10908.0 352.0 100.0 Sector
19584.0 10911.0 204.0 92.0 has
19860.0 10904.0 536.0 104.0 attended
20447.0 10908.0 116.0 100.0 to
20663.0 10904.0 196.0 100.0 her
20907.0 10900.0 612.0 104.0 household
21572.0 10900.0 392.0 104.0 duties

19128.0 11024.0 276.0 96.0 with
19459.0 11020.0 196.0 100.0 her
19700.0 11028.0 424.0 92.0 former
20176.0 11024.0 316.0 112.0 vigor
20535.0 11020.0 232.0 100.0 and
20848.0 11016.0 96.0 104.0 Is
21031.0 11024.0 240.0 96.0 firm
21331.0 11040.0 116.0 76.0 in
21499.0 11016.0 188.0 100.0 the
21775.0 11020.0 136.0 96.0 be

19180.0 11140.0 156.0 96.0 iof
19383.0 11144.0 244.0 92.0 that
19676.0 11152.0 200.0 84.0 .sue
19944.0 11132.0 216.0 104.0 had
20212.0 11136.0 356.0 100.0 dliect
20668.0 11136.0 956.0 96.0 communication
21680.0 11132.0 284.0 100.0 with

19192.0 11259.0 132.0 88.0 lie
19375.0 11251.0 332.0 100.0 Lord.
19843.0 11247.0 376.0 104.0 While
20308.0 11247.0 468.0 116.0 opinion
20831.0 11272.0 144.0 76.0 on
21031.0 11251.0 192.0 96.0 the
21264.0 11272.0 260.0 76.0 ease
21563.0 11244.0 328.0 100.0 differ
21903.0 11263.0 60.0 84.0 !

19171.0 11387.0 224.0 76.0 tore
19407.0 11436.0 24.0 36.0 ,
19484.0 11395.0 68.0 68.0 n
19599.0 11368.0 228.0 112.0 laif.
19956.0 11364.0 476.0 100.0 number
20511.0 11364.0 124.0 96.0 of
20708.0 11360.0 468.0 104.0 citl/ens
21284.0 11383.0 192.0 76.0 are
21560.0 11364.0 132.0 96.0 of
21767.0 11360.0 204.0 100.0 the

19131.0 11484.0 132.0 96.0 be
19276.0 11484.0 24.0 96.0 )
19324.0 11480.0 148.0 96.0 let
19528.0 11480.0 244.0 100.0 that
19824.0 11484.0 188.0 96.0 the
20060.0 11480.0 264.0 116.0 lady
20372.0 11480.0 200.0 100.0 has
20619.0 11504.0 64.0 72.0 a
20735.0 11476.0 304.0 116.0 large
21144.0 11480.0 320.0 100.0 stock
21555.0 11480.0 128.0 96.0 ot
21767.0 11476.0 152.0 100.0 Im-

19131.0 11595.0 600.0 116.0 agination
19787.0 11595.0 228.0 100.0 and
20063.0 11595.0 248.0 100.0 that
20363.0 11591.0 84.0 100.0 it
20491.0 11595.0 96.0 100.0 Is
20639.0 11599.0 112.0 96.0 to
20799.0 11595.0 224.0 100.0 this
21075.0 11591.0 248.0 104.0 that
21368.0 11595.0 200.0 100.0 she
21651.0 11604.0 324.0 92.0 owes

19163.0 11735.0 160.0 76.0 ler
19375.0 11712.0 704.0 100.0 remarkable
20119.0 11731.0 304.0 84.0 euro.

19532.0 11952.0 440.0 96.0 Imlior
20040.0 11956.0 764.0 92.0 ConilomiiH
20892.0 11952.0 648.0 100.0 Traitors.

19259.0 12088.0 640.0 116.0 Noisroi.K
19912.0 12176.0 24.0 48.0 ,
19996.0 12092.0 304.0 116.0 Nob.
20319.0 12172.0 24.0 52.0 ,
20407.0 12088.0 424.0 116.0 March
20907.0 12096.0 36.0 104.0 !
20964.0 12172.0 24.0 32.0 .
21136.0 12088.0 184.0 112.0 To
21375.0 12088.0 200.0 116.0 the
21680.0 12084.0 232.0 120.0 Edi-

19128.0 12259.0 192.0 100.0 tor
19392.0 12256.0 128.0 104.0 of
19572.0 12252.0 200.0 112.0 the
19828.0 12248.0 268.0 112.0 HIK
19979.0 12276.0 28.0 84.0 :
20119.0 12288.0 24.0 72.0 :
20287.0 12252.0 164.0 108.0 At
20508.0 12284.0 24.0 76.0 :
20540.0 12284.0 40.0 76.0 i
20631.0 12244.0 460.0 144.0 special
21151.0 12248.0 548.0 140.0 meeting
21816.0 12248.0 140.0 112.0 of

19124.0 12407.0 200.0 112.0 the
19380.0 12407.0 532.0 140.0 Knights
19968.0 12412.0 120.0 108.0 ot
20144.0 12407.0 408.0 108.0 Labor
20599.0 12412.0 128.0 104.0 of
20784.0 12403.0 536.0 112.0 Norfolk
21331.0 12488.0 24.0 48.0 ,
21491.0 12436.0 412.0 84.0 nssom
21907.0 12452.0 48.0 36.0 *

19128.0 12568.0 204.0 136.0 bly
19383.0 12564.0 232.0 116.0 No.
19671.0 12576.0 56.0 96.0 r
19712.0 12611.0 20.0 64.0 >
19744.0 12572.0 228.0 108.0 U08.
20035.0 12564.0 200.0 112.0 tlio
20292.0 12560.0 648.0 140.0 following
20991.0 12560.0 636.0 128.0 preamble
21688.0 12560.0 272.0 124.0 and

19128.0 12724.0 736.0 112.0 resolutions
19920.0 12756.0 320.0 80.0 wore
20296.0 12727.0 872.0 132.0 unnnimoiHly
21220.0 12720.0 540.0 140.0 adopted
21779.0 12760.0 32.0 76.0 :

19247.0 12879.0 532.0 108.0 Whereas
19792.0 12956.0 20.0 36.0 ,
19888.0 12879.0 244.0 104.0 The
20176.0 12879.0 244.0 104.0 best
20467.0 12879.0 528.0 100.0 Interests
21043.0 12879.0 128.0 104.0 of
21215.0 12875.0 188.0 104.0 the
21435.0 12875.0 532.0 124.0 laboring

19124.0 12999.0 416.0 100.0 classes
19584.0 13003.0 124.0 96.0 of
19759.0 12988.0 584.0 116.0 Nebraska
20388.0 12996.0 224.0 104.0 ami
20663.0 13003.0 108.0 92.0 ol
20836.0 12999.0 192.0 100.0 the
21095.0 12996.0 376.0 116.0 whole
21580.0 12992.0 384.0 112.0 union

19128.0 13120.0 280.0 100.0 have
19452.0 13120.0 280.0 100.0 been
19787.0 13116.0 468.0 120.0 ignoied
20308.0 13116.0 136.0 120.0 by
20491.0 13116.0 188.0 100.0 the
20723.0 13112.0 392.0 108.0 defeat
21151.0 13116.0 124.0 100.0 of
21324.0 13112.0 120.0 104.0 C.
21508.0 13108.0 148.0 112.0 U.
21691.0 13108.0 348.0 112.0 Van'

19139.0 13232.0 348.0 112.0 Wyck
19496.0 13304.0 28.0 44.0 ,
19596.0 13232.0 228.0 104.0 and
21020.0 13260.0 20.0 108.0 j

19247.0 13339.0 564.0 116.0 Whereas.
19907.0 13347.0 236.0 100.0 Our
20188.0 13347.0 288.0 100.0 state
20523.0 13347.0 456.0 100.0 senator
21020.0 13335.0 48.0 152.0 (
21075.0 13335.0 388.0 120.0 Frank
21516.0 13339.0 380.0 108.0 Fuller
21903.0 13343.0 52.0 120.0 )

19128.0 13487.0 228.0 76.0 was
19400.0 13464.0 420.0 104.0 elected
19872.0 13464.0 144.0 116.0 by
20063.0 13464.0 796.0 112.0 tlio'laboring
20964.0 13448.0 420.0 120.0 c.la8es
21496.0 13464.0 128.0 96.0 of
21727.0 13460.0 252.0 104.0 tula

19124.0 13580.0 444.0 108.0 district
19616.0 13584.0 272.0 100.0 with
19927.0 13584.0 192.0 96.0 the
20163.0 13576.0 236.0 104.0 sole
20444.0 13576.0 920.0 124.0 understanding
21400.0 13576.0 320.0 104.0 itlmt
21824.0 13580.0 148.0 100.0 he
21956.0 13568.0 28.0 112.0 )

19128.0 13704.0 180.0 92.0 act
19351.0 13700.0 180.0 96.0 for
19564.0 13700.0 228.0 100.0 and
19836.0 13696.0 276.0 104.0 wltii
20163.0 13704.0 188.0 92.0 the
20420.0 13696.0 444.0 100.0 friends
20967.0 13691.0 128.0 104.0 of
21195.0 13691.0 120.0 104.0 C.
21424.0 13691.0 152.0 104.0 II.
21688.0 13687.0 288.0 112.0 Van

19128.0 13807.0 364.0 120.0 Wyck
19540.0 13819.0 120.0 92.0 to
19703.0 13815.0 188.0 96.0 the
19959.0 13811.0 228.0 100.0 end
20232.0 13811.0 252.0 96.0 that
20528.0 13807.0 140.0 100.0 he
20715.0 13811.0 132.0 96.0 bo
20915.0 13807.0 536.0 104.0 returned
21540.0 13832.0 128.0 80.0 as
21772.0 13807.0 200.0 104.0 his

19139.0 13947.0 256.0 80.0 own
19447.0 13947.0 580.0 84.0 successor
20075.0 13928.0 116.0 100.0 to
20240.0 13924.0 192.0 104.0 the
20488.0 13924.0 440.0 108.0 United
21035.0 13920.0 380.0 108.0 States
21523.0 13928.0 396.0 104.0 senate
21944.0 13943.0 40.0 88.0 :

19131.0 14040.0 232.0 100.0 and
19264.0 14151.0 532.0 112.0 Whewas
19799.0 14227.0 32.0 44.0 ,
19888.0 14151.0 176.0 104.0 He
20067.0 14227.0 36.0 40.0 ,
20148.0 14151.0 192.0 108.0 the
20383.0 14151.0 248.0 104.0 said
20680.0 14151.0 292.0 104.0 state
21035.0 14155.0 464.0 100.0 senator
21491.0 14223.0 40.0 52.0 ,
21580.0 14151.0 208.0 108.0 lias
21824.0 14143.0 168.0 132.0 by

19136.0 14268.0 180.0 104.0 his
19360.0 14279.0 260.0 92.0 own
19671.0 14275.0 180.0 96.0 net
19900.0 14268.0 388.0 124.0 placed
20336.0 14272.0 192.0 100.0 the
20575.0 14272.0 316.0 100.0 mark
20939.0 14268.0 128.0 104.0 of
21148.0 14272.0 400.0 104.0 traitor
21656.0 14291.0 324.0 100.0 upon

19131.0 14388.0 180.0 96.0 his
19351.0 14408.0 260.0 80.0 own
19663.0 14388.0 576.0 100.0 character
20279.0 14384.0 144.0 120.0 by
20467.0 14380.0 1008.0 120.0 beingsubitdlred
21523.0 14384.0 148.0 120.0 by
21712.0 14384.0 220.0 100.0 rail
21932.0 14415.0 52.0 52.0 *
21979.0 14380.0 36.0 32.0 *

19131.0 14499.0 268.0 100.0 road
19444.0 14499.0 776.0 120.0 corporations
20264.0 14499.0 112.0 96.0 to
20420.0 14495.0 292.0 100.0 their
20764.0 14491.0 524.0 108.0 interests
21311.0 14512.0 32.0 104.0 ;
21392.0 14491.0 236.0 108.0 and
22348.0 14536.0 24.0 60.0 i

19252.0 14611.0 536.0 116.0 Whereas
19796.0 14683.0 28.0 44.0 ,
19907.0 14611.0 208.0 100.0 His
20159.0 14608.0 660.0 128.0 conspirluir
20868.0 14611.0 120.0 96.0 to
21031.0 14608.0 196.0 104.0 tim
21336.0 14608.0 388.0 104.0 defeat
21831.0 14604.0 140.0 108.0 of
22304.0 14640.0 24.0 76.0 t
22348.0 14600.0 28.0 112.0 !

19131.0 14728.0 192.0 104.0 the
19368.0 14728.0 528.0 104.0 laborers'
19952.0 14732.0 380.0 96.0 tilend
20343.0 14796.0 28.0 52.0 ,
20427.0 14728.0 116.0 104.0 C.
20599.0 14724.0 144.0 104.0 H.
20808.0 14720.0 260.0 112.0 Van
21131.0 14720.0 680.0 124.0 Wyck-was
21895.0 14747.0 80.0 84.0 a
22031.0 14804.0 36.0 44.0 ,
22348.0 14712.0 40.0 112.0 1

19136.0 14868.0 308.0 80.0 more
19488.0 14844.0 456.0 100.0 unkind
19991.0 14848.0 192.0 96.0 cut
20227.0 14844.0 276.0 100.0 than
20555.0 14868.0 68.0 76.0 a
20676.0 14844.0 424.0 104.0 Biutui
21139.0 14844.0 424.0 116.0 dagger
21607.0 14844.0 120.0 100.0 at
21767.0 14840.0 208.0 108.0 Uio

19128.0 14959.0 324.0 104.0 heart
19496.0 14963.0 124.0 96.0 of
19659.0 14984.0 340.0 96.0 every
20040.0 14959.0 416.0 100.0 honest
20499.0 14959.0 412.0 104.0 wealth
20979.0 14959.0 560.0 136.0 producer
21599.0 14955.0 120.0 104.0 In
21764.0 14955.0 216.0 116.0 thsj

19139.0 15076.0 440.0 108.0 United
19631.0 15076.0 372.0 104.0 States
20035.0 15099.0 28.0 92.0 ;
20116.0 15076.0 568.0 100.0 therefore
20727.0 15076.0 132.0 100.0 bo
20932.0 15072.0 92.0 104.0 It
21087.0 15163.0 24.0 36.0 ,

19259.0 15192.0 548.0 104.0 Uesolved
19819.0 15264.0 28.0 44.0 ,
19912.0 15192.0 308.0 100.0 That
20299.0 15192.0 192.0 104.0 the
20575.0 15188.0 592.0 140.0 contempt
21244.0 15212.0 172.0 80.0 we
21508.0 15184.0 224.0 108.0 feel
21787.0 15188.0 200.0 108.0 tot

19136.0 15312.0 372.0 104.0 Judas
19555.0 15307.0 476.0 104.0 Iscarlot
20040.0 15384.0 24.0 44.0 ,
20119.0 15307.0 556.0 104.0 Benedict
20715.0 15295.0 448.0 116.0 Arnold
21252.0 15303.0 228.0 104.0 and
21555.0 15307.0 152.0 104.0 all
21775.0 15303.0 232.0 104.0 tha"

19144.0 15431.0 256.0 96.0 arch
19456.0 15423.0 456.0 104.0 traitors
19959.0 15408.0 124.0 116.0 ot
20151.0 15423.0 196.0 104.0 the
20432.0 15423.0 352.0 100.0 woild
20875.0 15423.0 100.0 100.0 Is
21055.0 15419.0 276.0 124.0 only
21380.0 15419.0 424.0 108.0 second
21843.0 15423.0 136.0 100.0 to

19139.0 15540.0 192.0 104.0 the
19432.0 15544.0 588.0 112.0 contempt
20119.0 15567.0 172.0 76.0 we
20395.0 15540.0 224.0 104.0 feel
20712.0 15540.0 180.0 100.0 for
20976.0 15540.0 192.0 100.0 the
21252.0 15536.0 256.0 104.0 said
21572.0 15536.0 436.0 108.0 Frank'

19144.0 15656.0 384.0 104.0 Fuller
19612.0 15660.0 232.0 100.0 and
19952.0 15656.0 188.0 104.0 the
20227.0 15656.0 324.0 104.0 other
20663.0 15647.0 532.0 108.0 "freaks"
21299.0 15656.0 264.0 104.0 who
21668.0 15672.0 312.0 92.0 were

19139.0 15771.0 428.0 104.0 elected
19612.0 15796.0 152.0 80.0 on
19856.0 15771.0 300.0 104.0 their
20235.0 15771.0 496.0 124.0 promise
20776.0 15775.0 116.0 96.0 to
20927.0 15775.0 256.0 100.0 vote
21227.0 15771.0 424.0 104.0 fertile
21712.0 15792.0 224.0 104.0 pee
21932.0 15804.0 52.0 56.0 *
21991.0 15767.0 28.0 28.0 '
22099.0 15792.0 72.0 76.0 v

19139.0 15891.0 276.0 124.0 pie's
19459.0 15891.0 384.0 104.0 choice
19848.0 15963.0 28.0 48.0 ,
19927.0 15891.0 120.0 100.0 C.
20104.0 15888.0 140.0 104.0 H.
20308.0 15888.0 256.0 108.0 Van
20616.0 15888.0 356.0 124.0 Wyck
20999.0 15911.0 28.0 92.0 ;
21095.0 15884.0 232.0 108.0 and
21339.0 15956.0 28.0 48.0 ,
22127.0 15903.0 68.0 96.0 >

19264.0 16008.0 552.0 100.0 Resolved
19831.0 16080.0 24.0 44.0 ,
19924.0 16008.0 304.0 100.0 That
20272.0 16027.0 180.0 80.0 wo
20496.0 16020.0 376.0 124.0 stamp
20915.0 16004.0 280.0 104.0 with
21260.0 16004.0 204.0 104.0 the
21543.0 15996.0 244.0 112.0 seal
21848.0 15992.0 144.0 116.0 of

19144.0 16148.0 208.0 80.0 our
19388.0 16124.0 884.0 100.0 condemnation
20368.0 16119.0 148.0 104.0 all
20607.0 16119.0 492.0 104.0 railroad
21183.0 16119.0 488.0 116.0 lawyers
21732.0 16115.0 256.0 108.0 sad

19144.0 16243.0 376.0 100.0 others
19567.0 16243.0 112.0 96.0 in
19735.0 16239.0 224.0 100.0 this
20008.0 16239.0 480.0 120.0 vicinity
20523.0 16239.0 116.0 96.0 to
20683.0 16239.0 368.0 96.0 whom
21087.0 16256.0 240.0 88.0 was
21368.0 16231.0 600.0 108.0 entrusted
21947.0 16224.0 40.0 132.0 ]

19148.0 16356.0 192.0 104.0 the
19424.0 16360.0 800.0 108.0 management
20267.0 16360.0 124.0 92.0 of
20476.0 16352.0 192.0 100.0 the
20712.0 16352.0 220.0 100.0 last
20976.0 16352.0 600.0 120.0 canpalra
21599.0 16371.0 44.0 100.0 ;
21784.0 16348.0 224.0 28.0 "

19272.0 16468.0 540.0 104.0 Resolved
19828.0 16544.0 24.0 44.0 ,
19924.0 16472.0 300.0 100.0 That
20296.0 16468.0 232.0 100.0 this
20612.0 16468.0 568.0 124.0 assembly
21223.0 16447.0 340.0 124.0 make
21604.0 16468.0 324.0 104.0 an4n
21996.0 16499.0 24.0 28.0 -

19144.0 16583.0 408.0 104.0 dellblo
19596.0 16587.0 384.0 100.0 record
20023.0 16587.0 124.0 96.0 of
20195.0 16583.0 188.0 100.0 the
20432.0 16608.0 396.0 76.0 names
20860.0 16587.0 128.0 96.0 of
21072.0 16583.0 156.0 104.0 all
21267.0 16583.0 200.0 104.0 the
21508.0 16583.0 532.0 116.0 traltoKl

19151.0 16703.0 248.0 100.0 who
19447.0 16703.0 424.0 100.0 figured
19924.0 16707.0 116.0 96.0 in
20092.0 16703.0 192.0 100.0 the
20368.0 16699.0 384.0 104.0 defeat
20836.0 16703.0 124.0 96.0 of
21063.0 16719.0 212.0 84.0 our
21375.0 16696.0 728.0 112.0 standard-

19148.0 16820.0 384.0 104.0 bcaior
19532.0 16888.0 28.0 52.0 ,
19631.0 16820.0 464.0 104.0 Charles
20188.0 16816.0 156.0 104.0 H.
20456.0 16816.0 252.0 104.0 Van
20767.0 16816.0 364.0 120.0 Wyck
21136.0 16888.0 28.0 48.0 ,
21252.0 16816.0 236.0 104.0 and
21552.0 16839.0 180.0 84.0 we
21792.0 16839.0 60.0 84.0 B
21843.0 16859.0 20.0 64.0 >
21863.0 16839.0 192.0 112.0 PV

19168.0 16940.0 224.0 136.0 peal
19484.0 16940.0 112.0 96.0 to
19680.0 16960.0 336.0 92.0 every
20099.0 16932.0 844.0 140.0 liberty-loving
21043.0 16927.0 408.0 108.0 citizen
21543.0 16952.0 124.0 84.0 in
21779.0 16927.0 264.0 112.0 tMI

19156.0 17051.0 428.0 104.0 United
19651.0 17051.0 380.0 104.0 States
20116.0 17055.0 116.0 96.0 to
20316.0 17051.0 244.0 116.0 join
20656.0 17072.0 128.0 80.0 us
20880.0 17051.0 116.0 100.0 in
21080.0 17039.0 704.0 136.0 demanding
21848.0 17047.0 140.0 108.0 ot

19148.0 17191.0 528.0 92.0 congress
19776.0 17191.0 144.0 80.0 an
20032.0 17168.0 180.0 100.0 act
20316.0 17175.0 116.0 92.0 to
20543.0 17168.0 332.0 100.0 make
20856.0 17160.0 56.0 56.0 *
20956.0 17164.0 196.0 108.0 the
21252.0 17164.0 484.0 104.0 election
21848.0 17152.0 140.0 124.0 of

19151.0 17276.0 436.0 116.0 United
19636.0 17288.0 376.0 100.0 States
20052.0 17288.0 516.0 100.0 senators
20616.0 17284.0 144.0 120.0 by
20808.0 17307.0 68.0 76.0 a
20915.0 17280.0 360.0 108.0 direct
21316.0 17284.0 264.0 104.0 vote
21607.0 17280.0 128.0 108.0 of
21779.0 17280.0 208.0 128.0 tbf

19156.0 17404.0 392.0 120.0 people
19575.0 17428.0 28.0 80.0 :
19695.0 17404.0 264.0 100.0 and.
21868.0 17412.0 44.0 48.0 *
22092.0 17492.0 12.0 16.0 .

19284.0 17519.0 536.0 100.0 Resolved
19840.0 17591.0 20.0 44.0 ,
19936.0 17507.0 296.0 112.0 That
20279.0 17540.0 64.0 76.0 n
20392.0 17540.0 280.0 116.0 copy
20720.0 17515.0 124.0 100.0 of
20927.0 17511.0 316.0 104.0 these
21287.0 17504.0 624.0 116.0 resolution
21932.0 17531.0 76.0 88.0 !

19156.0 17636.0 132.0 104.0 be
19331.0 17639.0 260.0 100.0 sent
19636.0 17639.0 112.0 96.0 tb
19799.0 17639.0 188.0 100.0 the
20032.0 17636.0 436.0 100.0 Omaha
20516.0 17616.0 224.0 116.0 BII
20668.0 17655.0 28.0 76.0 :
20752.0 17651.0 32.0 80.0 :
20836.0 17636.0 180.0 96.0 tor
21060.0 17628.0 736.0 128.0 publication.
21979.0 17624.0 28.0 60.0 *

20695.0 17744.0 984.0 116.0 FRAJfK.MABlM
21680.0 17760.0 24.0 128.0 )

20163.0 17979.0 664.0 104.0 Committee
20880.0 18007.0 148.0 76.0 on
21084.0 17979.0 672.0 112.0 Resolution
21755.0 18003.0 76.0 84.0 *
21824.0 18040.0 40.0 48.0 .

22052.0 18172.0 40.0 68.0 '

19715.0 18224.0 788.0 116.0 Prosperity
20552.0 18236.0 148.0 84.0 at
20792.0 18220.0 664.0 104.0 Beatrice.

19284.0 18364.0 660.0 104.0 BnATiucE
19956.0 18436.0 28.0 44.0 ,
20035.0 18360.0 280.0 104.0 Neb.
20336.0 18432.0 24.0 36.0 .
20420.0 18360.0 384.0 104.0 Match
20851.0 18364.0 88.0 100.0 0.
21092.0 18364.0 28.0 124.0 [
21136.0 18356.0 448.0 132.0 Special

19163.0 18504.0 372.0 124.0 lir.K.J
19676.0 18504.0 244.0 104.0 Tlio
19959.0 18508.0 308.0 108.0 Gage
20311.0 18504.0 452.0 116.0 County
20836.0 18500.0 768.0 128.0 Agricultural

19160.0 18648.0 416.0 108.0 elation
19639.0 18651.0 592.0 120.0 yesterday
20279.0 18644.0 248.0 108.0 sold
20572.0 18651.0 192.0 96.0 the
20808.0 18648.0 184.0 100.0 old
21040.0 18640.0 984.0 144.0 falrgrouadsoa\

19163.0 18791.0 188.0 104.0 the
19436.0 18791.0 280.0 100.0 west
19819.0 18787.0 244.0 104.0 side
20168.0 18783.0 684.0 124.0 containing
20915.0 18783.0 440.0 128.0 twenty
21415.0 18811.0 320.0 84.0 acres
21816.0 18783.0 204.0 116.0 tot

19163.0 18931.0 352.0 124.0 SO.OOO
19520.0 19007.0 24.0 44.0 ,
19644.0 18931.0 368.0 104.0 which
20104.0 18927.0 268.0 116.0 they
20459.0 18927.0 428.0 120.0 bought
20932.0 18960.0 64.0 72.0 a
21067.0 18927.0 316.0 104.0 short
21467.0 18927.0 284.0 112.0 Una
21784.0 18947.0 236.0 112.0 ago

19163.0 19071.0 176.0 104.0 for
19380.0 19075.0 136.0 108.0 S'J
19520.0 19147.0 24.0 48.0 ,
19567.0 19075.0 172.0 96.0 100
19744.0 19147.0 24.0 48.0 ,
19824.0 19075.0 228.0 104.0 and
20099.0 19071.0 292.0 108.0 have
20436.0 19067.0 432.0 124.0 bought
20920.0 19071.0 252.0 124.0 fifty
21223.0 19096.0 312.0 80.0 acres
21624.0 19071.0 348.0 112.0 north
21971.0 19032.0 60.0 136.0 ?
22119.0 19067.0 16.0 48.0 '

19160.0 19219.0 244.0 100.0 east
19503.0 19219.0 124.0 96.0 of
19691.0 19219.0 308.0 100.0 town
20107.0 19219.0 184.0 100.0 for
20360.0 19215.0 388.0 108.0 $4ooo.
20875.0 19211.0 248.0 108.0 The
21208.0 19207.0 196.0 112.0 old
21491.0 19215.0 548.0 152.0 grottadf
22080.0 19263.0 56.0 68.0 t
22116.0 19327.0 20.0 28.0 _

19163.0 19355.0 236.0 108.0 will
19444.0 19360.0 132.0 100.0 bo
19624.0 19360.0 424.0 124.0 platted
20099.0 19372.0 116.0 88.0 at
20259.0 19380.0 284.0 84.0 once
20592.0 19355.0 116.0 104.0 In
20747.0 19360.0 236.0 116.0 city
21031.0 19355.0 256.0 108.0 lots.
21412.0 19355.0 256.0 116.0 The
21703.0 19360.0 324.0 124.0 post-

19163.0 19504.0 316.0 100.0 ollico
19523.0 19527.0 232.0 80.0 was
19808.0 19500.0 400.0 108.0 moved
20264.0 19500.0 116.0 104.0 In
20479.0 19500.0 192.0 104.0 the
20723.0 19524.0 256.0 80.0 new
21072.0 19496.0 520.0 116.0 Masonic
21631.0 19496.0 392.0 116.0 buIkU
22016.0 19491.0 56.0 152.0 )

19168.0 19644.0 200.0 124.0 Ing
19407.0 19648.0 432.0 108.0 to-dav.
19968.0 19640.0 248.0 108.0 The
20264.0 19667.0 312.0 80.0 room
20624.0 19644.0 100.0 104.0 Is
20824.0 19648.0 392.0 100.0 25x100
21296.0 19644.0 248.0 108.0 feet
21616.0 19640.0 244.0 112.0 and

19171.0 19764.0 620.0 100.0 handsome
19895.0 19788.0 256.0 76.0 ono.
20287.0 19759.0 248.0 104.0 The
20639.0 19759.0 328.0 124.0 rapid
21075.0 19759.0 444.0 120.0 growth
21607.0 19759.0 128.0 108.0 ot
21816.0 19759.0 212.0 108.0 UM

19171.0 19883.0 304.0 100.0 town
19532.0 19879.0 204.0 104.0 has
19784.0 19883.0 324.0 96.0 made
20188.0 19879.0 232.0 100.0 this
20467.0 19904.0 324.0 80.0 move
20856.0 19908.0 76.0 76.0 n
20979.0 19871.0 608.0 124.0 necessity.
21712.0 19871.0 124.0 112.0 It
21907.0 19863.0 140.0 124.0 Iff
22127.0 19900.0 8.0 24.0 '

19171.0 20019.0 264.0 80.0 now
19479.0 20019.0 224.0 80.0 ono
19744.0 19999.0 128.0 96.0 of
19936.0 19999.0 192.0 100.0 the
20195.0 19999.0 300.0 96.0 most
20575.0 19995.0 564.0 124.0 complete
21227.0 19988.0 380.0 116.0 offices
21656.0 19992.0 120.0 116.0 la
21819.0 19988.0 212.0 148.0 thf
22020.0 19995.0 24.0 104.0 !
22060.0 20083.0 36.0 52.0 ,

19176.0 20124.0 312.0 92.0 west.
19612.0 20116.0 176.0 100.0 To
19828.0 20139.0 204.0 88.0 say
20080.0 20112.0 244.0 104.0 that
20392.0 20112.0 192.0 104.0 the
20627.0 20112.0 232.0 108.0 cllv
20912.0 20112.0 96.0 104.0 is
21052.0 20112.0 544.0 136.0 booming
21639.0 20112.0 364.0 108.0 wauls
21971.0 20095.0 68.0 140.0 ?
22179.0 20207.0 28.0 28.0 ,

19176.0 20231.0 400.0 124.0 hardly
19683.0 20256.0 468.0 96.0 express
20240.0 20231.0 84.0 100.0 It
20316.0 20299.0 44.0 36.0 ,
20531.0 20227.0 456.0 108.0 Several
21084.0 20252.0 260.0 84.0 new
21432.0 20215.0 596.0 124.0 MdlttoM
22104.0 20331.0 60.0 36.0 _
22159.0 20324.0 16.0 24.0 ,
22176.0 20295.0 28.0 48.0 .
22223.0 20275.0 32.0 76.0 (
22264.0 20248.0 60.0 120.0 |

19180.0 20372.0 292.0 80.0 were
19560.0 20347.0 432.0 120.0 platted
20084.0 20347.0 228.0 104.0 this
20400.0 20347.0 324.0 104.0 week
20799.0 20343.0 228.0 108.0 and
21084.0 20347.0 216.0 104.0 lots
21348.0 20367.0 200.0 84.0 am
21587.0 20347.0 496.0 120.0 WUlnif'
22208.0 20380.0 116.0 96.0 o

19180.0 20464.0 472.0 120.0 rapidly.
19784.0 20464.0 288.0 104.0 New
20159.0 20460.0 476.0 108.0 cltl/ens
20723.0 20487.0 192.0 76.0 are
20996.0 20464.0 468.0 124.0 coming
21503.0 20460.0 160.0 108.0 In.
21755.0 20483.0 276.0 92.0 new

19183.0 20580.0 616.0 104.0 Industries
19848.0 20584.0 340.0 112.0 being
20232.0 20580.0 420.0 100.0 staited
20668.0 20648.0 24.0 52.0 ,
20744.0 20576.0 232.0 108.0 and
21020.0 20603.0 168.0 80.0 we
21227.0 20603.0 192.0 80.0 are
21459.0 20567.0 576.0 152.0 enjoying

19176.0 20724.0 64.0 72.0 a
19287.0 20695.0 396.0 108.0 steady
19691.0 20767.0 24.0 44.0 ,
19776.0 20695.0 684.0 104.0 substnntlal
20511.0 20695.0 492.0 116.0 growth.
21144.0 20699.0 108.0 96.0 A
21299.0 20716.0 264.0 84.0 new
21616.0 20679.0 420.0 140.0 bridge
22080.0 20712.0 140.0 88.0 M

19183.0 20811.0 92.0 100.0 is
19324.0 20815.0 116.0 96.0 to
19484.0 20835.0 284.0 88.0 span
19819.0 20819.0 192.0 96.0 the
20067.0 20811.0 296.0 100.0 river
20407.0 20835.0 144.0 76.0 on
20607.0 20811.0 344.0 100.0 Court
21003.0 20811.0 348.0 104.0 street
21351.0 20879.0 28.0 52.0 ,
21432.0 20807.0 608.0 132.0 replacing

19176.0 20928.0 192.0 96.0 the
19471.0 20916.0 188.0 112.0 old
19767.0 20951.0 220.0 76.0 one
19991.0 21004.0 28.0 36.0 ,
20136.0 20928.0 592.0 100.0 extensive
20840.0 20912.0 892.0 132.0 Improvements
21828.0 20947.0 212.0 100.0 am

19183.0 21039.0 340.0 124.0 being
19564.0 21039.0 728.0 116.0 commenced
20380.0 21043.0 144.0 116.0 by
20567.0 21043.0 192.0 100.0 the
20811.0 21039.0 488.0 104.0 railioad
21363.0 21043.0 772.0 124.0 companies1

19180.0 21155.0 232.0 104.0 and
19516.0 21159.0 676.0 120.0 everything
20304.0 21180.0 268.0 92.0 goes
20680.0 21171.0 120.0 88.0 to
20888.0 21155.0 316.0 104.0 show
21296.0 21155.0 248.0 108.0 that
21612.0 21180.0 176.0 88.0 we
21831.0 21184.0 192.0 84.0 are
22003.0 21180.0 48.0 88.0 !

19183.0 21275.0 704.0 120.0 prospering.
20084.0 21272.0 280.0 108.0 Last
20543.0 21268.0 368.0 128.0 yeai's
21139.0 21272.0 832.0 120.0 Improvement
21967.0 21287.0 76.0 92.0 *

19183.0 21392.0 616.0 104.0 amounted
19848.0 21400.0 116.0 92.0 to
20011.0 21415.0 272.0 80.0 over
20324.0 21392.0 480.0 124.0 3000,000
20808.0 21464.0 24.0 48.0 ,
20888.0 21388.0 228.0 104.0 and
21188.0 21392.0 228.0 104.0 thu
21464.0 21415.0 276.0 100.0 year
21775.0 21392.0 268.0 108.0 blu

19192.0 21507.0 224.0 104.0 fair
19464.0 21511.0 116.0 100.0 to
19624.0 21532.0 468.0 104.0 surpass
20144.0 21507.0 120.0 104.0 It.

19836.0 21751.0 368.0 100.0 Jack
20284.0 21751.0 644.0 100.0 Marlon's
21008.0 21751.0 372.0 104.0 Fate.

19308.0 21891.0 648.0 104.0 BnAruic'K
19968.0 21963.0 28.0 48.0 ,
20052.0 21891.0 292.0 108.0 Neb.
20363.0 21963.0 28.0 44.0 ,
20447.0 21887.0 384.0 108.0 March
20907.0 21899.0 28.0 88.0 (
20939.0 21895.0 28.0 92.0 )
20971.0 21967.0 24.0 28.0 .
21148.0 21891.0 32.0 124.0 [
21195.0 21891.0 440.0 124.0 Special

19183.0 22060.0 316.0 96.0 giain
19612.0 22039.0 116.0 100.0 to
19836.0 22035.0 192.0 108.0 the
20127.0 22031.0 300.0 108.0 BIK.
20284.0 22060.0 24.0 84.0 :
20447.0 22031.0 36.0 128.0 ]
20648.0 22031.0 248.0 108.0 The
20999.0 22035.0 524.0 124.0 question
21659.0 22060.0 124.0 80.0 as
21912.0 22039.0 132.0 108.0 to

19195.0 22175.0 500.0 116.0 whether
19723.0 22175.0 152.0 112.0 Jiv
19936.0 22175.0 76.0 96.0 k
20000.0 22212.0 12.0 68.0 ;
20055.0 22175.0 440.0 108.0 Marlon
20540.0 22175.0 100.0 104.0 is
20676.0 22179.0 112.0 104.0 to
20836.0 22179.0 136.0 100.0 be
21020.0 22175.0 448.0 124.0 hanged
21499.0 22179.0 280.0 104.0 next
21804.0 22175.0 320.0 120.0 FrH
22136.0 22227.0 56.0 116.0 |
22191.0 22171.0 36.0 64.0 '

19188.0 22319.0 224.0 128.0 day
19471.0 22348.0 128.0 80.0 or
19639.0 22323.0 208.0 104.0 not
19895.0 22323.0 104.0 104.0 Is
20043.0 22328.0 208.0 100.0 not
20304.0 22323.0 192.0 120.0 yet
20540.0 22319.0 292.0 116.0 fully
20880.0 22319.0 444.0 108.0 settled.
21371.0 22323.0 112.0 104.0 A
21548.0 22319.0 496.0 128.0 petition

19192.0 22472.0 116.0 100.0 to
19356.0 22476.0 568.0 96.0 commute
19968.0 22464.0 180.0 108.0 his
20195.0 22472.0 540.0 100.0 sentence
20776.0 22468.0 120.0 100.0 to
20944.0 22464.0 876.0 124.0 Imprisonment
21856.0 22468.0 196.0 120.0 fog

19192.0 22608.0 204.0 104.0 life
19444.0 22635.0 228.0 80.0 was
19723.0 22608.0 596.0 128.0 picsented
20400.0 22612.0 116.0 100.0 to
20599.0 22608.0 592.0 104.0 Governor
21272.0 22608.0 744.0 124.0 Tlmyeryes-
22011.0 22651.0 40.0 56.0 <

19195.0 22752.0 388.0 124.0 teulay
19592.0 22823.0 24.0 48.0 ,
19708.0 22752.0 228.0 104.0 and
20048.0 22755.0 640.0 100.0 to-morrow
20772.0 22748.0 332.0 116.0 night
21191.0 22744.0 128.0 108.0 L.
21383.0 22744.0 176.0 112.0 W.
21636.0 22748.0 368.0 128.0 Colby
21991.0 22816.0 48.0 68.0 ,
22023.0 22732.0 40.0 36.0 '

19192.0 22863.0 552.0 108.0 Marion's
19787.0 22876.0 524.0 112.0 attorney
20319.0 22936.0 28.0 40.0 ,
20420.0 22863.0 232.0 104.0 will
20703.0 22863.0 132.0 100.0 ho
20888.0 22863.0 340.0 104.0 heard
21319.0 22863.0 140.0 120.0 by
21523.0 22863.0 196.0 108.0 the
21779.0 22891.0 216.0 96.0 gov

19192.0 23008.0 340.0 80.0 einor
19580.0 22987.0 112.0 96.0 in
19744.0 22987.0 472.0 128.0 support
20255.0 22979.0 128.0 100.0 of
20447.0 22979.0 192.0 100.0 the
20688.0 22979.0 524.0 112.0 petition.
21343.0 22967.0 704.0 136.0 Marionhaf

19195.0 23099.0 248.0 104.0 said
19543.0 23095.0 636.0 104.0 heietoloio
20276.0 23095.0 248.0 104.0 that
20648.0 23103.0 136.0 92.0 ho
20883.0 23091.0 384.0 108.0 would
21395.0 23099.0 388.0 104.0 rather
21900.0 23095.0 132.0 116.0 be
22016.0 23119.0 36.0 96.0 )

19195.0 23212.0 448.0 104.0 hanired
19695.0 23216.0 272.0 100.0 than
20023.0 23212.0 692.0 124.0 Impilsoned
20772.0 23212.0 172.0 100.0 for
21020.0 23212.0 208.0 104.0 life
21235.0 23288.0 24.0 44.0 ,
21316.0 23208.0 204.0 108.0 but
21604.0 23212.0 388.0 124.0 bright
21991.0 23259.0 52.0 44.0 *
22040.0 23224.0 20.0 32.0 '

19195.0 23327.0 288.0 104.0 ened
19535.0 23356.0 148.0 96.0 up
19720.0 23327.0 788.0 116.0 considerably
20560.0 23327.0 384.0 120.0 to-day
21031.0 23327.0 332.0 104.0 when
21459.0 23331.0 592.0 120.0 Informed

19203.0 23447.0 136.0 116.0 by
19395.0 23451.0 192.0 96.0 the
19628.0 23443.0 396.0 104.0 pherlll
20087.0 23443.0 244.0 104.0 that
20375.0 23443.0 316.0 104.0 there
20744.0 23467.0 232.0 80.0 was
21020.0 23471.0 68.0 80.0 n
21131.0 23447.0 432.0 100.0 chance
21631.0 23447.0 188.0 104.0 for
21856.0 23447.0 188.0 116.0 his
22023.0 23467.0 32.0 96.0 )

19200.0 23567.0 544.0 96.0 sentence
19848.0 23567.0 116.0 96.0 to
20072.0 23563.0 136.0 100.0 bo
20308.0 23560.0 680.0 108.0 commuted.
21183.0 23560.0 180.0 104.0 Ho
21452.0 23563.0 204.0 104.0 has
21743.0 23544.0 68.0 124.0 b

19200.0 23680.0 364.0 104.0 found
19612.0 23676.0 368.0 124.0 guilty
20028.0 23676.0 140.0 124.0 by
20215.0 23680.0 232.0 100.0 two
20508.0 23676.0 356.0 128.0 juries
20907.0 23676.0 228.0 108.0 and
21188.0 23680.0 176.0 104.0 his
21407.0 23680.0 344.0 108.0 death
21787.0 23703.0 40.0 84.0 i

19203.0 23803.0 328.0 92.0 tonre
19580.0 23795.0 724.0 104.0 pronounced
20356.0 23795.0 140.0 120.0 by
20523.0 23795.0 440.0 120.0 Judges
21016.0 23795.0 116.0 104.0 P.
21171.0 23795.0 592.0 116.0 Davldnon
21804.0 23824.0 24.0 84.0 i

19200.0 23911.0 108.0 104.0 J.
19360.0 23911.0 156.0 104.0 H.
19575.0 23899.0 444.0 120.0 lltoaiiv
20028.0 23983.0 28.0 52.0 ,
20107.0 23911.0 268.0 104.0 both
20427.0 23915.0 124.0 100.0 of
20612.0 23915.0 376.0 100.0 whom
21040.0 23939.0 204.0 96.0 say
21331.0 23911.0 316.0 108.0 there
21712.0 23915.0 104.0 100.0 Is

19208.0 24028.0 528.0 124.0 question
19831.0 24032.0 200.0 100.0 but
20119.0 24032.0 244.0 100.0 that
20467.0 24032.0 144.0 100.0 ho
20663.0 24051.0 236.0 80.0 was
20988.0 24055.0 416.0 80.0 proven
21488.0 24028.0 376.0 124.0 guilty
21920.0 24028.0 144.0 116.0 of

19203.0 24148.0 456.0 100.0 murder
19856.0 24148.0 248.0 100.0 The
20148.0 24148.0 320.0 120.0 great
20543.0 24143.0 532.0 124.0 majority
21127.0 24148.0 120.0 100.0 ot
21316.0 24148.0 192.0 100.0 the
21563.0 24148.0 496.0 112.0 cltlseM

19203.0 24263.0 128.0 100.0 of
19395.0 24263.0 308.0 116.0 Gaga
19787.0 24267.0 424.0 112.0 county
20264.0 24259.0 220.0 108.0 feel
20572.0 24263.0 248.0 100.0 that
20907.0 24263.0 188.0 100.0 tlm
21188.0 24259.0 492.0 108.0 verdicts
21747.0 24288.0 312.0 96.0 were

19203.0 24379.0 244.0 120.0 just
19491.0 24379.0 224.0 104.0 and
19767.0 24379.0 248.0 104.0 that
20060.0 24383.0 192.0 100.0 thu
20296.0 24383.0 544.0 104.0 sentence
20903.0 24375.0 412.0 108.0 should
21388.0 24383.0 204.0 104.0 not
21651.0 24379.0 140.0 108.0 be
21851.0 24379.0 128.0 112.0 In
21979.0 24424.0 80.0 52.0 *

19208.0 24500.0 492.0 100.0 terlered
19752.0 24496.0 308.0 108.0 with.

20752.0 24587.0 48.0 40.0 %

19511.0 24739.0 724.0 100.0 ColumhiiH
20311.0 24739.0 648.0 120.0 Sporting
21028.0 24739.0 612.0 120.0 BpHntnr
21639.0 24760.0 80.0 80.0 *
21712.0 24799.0 36.0 40.0 .

19331.0 24875.0 684.0 108.0 COI.IIMIIUH
20028.0 24951.0 24.0 44.0 ,
20107.0 24875.0 276.0 116.0 Neb.
20400.0 24947.0 24.0 52.0 ,
20535.0 24875.0 384.0 104.0 Mnrch
21003.0 24879.0 184.0 100.0 0.-
21247.0 24875.0 32.0 128.0 [
21292.0 24871.0 448.0 132.0 Special
21775.0 24871.0 288.0 124.0 TeW

19212.0 25043.0 380.0 84.0 esinin
19683.0 25028.0 120.0 96.0 to
19892.0 25019.0 192.0 104.0 the
20131.0 25019.0 312.0 128.0 Biij
20287.0 25043.0 20.0 80.0 :
20368.0 25043.0 28.0 80.0 :
20580.0 25019.0 248.0 104.0 The
20935.0 25015.0 528.0 128.0 sporting
21520.0 25019.0 344.0 124.0 spirit
21920.0 25040.0 144.0 104.0 OC

19215.0 25164.0 436.0 104.0 Omaha
19700.0 25160.0 96.0 108.0 Is
19851.0 25164.0 592.0 120.0 becoming
20520.0 25187.0 68.0 80.0 a
20648.0 25160.0 652.0 124.0 contagion.
21432.0 25160.0 624.0 124.0 Columbus
22031.0 25187.0 36.0 108.0 ]

19215.0 25304.0 204.0 104.0 has
19520.0 25304.0 416.0 124.0 caught
20048.0 25304.0 116.0 108.0 It.
20308.0 25304.0 620.0 128.0 Vcsterdny
21011.0 25331.0 68.0 76.0 a
21176.0 25304.0 532.0 112.0 five-mile
21799.0 25308.0 268.0 120.0 feet

19215.0 25471.0 248.0 80.0 race
19520.0 25471.0 228.0 76.0 was
19796.0 25471.0 212.0 80.0 run
20063.0 25447.0 436.0 104.0 aroi-ml
20552.0 25447.0 188.0 104.0 the
20772.0 25447.0 372.0 124.0 public
21188.0 25471.0 404.0 104.0 square
21639.0 25447.0 144.0 128.0 by
21824.0 25455.0 244.0 112.0 two

19212.0 25587.0 860.0 124.0 professloiinls.
20112.0 25587.0 476.0 124.0 making
20624.0 25587.0 292.0 116.0 good
20967.0 25587.0 276.0 108.0 tlmo
21284.0 25587.0 232.0 108.0 and
21563.0 25615.0 64.0 80.0 a
21671.0 25599.0 392.0 120.0 pretty
22159.0 25687.0 44.0 20.0 .

19212.0 25715.0 324.0 104.0 spurt
19580.0 25731.0 148.0 76.0 on
19784.0 25708.0 192.0 100.0 tlio
20020.0 25712.0 224.0 96.0 last
20287.0 25708.0 220.0 124.0 lap.
20639.0 25708.0 460.0 104.0 Several
21168.0 25708.0 248.0 104.0 foot
21499.0 25731.0 312.0 84.0 races
21856.0 25723.0 276.0 124.0 aref

19215.0 25844.0 144.0 80.0 on
19420.0 25819.0 188.0 104.0 the
19656.0 25819.0 292.0 120.0 tapis
19959.0 25891.0 24.0 48.0 ,
20116.0 25823.0 104.0 100.0 A
20276.0 25823.0 572.0 116.0 professor
20895.0 25823.0 112.0 104.0 in
21063.0 25848.0 216.0 76.0 one
21319.0 25827.0 128.0 100.0 of
21511.0 25848.0 208.0 84.0 our
21760.0 25807.0 340.0 148.0 pub/

19220.0 25935.0 148.0 104.0 Ilo
19407.0 25939.0 444.0 100.0 schools
19900.0 25935.0 224.0 104.0 and
20176.0 25959.0 140.0 80.0 an
20383.0 25959.0 592.0 84.0 uiiKnown
21067.0 25943.0 292.0 100.0 Iroui
21464.0 25935.0 308.0 116.0 Utah
21819.0 25963.0 192.0 108.0 wy
22139.0 25984.0 24.0 36.0 '

19220.0 26079.0 292.0 100.0 open
19580.0 26051.0 192.0 108.0 the
19816.0 26051.0 524.0 124.0 spotting
20383.0 26079.0 436.0 80.0 season.

19663.0 26295.0 272.0 100.0 The
20016.0 26295.0 404.0 100.0 Iloom
20496.0 26312.0 136.0 84.0 at

19863.0 26455.0 308.0 84.0 iiiiiio
20188.0 26508.0 24.0 52.0 ,
20292.0 26431.0 272.0 112.0 Neb.
20627.0 26435.0 384.0 104.0 Miuch
21099.0 26439.0 88.0 108.0 P.
21339.0 26435.0 24.0 128.0 [
21383.0 26435.0 456.0 132.0 Special
21927.0 26455.0 140.0 112.0 ta

19220.0 26580.0 192.0 104.0 tlio
19464.0 26580.0 344.0 128.0 BKK.J
19944.0 26580.0 244.0 108.0 Thu
20232.0 26584.0 324.0 100.0 boom
20616.0 26580.0 172.0 104.0 for
20851.0 26580.0 728.0 128.0 .Stroiniburg
21631.0 26584.0 104.0 108.0 Is
21779.0 26611.0 304.0 96.0 BOW.

19223.0 26751.0 64.0 76.0 a
19328.0 26724.0 408.0 108.0 settled
19792.0 26724.0 256.0 108.0 fact.
20176.0 26720.0 248.0 108.0 Thu
20503.0 26747.0 292.0 84.0 crew
20892.0 26751.0 312.0 80.0 c.iiuo
21252.0 26747.0 120.0 84.0 in
21427.0 26731.0 624.0 128.0 yesterday

19223.0 26871.0 120.0 100.0 to
19380.0 26891.0 292.0 100.0 open
19740.0 26867.0 308.0 108.0 work
20131.0 26891.0 144.0 80.0 on
20331.0 26867.0 192.0 104.0 tlio
20604.0 26891.0 252.0 80.0 now
20956.0 26867.0 484.0 108.0 laltrond
21528.0 26879.0 500.0 128.0 running
22028.0 26903.0 36.0 92.0 ;

19223.0 27011.0 332.0 104.0 south
19639.0 27007.0 484.0 120.0 through
20220.0 27003.0 308.0 116.0 York
20540.0 27083.0 28.0 52.0 ,
20659.0 27015.0 232.0 100.0 and
21003.0 27011.0 200.0 112.0 put
21287.0 27007.0 120.0 108.0 In
21508.0 27011.0 508.0 132.0 Improve-

19232.0 27159.0 368.0 96.0 ments
19680.0 27159.0 116.0 100.0 at
19883.0 27151.0 192.0 104.0 the
20119.0 27151.0 352.0 116.0 depot
20560.0 27155.0 292.0 104.0 hero.
20979.0 27151.0 248.0 104.0 The
21279.0 27147.0 124.0 116.0 U.
21459.0 27155.0 104.0 104.0 &
21612.0 27155.0 152.0 112.0 M.
21819.0 27163.0 244.0 112.0 will

19227.0 27271.0 372.0 112.0 surely
19651.0 27271.0 132.0 104.0 bu
19831.0 27271.0 508.0 116.0 running
20388.0 27271.0 368.0 104.0 tialns
20851.0 27271.0 244.0 104.0 Into
21136.0 27271.0 728.0 128.0 Siromsburg
21912.0 27279.0 156.0 128.0 by

19232.0 27388.0 188.0 104.0 thu
19471.0 27392.0 156.0 100.0 1st
19671.0 27392.0 120.0 100.0 of
19840.0 27388.0 656.0 124.0 September
20496.0 27460.0 28.0 28.0 ,
20580.0 27375.0 224.0 120.0 and
20851.0 27415.0 76.0 88.0 w
20964.0 27388.0 160.0 104.0 ith
21168.0 27388.0 228.0 104.0 ihls
21435.0 27415.0 388.0 84.0 comae
21860.0 27399.0 212.0 112.0 the

19227.0 27511.0 492.0 112.0 greatest
19804.0 27503.0 324.0 104.0 boom
20171.0 27528.0 212.0 80.0 our
20464.0 27495.0 220.0 116.0 llvo
20735.0 27503.0 288.0 104.0 little
21112.0 27511.0 308.0 96.0 town
21516.0 27507.0 212.0 108.0 has
21863.0 27539.0 60.0 84.0 v
22003.0 27539.0 68.0 92.0 r

19232.0 27619.0 736.0 124.0 experienced
19996.0 27695.0 24.0 32.0 ,
20168.0 27623.0 92.0 108.0 A
20319.0 27623.0 476.0 100.0 number
20836.0 27623.0 128.0 100.0 of
21023.0 27619.0 500.0 112.0 changes
21567.0 27627.0 124.0 108.0 In
21740.0 27623.0 100.0 112.0 bt
21959.0 27631.0 28.0 16.0 "
22075.0 27631.0 12.0 16.0 '

19235.0 27759.0 268.0 80.0 ness
19555.0 27743.0 284.0 100.0 have
19927.0 27735.0 276.0 108.0 been
20259.0 27735.0 328.0 104.0 made
20631.0 27735.0 228.0 104.0 and
20939.0 27739.0 556.0 108.0 biitlaesr
21560.0 27767.0 260.0 84.0 men

19240.0 27855.0 424.0 108.0 fueling
19712.0 27851.0 492.0 128.0 jubll.n't
20252.0 27875.0 196.0 84.0 sit
20467.0 27879.0 40.0 76.0 :
20563.0 27855.0 188.0 104.0 tLo
20799.0 27864.0 584.0 120.0 prospects
21444.0 27855.0 40.0 16.0 '
