21188 27768
1829 454 1181 201 WEATHEK.

1325 689 686 159 Probably
1997 693 326 135 fair
2330 699 430 147 today
2733 697 328 135 and
3063 705 700 135 tomorrow;

1174 810 697 129 moderate
1874 804 846 141 temperature.

1325 908 914 141 Temperature
2234 902 282 129 for
2530 898 819 153 twenty-four
3344 902 451 129 hours

1200 1013 514 135 ending
1680 1012 214 117 at
1898 1003 198 123 10
2068 1002 529 129 o'clock
2598 1006 281 129 last
2860 1002 437 153 night:
3309 998 432 153 High-

1221 1122 268 129 est,
1515 1111 184 123 84
1691 1112 214 117 at
1892 1108 133 117 4
2016 1124 316 117 p.m.
2333 1102 728 153 yesterday;
3099 1108 475 141 lowest,
3581 1106 198 129 64

1209 1223 221 123 at
1455 1215 123 123 5
1598 1231 323 99 a.m.
1943 1202 709 153 yesterday.
2698 1210 356 129 Full
3089 1212 458 141 report
3563 1230 242 105 on

1216 1340 376 117 page
1592 1310 155 129 3.

17321 493 712 183 Member
18079 490 255 177 of
18394 495 322 171 the
18735 490 881 177 Associated
19630 486 518 177 Proas

17386 699 294 123 The
17655 699 651 123 Aoooeiated
18282 700 375 117 Preoa
18671 700 151 117 I*
18828 697 651 135 exelnrtnlr
19432 690 531 129 ntitled
19960 692 198 117 ta

17425 801 228 111 the
17599 820 290 93 we
17887 800 230 117 far
18111 792 741 141 repablicatloa
18844 801 179 111 of
19013 795 211 123 all
19204 815 349 99 Btwa
19538 789 619 135 dlopatchea

17420 885 498 135 credited
17914 901 177 111 to
18092 896 144 117 It
18233 916 198 93 or
18413 901 231 111 not
18648 896 579 117 otherwlae
19212 895 571 123 cnOM
19712 891 178 123 la
19892 892 261 117 this

17406 1008 372 117 paper
17758 996 273 117 and
18010 996 297 117 alto
18298 991 231 123 the
18540 996 293 117 local
18827 1016 342 93 aewa
19144 987 586 147 pabllahed
19707 986 423 129 batata.

17720 1155 246 123 All
17967 1155 402 147 righto
18369 1159 182 123 ot
18547 1151 653 147 poUteatloa
19201 1154 189 129 of
19392 1147 427 147 apeeial

17731 1252 618 141 dlopatcheo
18353 1260 409 117 berela
18749 1279 277 99 an
18993 1255 284 123 alaa
19276 1250 523 129 reeerred.

17720 1767 173 123 I
17881 1804 143 69 ?

18475 1674 43 33 ?
18551 1656 163 117 r
18759 1662 83 105 t
18856 1654 133 105 *

18530 1773 509 111 tii

19765 1663 183 123 r
19983 1665 126 87 ??
20098 1660 153 117 v

19734 1779 73 99 i
19876 1764 93 117 ?
20065 1800 63 93 <

491 2172 457 237 No.
1007 2144 925 261 701?No.
2002 2125 702 279 27,158.

7087 2139 1816 291 WASHINGTON,
8947 2161 353 231 D.
9384 2144 363 285 C.,
9860 2152 1149 237 SUNDAY
10941 2141 1295 279 MORNING,
12321 2139 1598 243 SEPTEMBER
13940 2137 236 279 1,
14281 2141 679 231 1918*

19112 2144 792 237 FIVE
19857 2148 1005 237 CENTa

278 2526 1303 705 DISTRICT
1362 2493 1454 735 MEASURE,

277 3129 63 303 !
375 3135 599 699 ON
781 3099 2135 723 HALF-AND-HALF

559 3721 919 735 BASIS,
1361 3716 1005 693 MADE
2233 3708 821 693 LAW

314 4617 906 255 President
1244 4604 582 285 Signs
1826 4593 411 279 Bill,
2220 4590 696 249 Which

477 4914 738 249 Carries
1167 4901 547 255 Total
1715 4881 966 303 Appropria-

577 5212 405 237 tion
939 5208 261 237 of
1144 5183 1504 291 $15,046,768.66.

305 5702 680 249 GIVES
917 5698 827 249 HIGHER
1654 5687 1042 267 SALARIES

689 5998 387 249 TO
990 5998 677 249 MANY
1595 5988 663 261 FROM
2166 5990 757 249 TODAY

286 6506 676 201 Further
976 6499 897 243 legislation
1838 6502 854 225 Necessary
2707 6510 193 177 if

423 6741 800 231 Employes
1144 6744 393 189 Are
1491 6755 238 171 to
1661 6735 362 195 Get
1946 6736 610 189 Benefit
2524 6742 245 177 of

714 6977 749 183 Increases
1413 6969 535 183 From
1868 6962 444 225 July
2271 6965 184 183 1.

448 7413 677 183 farrying
1165 7424 267 141 the
1467 7413 388 159 usual
1909 7396 673 189 provision
2629 7403 265 147 for

250 7671 73 99 t
284 7588 593 165 making
870 7581 880 183 expenditures
1765 7578 265 153 for
2053 7574 267 153 the
2295 7569 576 159 District

260 7809 53 63 ?
342 7756 200 141 f-f
524 7752 708 165 Columbia,
1247 7790 304 105 one
1510 7746 335 153 half
1843 7761 211 135 to
2033 7742 245 153 be
2250 7737 375 183 paid
2604 7753 279 135 out

343 7924 192 141 i?f
571 7927 257 147 the
856 7953 614 111 revenues
1490 7914 208 153 of
1725 7909 263 159 the
1975 7905 580 159 District
2575 7905 319 159 and

287 8095 317 147 Die
586 8090 397 153 other
974 8096 266 141 out
1242 8085 208 159 of
1452 8086 260 153 the
1704 8076 499 165 federal
2189 8074 683 177 Treasury,

323 8265 277 135 the
619 8259 579 147 District
1246 8249 955 183 appropriation
2222 8242 302 153 bill
2557 8277 335 111 was

316 8427 240 147 tin
482 8417 344 183 ally
855 8417 505 183 passed
1396 8413 263 183 by
1701 8418 267 153 the
2006 8414 517 153 Senate
2567 8405 326 159 and

283 8590 493 153 House
820 8590 296 153 late
1133 8580 715 189 yesterday
1855 8582 717 153 afternoon.
2695 8573 176 159 It
2885 8591 23 51 '

319 8798 306 105 >vas
652 8747 492 195 signed
1134 8764 273 141 bv
1414 8754 277 153 the
1691 8744 602 189 Speaker
2303 8750 326 153 and
2630 8737 276 183 by

283 8926 389 153 Vice
681 8926 691 153 President
1368 8922 658 153 Marshall
2071 8923 326 147 and
2432 8914 405 153 imme-

294 9089 554 183 diately
851 9109 306 135 sent
1200 9110 191 129 to
1401 9090 260 153 the
1609 9086 527 153 White
2105 9087 503 147 House
2603 9078 279 153 for

309 9267 283 147 the
573 9252 609 189 approval
1182 9259 212 147 of
1393 9263 267 147 the
1618 9254 726 153 President.

432 9425 336 159 The
753 9425 691 159 President
1475 9418 475 177 signed
1954 9428 270 141 the
2224 9413 318 159 biH
2532 9449 354 111 soon

290 9613 427 135 after
740 9603 155 147 it
928 9594 564 153 reached
1484 9591 347 171 him,
1851 9586 329 153 and
2189 9592 161 141 it
2380 9592 166 141 is
2552 9618 364 105 now

294 9797 193 111 ft
497 9766 275 153 law.

450 10013 845 159 Thousands
1232 10009 444 159 Will
1663 10010 335 153 Get
2003 10011 684 147 Increase.

406 10217 343 135 The
726 10214 314 153 bill,
1034 10222 491 129 which
1495 10218 315 129 had
1788 10213 375 135 been
2178 10214 176 129 in
2338 10204 501 141 confer-

282 10387 393 99 ence
664 10363 265 123 for
881 10388 438 93 more
1324 10363 347 123 than
1670 10346 862 177 t\?p~4nonths,
2550 10375 283 99 car-

288 10507 343 123 ries
604 10532 173 93 a
777 10502 346 129 total
1129 10503 224 123 of
1345 10489 926 159 $l.r?f046.768.66.
2355 10490 180 129 It
2532 10511 302 123 pro-

289 10619 441 123 vides
742 10614 643 129 increases
1418 10610 180 129 in
1601 10611 583 123 salaries
2192 10607 268 123 for
2474 10608 405 117 thou-
2885 10666 23 57 ,

295 10727 446 123 Hands
714 10718 198 129 of
915 10727 254 123 the
1139 10717 561 135 District
1692 10716 668 141 employes,
2396 10710 480 129 includ-
2889 10697 23 135 i

327 10836 281 141 ins
601 10835 451 123 school
1100 10830 600 129 teachers
1692 10831 326 123 and
1992 10822 687 129 members
2675 10819 218 123 of

317 10947 264 123 the
560 10939 460 147 police
1011 10938 395 129 force.
1529 10943 139 123 It
1656 10931 632 147 provides
2259 10930 347 129 also
2572 10947 311 123 pay

308 11051 255 123 for
556 11076 243 93 an
832 11051 565 123 increase
1394 11046 198 129 of
1630 11052 229 117 144
1860 11047 563 123 firemen
2443 11053 180 111 to
2621 11059 200 99 es-

303 11163 526 123 tablish
800 11188 173 93 a
965 11155 859 147 two-platoon
1787 11171 541 123 system.

437 11267 714 147 Beginning1
1209 11267 420 147 today,
1700 11265 264 135 the
1992 11263 653 147 employes
2674 11259 201 123 of

296 11383 284 123 the
587 11383 589 123 District
1185 11379 349 123 will
1573 11392 282 117 ?et
1916 11379 267 123 the
2237 11370 659 129 increased

295 11490 585 129 fralaries
882 11490 615 129 intended
1483 11485 265 135 for
1737 11481 395 135 them.
2170 11479 439 147 They
2520 11478 342 129 will

291 11610 294 129 not,
638 11601 623 135 however,
1312 11606 265 129 get
1643 11599 257 123 the
1957 11600 631 117 increases
2629 11586 245 129 for

323 11710 265 129 the
639 11711 279 123 last
1000 11726 306 105 two
1311 11711 566 123 months
1915 11701 371 135 until
2354 11698 524 129 further

312 11815 743 147 legislation
1095 11819 169 123 is
1303 11818 582 129 enacted
1931 11816 242 141 by
2203 11812 684 141 Congress
2884 11874 27 57 ?,

284 11928 855 141 authorizing
1123 11932 268 117 the
1350 11933 633 135 payment
1956 11922 218 129 of
2162 11923 273 123 the
2353 11940 536 117 money
2878 11897 33 183 j

303 12035 363 147 they
638 12039 378 123 have
1013 12034 422 129 failed
1443 12049 184 111 to
1612 12034 525 129 receive.

456 12146 149 129 It
609 12172 340 93 was
953 12144 788 141 confidently
1713 12144 695 141 predicted
2370 12148 235 117 at
2603 12138 284 129 the
2875 12132 43 141 !

276 12250 532 153 Capitol
851 12256 711 141 yesterday
1592 12254 308 129 that
1952 12255 256 123 the
2219 12256 363 117 next
2598 12250 266 129 dc-
2885 12226 23 153 i

299 12366 564 129 ficiencv
863 12363 974 147 appropriation
1839 12367 294 123 bill,
2195 12355 697 147 following
2881 12334 23 153 1

301 12499 373 99 soon
693 12465 401 135 after
1148 12480 261 117 the
1456 12489 576 111 revenue
2052 12462 314 153 bill,
2391 12466 494 129 would
2871 12453 43 159 i

264 12577 463 135 make
735 12575 679 147 provision
1432 12578 276 129 for
1712 12574 543 153 paying
2265 12579 271 123 the
2557 12599 292 99 em-

296 12691 492 147 ployes
819 12696 257 117 the
1110 12690 646 129 increases
1768 12686 265 129 for
2057 12686 270 129 the
2300 12686 580 129 months
2878 12693 33 159 j

351 12804 156 117 )T
503 12799 377 147 July
859 12803 309 123 and
1163 12806 558 129 August.
1833 12793 163 135 It
1991 12824 349 93 was
2346 12794 270 129 the
2642 12794 187 129 in-

306 12915 518 123 tention
809 12910 205 129 of
980 12907 684 147 Congress
1649 12911 312 123 that
1976 12911 260 123 the
2213 12902 660 153 employes

290 13022 505 129 should
795 13017 384 135 have
1192 13028 264 117 the
1485 13017 640 135 inepeases,
2156 13011 736 147 beginning

264 13131 410 123 with
669 13135 267 123 the
915 13136 388 117 fiscal
1310 13148 352 117 year
1625 13121 399 159 ;&uly
2006 13125 134 135 1,
2140 13127 322 123 and
2412 13152 437 93 mem-

285 13234 367 129 bers
664 13239 215 123 of
881 13241 694 135 Congress
1619 13234 639 129 consider
2313 13234 326 129 that
2730 13235 145 123 it
2878 13237 33 135 i

264 13346 506 129 would
742 13352 226 117 be
931 13346 479 129 unfair
1408 13357 187 111 to
1534 13344 451 141 make
1981 13347 263 123 the
2217 13338 664 153 employes
2882 13331 33 195 j

313 13453 322 135 lose
664 13459 271 123 the
963 13459 656 123 increases
1654 13455 255 123 for
1938 13455 273 123 the
2251 13455 295 123 last
2571 13464 326 117 two

251 13561 597 135 months
846 13566 573 129 because
1406 13562 205 129 of
1618 13563 267 123 the
1882 13557 651 135 deadlock
2508 13582 373 105 over

310 13674 267 129 the
575 13675 258 123 bill
893 13674 170 129 in
1061 13669 767 135 confercnce.

640 13870 533 153 What
1144 13875 594 147 Caused
1673 13869 758 159 Deadlock.

432 14073 321 135 The
731 14077 625 135 deadlock
1319 14074 561 129 between
1881 14074 258 129 the
2129 14079 297 123 two
2391 14068 478 141 houses
2881 14085 23 87 :

281 14202 362 105 was
615 14208 346 93 over
964 14188 255 117 the
1196 14181 890 135 half-and-half
2061 14169 361 159 plan
2396 14178 214 129 of
2594 14205 239 111 ap-

302 14287 766 147 propriation
1090 14286 240 129 for
1341 14286 266 129 the
1581 14284 560 141 District,
2150 14286 463 129 which
2624 14286 245 129 the

291 14394 489 129 House
780 14385 453 159 sought
1278 14409 173 111 to
1440 14394 256 129 kill
1720 14391 238 147 by
1920 14415 485 99 means
2406 14395 194 123 of
2624 14400 259 117 the
2881 14361 23 207 j

294 14503 423 123 Hard
759 14498 789 129 amendment,
1642 14499 272 123 the
1932 14494 491 129 Keller
2459 14496 455 141 claim;

314 14602 763 129 amendment
1078 14602 440 129 added
1502 14600 221 141 by
1732 14603 255 123 the
1967 14608 481 117 Senate
2427 14603 311 123 and
2708 14629 173 87 a

295 14701 488 135 House
790 14694 629 153 provision
1448 14702 300 129 that
1792 14697 252 135 the
2064 14725 597 111 expenses
2674 14708 200 117 of

336 14812 256 117 the
580 14803 455 147 public
1024 14802 835 153 playgrounds
1853 14810 483 129 should
2316 14806 231 129 be
2525 14806 360 153 paid
2878 14834 33 153 j

327 14916 505 141 c-ntirelj
899 14929 262 111 out
1211 14919 200 123 of
1467 14918 249 129 the
1726 14919 557 123 District
2288 14935 564 123 moneys,
2881 14901 23 183 j

294 15023 471 123 which
761 15017 258 135 the
1000 15028 488 117 Senate
1481 15019 579 147 changed,
2077 15019 822 147 substituting
2882 15109 33 39 ,

336 15127 253 123 the
578 15127 873 123 half-and-half
1425 15129 356 135 plan.

443 15231 325 123 The
753 15225 474 135 House
1233 15227 494 147 yielded
1737 15255 215 99 on
1973 15230 252 129 the
2224 15230 633 129 half-and-
2878 15263 33 123 ;

312 15329 331 135 half
628 15331 360 147 plan,
985 15329 453 135 which
1442 15338 542 129 remains
1970 15364 218 93 as
2201 15339 166 123 in
2376 15338 252 129 the
2611 15337 268 135 old

339 15436 289 141 law,
619 15439 308 123 and
924 15449 245 111 the
1148 15443 481 123 Senate
1638 15443 313 123 then
1920 15440 522 141 yielded
2403 15468 235 93 on
2618 15443 255 123 the

297 15543 415 123 other
701 15558 297 105 two
939 15557 573 111 matters
1482 15557 201 111 at
1697 15546 345 129 issue.

443 15651 321 123 The
752 15651 626 123 conferees
1366 15676 222 93 on
1599 15649 245 135 the
1834 15650 253 129 bill
2060 15659 324 123 met
2379 15657 485 135 yester-
2885 15677 23 135 ;

304 15746 322 153 day
613 15754 658 129 afternoon
1261 15759 298 123 and
1553 15750 572 153 speedily
2116 15757 542 135 reached
2646 15788 233 93 an

310 15871 711 123 rgreement.
1070 15863 432 123 Their
1496 15875 417 123 report
1886 15892 342 93 was
2208 15866 667 129 submitted
2878 15847 33 147 !

326 15966 299 129 first
623 15982 184 105 to
798 15961 235 135 the
978 15966 478 129 House
1415 15963 235 147 by
1595 15958 1116 177 ChairmanJSisson
2671 15968 255 141 ot-1

332 16073 263 111 the
561 16070 906 129 subcommittee
1435 16100 235 93 on
1619 16068 563 141 District
2159 16075 671 147 appropria-

333 16174 357 129 lions.
850 16169 142 135 It
1009 16200 335 93 was
1348 16175 566 147 adopted
1920 16179 638 147 promptly
2571 16182 318 129 and

339 16278 321 129 then
656 16293 302 111 sent
998 16293 180 111 to
1179 16286 245 129 the
1408 16287 485 123 Senate.

444 16386 549 129 Senator
966 16381 438 159 I/Odge
1366 16391 194 123 of
1509 16387 984 147 Massachusetts,
2469 16394 410 129 when

309 16492 169 117 S<
469 16505 396 111 nator
873 16495 373 123 John
1217 16493 547 135 Walter
1765 16499 456 123 Smith
2212 16503 206 123 of
2397 16495 437 147 Mary-

276 16604 53 69 ?
339 16595 99 123 1.
508 16594 169 129 id
626 16599 429 123 made
1048 16599 262 123 the
1284 16607 452 123 report,
1725 16603 448 123 asked
2169 16603 149 123 if
2305 16602 252 129 the
2508 16612 295 117 Kel-

350 16700 209 117 ler
553 16698 440 129 claim
936 16702 765 129 amendment
1691 16702 304 129 had
1969 16701 362 135 been
2316 16710 570 129 retained

347 16798 174 129 in
562 16802 249 129 the
805 16796 288 141 bill.
1200 16811 549 123 Senator
1749 16809 449 135 Smith
2216 16812 506 141 replied
2724 16819 158 123 it

253 17015 63 27 .
323 16906 308 129 h-'d
634 16921 261 111 not.
992 16910 549 153 Sepator
1573 16916 400 141 l/xlge
1972 16919 323 123 said
2308 16923 293 123 that
2635 16927 242 123 the

312 17011 473 123 K'ller
784 17010 426 129 claim
1161 17039 335 99 was
1490 17015 284 147 just
1803 17023 285 123 and
2114 17022 280 129 that
2418 17027 215 123 he
2637 17052 185 93 re-

319 17118 519 129 pratted
802 17115 790 147 exceedingly
1569 17122 272 129 the
1778 17126 508 129 Senate
2242 17129 653 135 conferees

326 17224 153 117 h
477 17229 143 111 d
615 17220 518 141 yielded
1110 17252 218 93 on
1344 17231 252 123 the
1559 17245 507 111 matter.
2146 17234 270 129 He
2408 17239 457 147 sought
2892 17271 13 51 '

343 17338 154 105 t??
522 17322 369 129 have
894 17332 251 117 the
1153 17330 722 129 conference
1887 17347 418 123 report
2335 17340 551 141 rejected

335 17425 310 135 that
721 17431 239 123 the
976 17434 488 129 Senate
1467 17436 438 141 might
1966 17437 492 135 further
2513 17445 345 135 insist

327 17553 365 111 upon
688 17534 278 129 this
932 17535 634 147 provision.

534 17732 753 165 Considers
1226 17737 553 159 Keller
1750 17745 538 159 Claim
2204 17754 415 153 Just.

429 17941 584 135 Senator
979 17945 704 135 Robinson
1682 17955 218 123 of
1857 17957 708 135 Arkansas,
2586 17982 295 105 one

281 18056 226 117 of
556 18060 255 117 the
807 18061 694 135 conferees,
1541 18064 690 141 explained
2264 18075 315 123 that
2613 18075 278 123 the

358 18171 439 123 -louse
780 18166 325 129 had
1104 18174 579 129 refused
1684 18185 210 111 to
1896 18175 412 147 yield
2314 18207 229 99 on
2566 18186 318 129 this

287 18281 837 135 amendment,
1116 18287 315 123 and
1439 18286 309 129 that
1756 18286 257 129 the
2001 18287 359 147 joint
2363 18304 501 117 resolu-
2878 18269 33 183 |

309 18395 315 123 tion
626 18391 789 147 continuing
1405 18398 270 129 the
1658 18403 1033 147 appropriations
2671 18410 218 129 of

309 18502 288 129 last
592 18529 383 111 year
945 18506 275 129 for
1208 18515 285 123 the
1427 18509 589 135 District
2010 18519 212 123 of
2175 18512 708 141 Columbia

278 18618 488 129 v..uld
737 18620 472 141 expire
1214 18621 524 135 tonight.
1760 18631 340 123 The
2057 18623 599 147 District,
2658 18634 219 129 he

311 18756 123 93 p
482 18729 159 135 d.
662 18735 489 123 would
1163 18739 225 123 be
1392 18732 494 141 placed
1921 18743 181 123 in
2103 18767 243 99 an
2346 18746 486 129 embar-

291 18839 590 147 rassing
816 18843 595 147 position
1414 18847 160 123 if
1550 18876 233 93 no
1761 18846 435 129 funds
2143 18880 413 93 were
2527 18880 296 117 pro-

278 18950 441 129 vided
786 18950 855 153 immediately
1684 18958 275 129 for
2001 18967 271 123 the
2279 18965 586 135 District

288 19078 857 129 government.
1208 19070 333 129 The
1496 19072 509 141 House,
2015 19079 226 123 he
2232 19077 333 135 said,
2578 19087 305 123 had

291 19204 144 93 r.
447 19178 418 129 fused
877 19194 204 105 to
1071 19199 375 123 pass
1428 19213 173 87 a
1612 19185 722 135 resolution
2348 19194 537 129 further

318 19333 73 63 ?
406 19293 685 135 ??ntinuing
1153 19295 270 123 the
1489 19298 270 129 old
1820 19304 1030 141 appropriations.

282 19407 597 123 Senator
880 19401 686 135 Robinson
1573 19410 353 129 also
1940 19414 338 129 said
2309 19413 326 135 that
2652 19418 239 129 he

322 19556 73 69 ?
406 19514 659 129 ???isidered
1093 19519 267 123 the
1377 19517 523 135 Keller
1942 19524 431 141 claim,
2398 19522 517 177 which;

289 19649 183 87 v
496 19649 133 87 s
640 19622 258 129 for
895 19627 645 147 damages
1538 19638 508 129 caused
2057 19648 201 117 to
2240 19649 650 135 propertv
2882 19611 33 75 '

292 19733 516 135 owned
800 19725 253 159 by
1036 19732 593 141 Thomas
1600 19746 281 129 W.
1913 19759 332 123 and
2219 19753 441 135 Alice
2640 19754 214 129 X.

255 19849 544 135 Keller
782 19843 595 147 through
1359 19863 435 123 sf-eet
1788 19861 752 135 extensions
2527 19895 357 99 was

284 19991 173 99 s
485 19964 314 141 just
825 19967 463 123 claim
1257 19987 203 99 at
1479 19972 83 117 1
1602 19970 339 129 that
1949 19979 248 123 he
2212 19979 688 147 regretted

285 20095 389 123 very
668 20079 454 123 much
1157 20072 319 141 that
1532 20087 271 123 the
1812 20085 511 135 Senate
2346 20093 326 135 had
2687 20099 207 123 to

263 20188 658 141 pl-andon
954 20191 155 123 it.

250 20329 33 87 i
416 20298 340 129 The
765 20295 357 147 long
1079 20290 366 153 fight
1439 20323 373 99 over
1803 20301 254 135 the
2014 20309 593 135 District
2591 20339 267 123 ap-

220 20390 93 153 1
254 20406 860 153 T'opriation
1084 20410 275 129 bill
1336 20435 361 99 was
1675 20414 309 129 due
1983 20423 187 123 in
2166 20417 404 159 large
2522 20431 380 147 part

190 20496 153 165 I
306 20546 208 105 to
522 20521 298 135 this
766 20515 534 147 Keller
1265 20519 836 147 amendment,
2133 20533 274 135 the
2380 20537 522 135 Senate

166 20643 193 123 ?
305 20635 669 147 Insisting
984 20638 305 129 that
1360 20642 135 129 it
1513 20638 234 129 be
1766 20640 611 141 retained
2410 20660 184 117 in
2621 20654 278 129 the

147 20740 243 141 ?
297 20756 308 117 bill.
693 20750 350 129 The
1020 20750 506 129 House,
1602 20754 149 129 it
1791 20756 176 117 is
1991 20752 544 141 learned,
2532 20790 370 105 was

302 20887 369 99 reav
684 20873 187 111 to
863 20859 398 147 yield,
1283 20862 493 129 before
1785 20862 278 129 the
2049 20890 587 105 summer
2636 20904 196 93 re-

448 21001 193 87 ss
626 20972 459 141 began,
1091 21000 243 93 on
1328 20975 285 123 the
1574 20973 948 135 half-and-half
2497 20988 371 141 plan,

297 21081 309 135 but
579 21107 367 99 was
935 21097 267 111 not
1200 21077 598 159 willing
1796 21101 191 111 to
1973 21087 434 147 yield
2376 21119 245 99 on
2626 21098 266 129 the

191 21189 602 159 vJveller
765 21193 835 135 amendment.

650 21391 536 195 Delay
1139 21390 554 201 Costly
1663 21412 215 141 to
1818 21400 675 165 District.

94 21551 313 195 I
379 21606 354 129 The
717 21603 424 147 delay
1137 21606 184 129 in
1298 21605 267 135 the
1536 21630 592 129 passage
2103 21609 218 135 of
2309 21618 271 129 the
2530 21617 311 135 Dis-

96 21716 333 165 ?
326 21746 350 129 trict
662 21742 279 129 bill
893 21737 354 159 wilj
1229 21756 313 117 cost
1552 21745 268 135 the
1763 21749 596 135 District
2332 21754 329 129 and
2638 21758 277 129 the

62 21821 765 279 ^federal
857 21898 866 129 government,
1787 21885 339 135 half
2164 21894 326 129 and
2527 21892 346 141 half.

45 21965 711 207 H't'out
735 22048 163 93 a
856 22020 569 141 quarter
1394 22019 204 123 of
1567 22048 163 93 a
1657 22031 576 123 million
2195 22026 534 153 dollars,
2755 22039 145 123 it

118 22093 532 279 ^Rvas
655 22159 539 123 learned
1163 22155 706 147 yesterday.
1893 22167 380 123 This
2282 22176 155 117 is
2418 22174 309 129 due
2717 22185 194 111 to

97 22279 343 147 ?
326 22294 282 129 the
631 22295 295 123 fact
981 22295 315 123 that
1323 22299 338 123 bias
1687 22303 265 123 Tor
1924 22311 634 123 material
2584 22315 329 123 and

84 22382 665 153 ?work
758 22404 440 117 under
1271 22402 257 129 the
1574 22432 364 93 new
1954 22411 960 147 appropriation

101 22497 343 135 ?
313 22503 312 147 bill,
601 22500 514 141 Which
1054 22531 410 99 were
1449 22510 458 129 called
1902 22505 255 135 for
2165 22523 275 123 last
2397 22522 520 129 March

104 22590 333 153 ?
325 22615 313 123 and
585 22608 433 141 April,
1015 22615 319 123 and
1279 22609 501 135 which
1739 22612 738 141 ordinarilv
2412 22630 502 129 would

103 22699 363 147 ?
364 22720 53 117 l
414 22733 295 111 ave
692 22719 378 123 been
1064 22716 491 141 signed
1535 22742 219 105 as
1752 22747 359 99 soon
2095 22751 215 99 as
2317 22730 274 129 the
2567 22754 368 105 new

78 22807 369 147 ?I'
472 22828 131 117 ll
628 22826 555 129 became
1170 22847 193 99 a
1364 22829 300 135 law,
1692 22823 328 147 had,
2040 22833 625 135 perforce,
2711 22853 200 111 to

67 22897 726 183 Bitter
807 22927 457 147 along
1256 22935 368 123 until
1688 22930 353 153 they
2081 22935 446 147 lapsed.
2575 22941 330 135 The

113 23019 318 147 ?<
418 23033 947 135 ommissioners
1391 23033 315 135 had
1730 23068 240 93 no
1983 23043 706 147 authority
2702 23050 201 129 of

106 23117 353 159 ?
333 23143 337 123 law
639 23158 191 105 to
797 23139 360 147 sign
1124 23137 412 135 these
1506 23157 676 111 contracts.
2205 23146 413 129 Now
2594 23154 149 129 it
2747 23159 165 123 is

137 23221 263 159 ?
337 23266 704 129 Ti.cessary
1036 23266 194 105 to
1198 23252 286 141 get
1475 23271 364 99 new
1792 23250 346 129 bids,
2147 23259 319 123 and
2473 23259 174 123 in
2641 23257 271 135 the

125 23343 303 147 ?
326 23363 299 123 last
660 23354 342 129 few
942 23355 594 123 months
1533 23351 475 147 prices
2014 23359 208 123 of
2193 23366 716 129 materials

126 23433 313 159 ?
305 23463 344 123 and
607 23475 509 123 wages
1100 23454 388 129 have
1503 23453 670 135 increased
2161 23482 221 105 so
2357 23472 564 141 greatly

132 23536 293 165 ?
330 23572 334 117 that
675 23572 152 117 it
845 23572 156 117 is
985 23562 698 129 estimated
1693 23573 139 111 it
1802 23566 325 129 will
2148 23576 344 117 take
2470 23578 437 129 about

132 23639 784 171 S5:150.000
896 23686 428 105 more
1350 23681 204 111 to
1575 23666 224 129 let
1839 23665 389 135 these
2248 23692 668 117 contracts

136 23748 293 165 ?
348 23783 358 123 -than
707 23785 148 111 It
812 23770 513 129 would
1284 23775 392 123 have
1647 23773 388 135 done
2000 23778 332 129 had
2317 23782 270 129 the
2538 23786 321 129 Dis-

130 23857 313 159 ?
334 23882 346 129 irict
672 23873 289 135 bill
945 23878 396 129 been
1308 23876 637 141 disposed
1915 23882 215 129 of
2108 23886 680 153 promptly.

521 24314 477 273 130
838 24296 718 285 HUN
1382 24291 1181 291 SOLDIERS

577 24553 767 303 SHOT
1200 24554 540 297 ON
1548 24554 1117 297 REFUSAL

822 24823 499 291 TO
1179 24822 525 297 GO
1562 24818 502 297 TO
1896 24822 924 297 FRONT

606 25149 1050 135 AMSTERDAM,
1715 25159 555 123 Anruat
2321 25159 480 123 31.?

513 25276 346 117 The
885 25267 587 123 frontier
1497 25264 974 141 correxpon<ftrnt
2486 25271 238 123 of

545 25383 274 123 the
776 25365 736 159 Telejrraaf
1482 25380 603 117 deelare*
2082 25378 325 129 that
2406 25393 316 111 two

562 25516 121 93 4.
637 25520 393 93 era
878 25516 153 93 a
958 25521 153 87 a
1086 25493 608 135 regimes
1636 25506 173 105 tn
1807 25496 190 117 in
1945 25490 543 129 Russia
2439 25515 234 99 re-

543 25612 418 117 fused
941 25618 204 105 to
1090 25624 263 117 go
1325 25613 208 111 to
1502 25603 273 123 the
1709 25612 635 117 western
2312 25607 395 123 front

532 25719 329 123 and
898 25720 325 117 that
1268 25715 289 123 130
1561 25714 235 129 of
1827 25714 294 129 the
2131 25714 595 129 soldiers

498 25857 447 87 were
906 25832 369 117 Rhot.

624 25949 465 111 Setea
1089 25938 627 129 hundred
1713 25944 231 117 of
1964 25944 294 117 the
2254 25936 421 141 body-

452 26073 13 39 '
507 26058 537 129 guards
1026 26076 184 93 at
1184 26056 582 117 Munich
1749 26045 563 135 refused
2298 26060 207 117 to
2451 26073 277 111 so

545 26192 204 93 to
802 26162 284 129 ihe
1132 26162 391 129 front
1575 26167 323 123 and
1937 26162 794 129 hnrrieaded

563 26280 766 117 them*elve?
1399 26280 183 117 in
1644 26275 380 123 Iheir
2076 26275 633 123 barrack*

535 26387 371 123 until
962 26384 366 141 they
1302 26408 440 93 were
1754 26380 727 141 eompelled
2518 26393 204 111 to

529 26498 714 129 ?urrender.
1355 26489 294 135 the
1712 26492 1011 141 eorrespondeat

537 26627 371 99 nay*.

441 26702 63 153 i
933 26717 762 303 **-2

2898 4590 669 297 Plenty
3537 4601 270 255 of
3797 4598 599 297 Signs
4358 4594 899 297 Populace
5270 4603 246 243 Is

3244 4897 691 303 Losing
3893 4905 1045 255 Confidence
4951 4906 229 249 in

3821 5209 742 255 Armies.

2884 5713 679 255 MANY
3497 5718 507 249 ARE
3929 5704 1118 261 LISTENING

3279 6018 400 249 TO
3575 6017 550 255 MEN
4052 6013 816 255 URGING
4789 6000 742 261 PEACE

2878 6540 736 189 Hammer
3531 6536 346 189 No
3817 6524 621 237 Longer
4358 6526 502 201 Used
4807 6538 251 177 to
4975 6523 522 195 Drive

3365 6764 495 189 Kails
3859 6760 245 189 in
4029 6753 1002 231 Hindenburg

3900 6996 560 189 Statue.

2918 7408 818 141 Cablegram
3723 7421 213 111 to
3906 7410 367 129 Tke
4260 7408 571 141 S??4?r
4827 7411 356 123 Star
5170 7397 345 135 mni

2974 7519 622 147 Chicago
3507 7524 473 141 Daily
3897 7527 462 123 Xcwa.
4327 7514 746 153 Copyright,
5060 7519 352 123 1?18.

3029 7723 1023 147 AMSTERDAM,
4030 7730 612 129 Holland.
4609 7727 549 147 August
5120 7721 440 135 31.?

2904 7897 503 135 Public
3395 7894 543 153 opinion
3955 7898 187 129 in
4113 7890 679 153 Germany
4799 7889 169 135 Is
4960 7886 545 153 getting

2888 7956 53 309 [
2924 8070 501 129 restive
3420 8065 572 135 because
3987 8064 211 141 of
4210 8065 266 135 the
4460 8061 432 135 allies'
4942 8061 502 135 increas-

2901 8248 23 117 ;
2949 8235 260 147 ing
3197 8263 680 99 successes.

3029 8406 474 129 There
3483 8430 281 105 are
3748 8407 489 147 plenty
4214 8406 211 129 of
4420 8407 397 147 signs
4812 8406 337 129 that
5110 8391 334 147 Ger-

2881 8565 468 159 'many
3368 8583 169 123 is
3549 8574 540 153 rapidly
4097 8575 463 147 losing
4543 8573 738 135 confidence
5264 8595 228 99 as

2884 8634 53 249 !
2921 8746 290 129 she
3197 8770 346 105 sees
3505 8750 307 129 her
3786 8751 509 123 armies
4247 8746 521 129 hurled
4741 8736 429 141 from
5105 8737 394 135 their

2891 8792 43 333 j
2935 8918 501 129 former
3441 8909 786 159 apparently
4248 8910 846 153 impregnable
5100 8907 325 147 posi-

2934 9086 374 129 tions
3265 9085 335 135 and
3544 9111 225 99 as
3750 9081 276 135 the
3982 9078 636 153 casualty
4585 9077 343 135 lists
4913 9077 579 135 increase

2891 9172 43 261 |
2940 9269 190 111 to
3097 9257 743 135 disastrous
3824 9250 809 153 proportions.

3113 9449 1010 159 Pan-German
4050 9443 606 195 Organs'
4638 9444 577 165 Shame.

3029 9657 350 135 The
3408 9654 864 153 pan-German
4295 9675 516 123 organs
4847 9674 429 105 seem
5292 9655 213 123 to

2944 9794 397 129 think
3341 9795 142 123 it
3482 9804 193 117 to
3651 9795 228 123 be
3863 9794 377 129 their
4208 9791 388 147 duty
4571 9795 207 123 to
4757 9790 478 129 shame
5226 9786 266 129 the

2904 9935 589 123 German
3533 9925 595 135 slackers
4167 9926 311 129 and
4516 9918 560 153 publish
5120 9914 380 153 fiery

2921 10067 540 123 articles
3455 10057 442 135 under
3897 10066 382 129 such
4241 10062 693 129 headlines
4905 10082 238 105 as
5137 10057 356 135 "^et

2914 10203 261 123 L's
3169 10198 570 129 Thrash
3718 10198 353 129 Our
4059 10193 705 135 Enemies"
4780 10189 331 135 and
5121 10190 367 129 "Are

2884 10334 312 129 We
3162 10334 995 129 Downhearted?
4182 10320 371 141 No.""
4596 10331 343 123 The
4900 10319 595 147 Cologne

2900 10498 13 57 i
2893 10466 571 129 Gazette
3501 10482 359 129 says
3905 10466 318 129 that
4267 10467 273 123 the
4581 10453 658 159 judgment
5271 10454 221 129 of

2934 10597 468 135 future
3394 10599 829 147 generations
4196 10603 348 123 will
4563 10593 648 135 condemn
5215 10590 276 129 the

2906 10735 676 147 country's
3585 10733 920 135 faint-hearted
4509 10754 356 105 sons.

3028 10860 575 165 "What,-'
3687 10875 148 123 it
3883 10874 377 129 asks,
4337 10861 380 135 "will
4790 10859 356 147 they
5192 10879 290 123 say

2894 11006 437 129 when
3358 11008 352 141 they
3718 11031 279 99 are
4033 11002 327 129 told
4363 11007 335 123 that
4676 11027 292 99 we
4981 10996 505 141 fought

2896 11106 581 153 bravely
3452 11114 336 129 and
3773 11109 596 135 suffered
4341 11107 558 147 hunger
4865 11098 635 153 pluckily

2933 11222 251 129 for
3155 11242 440 105 vears
3562 11219 367 147 only
3913 11223 201 123 to
4073 11219 490 147 accept
4547 11214 479 129 defeat
5034 11234 194 105 in
5214 11220 277 117 the

2910 11326 375 129 end?
3345 11323 429 147 They
3760 11322 352 129 will
4141 11344 314 117 say
4471 11323 331 123 that
4795 11331 715 123 oermariy

2893 11459 344 99 was
3239 11455 163 99 a
3413 11427 443 147 figure
3828 11431 451 123 made
4278 11426 205 129 of
4497 11423 340 147 ^lay.
4890 11428 325 117 that
5214 11442 270 105 we

2906 11538 558 129 seemed
3440 11544 210 117 to
3621 11534 242 129 be
3833 11565 183 87 a
3986 11546 528 129 strong
4469 11526 499 153 people,
4978 11530 308 129 but
5296 11547 200 99 in

2918 11643 503 147 reality
3375 11662 420 105 were
3778 11637 408 135 small
4188 11633 322 135 and
4457 11648 456 117 weak.

3458 11838 585 153 Warn
3984 11839 235 147 of
4168 11833 646 183 Slavery.

2981 12045 471 135 Other
3450 12067 525 123 papers
3986 12041 546 135 remind
4536 12043 287 123 the
4803 12037 684 135 Germans

2921 12154 315 129 that
3262 12159 340 123 thev
3597 12149 372 135 "will
3975 12151 232 123 be
4206 12146 499 129 turned
4703 12146 322 129 into
5005 12142 468 129 slaves

2886 12263 263 123 hv
3138 12263 277 123 the
3401 12263 554 123 entente
3963 12254 159 129 if
4123 12251 369 147 they
4477 12250 322 129 lose
4784 12250 290 129 the
5013 12271 371 99 war.

2895 12371 307 123 Vet
3218 12367 177 123 in
3392 12364 384 141 spite
3766 12362 211 129 of
3955 12357 227 135 all
4210 12333 307 159 tills
4520 12354 567 129 forcible
5076 12345 384 135 feed-
5477 12430 23 33 .

2930 12473 281 135 ins
3187 12471 218 123 of
3392 12466 632 129 heroism
3966 12459 702 147 Germany
4675 12483 165 99 is
4834 12479 231 99 so
5044 12451 385 147 deep-

2920 12474 197 249 lv
3142 12566 612 153 dejected
3794 12571 329 123 that
4190 12567 138 123 it
4402 12558 202 177 is;
4595 12554 881 153 questionable

2882 12678 627 129 whether
3536 12704 173 93 a
3737 12669 518 135 sudden
4265 12663 648 147 military
4932 12669 549 135 victory

2869 12785 515 135 would
3379 12786 440 129 cheer
3812 12783 304 123 her
4109 12800 281 117 up
4367 12779 305 123 for
4641 12791 343 123 any
5000 12732 503 189 lengthi

2895 12894 211 129 of
3114 12894 354 129 time
3525 12884 902 141 Hindenburg
4389 12882 335 129 and
4677 12868 788 141 Ludendorflt
5473 12921 23 87 i

2896 12998 354 129 also
3256 12989 809 135 understand
4083 12991 335 123 that
4451 12986 399 129 their
4844 12953 662 279 Pe"?"^!

2899 13099 755 147 popularity
3665 13100 163 117 is
3810 13102 439 129 being
4223 13083 650 147 damaged.
5473 13141 23 111 !

2912 13206 580 129 vending
3507 13198 399 129 their
3907 13198 356 129 aids
4268 13215 379 99 over
4656 13186 301 129 the
4951 13196 528 189 ?"}Pire
5466 13273 33 63 i

2892 13254 322 201 knd
3241 13315 313 123 into
3532 13299 1224 147 Austria-Kunsary
4727 13280 231 261 ?o
5473 13320 23 117 1

2896 13444 242 93 on
3165 13419 271 123 the
3460 13414 646 129 situat.on
4095 13402 494 129 which
4610 13400 320 141 the>
4973 13415 311 123 say
5314 13418 192 105 is,

2913 13522 527 129 "reallv
3438 13536 398 117 very
3849 13504 402 165 jgood,
4370 13501 316 135 and
4726 13511 200 123 to
4951 13516 545 117 deliver.

2904 13627 493 123 similar
3369 13618 560 129 cheerful
3880 13634 670 105 messages.
4608 13634 120 129 I

2992 13727 781 147 According
3753 13732 201 117 to
3958 13727 284 123 the
4199 13717 808 135 Rheinische
4934 13713 525 135 West-
5456 13731 53 171 |

2915 13842 749 129 phaelische
3690 13832 591 141 Zeitunjr
4301 13851 183 99 a
4506 13851 554 99 curious
5111 13828 344 117 inci-
5469 13872 23 69 i

2903 13955 342 123 dent
3263 13941 646 135 occurred
3919 13943 190 123 in
4077 13937 592 135 Breslau,
4657 13935 524 123 where
5149 13950 318 105 one

2903 14063 211 123 of
3141 14048 867 141 I>udendor(T's
4017 14037 788 159 right-hand
5020 14010 573 297 ^

2900 14175 385 123 been
3250 14157 613 159 engaged
3869 14163 170 123 in
4017 14150 771 153 explaining
4775 14155 257 123 the
5012 14159 394 123 situa-

2919 14287 334 123 tion
3263 14283 190 123 in
3440 14274 297 129 the
3670 14274 421 129 most
4090 14276 549 117 roseate
4619 14267 469 123 colors

3041 14391 458 123 "How
3513 14404 476 117 many
4033 14384 794 117 Americans
4883 14399 286 99 are
5278 14375 181 123 In
5466 14380 33 117 I

2899 14493 672 135 France?"
3591 14515 382 99 some
3988 14507 315 99 one
4324 14483 204 123 in
4535 14482 280 129 the
4809 14483 665 123 audience
5466 14525 33 63 i

2910 14606 449 129 asked
3350 14633 218 87 as
3573 14609 267 111 the
3843 14591 570 147 speaker.
4419 14587 373 147 Capt
4815 14591 640 123 Z.mmer-
5466 14620 33 141 ;

2891 14738 454 105 mann.
3363 14701 526 159 paused.
3982 14702 448 129 Amid
4449 14719 241 123 icy
4677 14698 496 129 silence,
5184 14699 280 123 the
5473 14774 23 81 ,

2905 14818 556 153 general
3461 14817 357 135 staff
3781 14839 143 99 s
3898 14832 474 117 envoy
4338 14801 537 159 replied,
4841 14805 433 135 with
5221 14830 249 105 an

2911 14926 615 153 annoyed
3520 14926 429 129 smile:

3266 15119 749 195 Annoyed.
3995 15132 362 141 But
4299 15126 725 153 Answers.

3021 15348 511 117 "Th?re
3503 15364 289 93 are
3775 15328 498 141 409.000
4229 15334 793 129 Americans
4978 15355 239 99 on
5191 15326 277 129 the

2934 15451 360 123 front
3301 15407 399 171 "lines
3687 15443 319 123 and
4007 15436 494 141 700,000
4499 15439 482 123 others
5000 15439 200 123 in
5194 15434 270 129 the

2995 15670 333 129 The
3298 15661 463 135 officer
3692 15687 361 99 was
4028 15655 678 147 subjected
4688 15658 201 129 to
4826 15682 193 105 a
4952 15651 317 147 hail
5254 15668 204 117 of

2915 15774 696 153 questions
3600 15770 329 129 and
3920 15775 235 123 he
4152 15770 336 129 had
4480 15780 217 117 to
4674 15762 376 153 give
5040 15770 438 129 other

2925 15877 1012 159 "explanations"
4021 15888 194 117 to
4286 15883 270 123 the
4621 15875 848 147 exasperated

2912 15991 669 147 assembly.

3025 16107 375 123 "The
3413 16122 511 105 reason
3888 16094 396 153 why
4297 16103 413 123 these
4675 16097 782 135 Americans

2939 16213 476 135 landed
3457 16215 177 123 in
3622 16207 562 147 Europe
4251 16205 183 135 in
4481 16202 386 153 spite
4904 16205 214 135 of
5159 16230 305 105 our

2894 16326 709 129 U-boats."
3587 16323 236 123 he
3809 16316 336 141 said,
4174 16318 257 129 "is
4410 16340 378 117 easy
4771 16323 207 123 to
4952 16322 473 129 detect.

2935 16438 609 129 \merica
3528 16454 357 105 uses
3894 16426 363 153 only
4238 16447 387 123 very
4622 16430 411 129 small
5060 16431 404 147 ships

2937 16560 200 117 to
3104 16548 459 141 bring
3545 16548 415 117 them
3918 16564 365 93 over
4252 16538 477 129 here."
4723 16599 143 75 i

2985 16654 387 129 This
3402 16659 716 123 statement
4119 16667 354 99 was
4486 16652 580 141 greeted
5056 16664 413 117 with
5462 16712 33 93 :

2887 16786 682 105 murmurs
3615 16763 194 123 in
3834 16758 267 129 the
4119 16753 639 135 audience.

3017 16879 482 123 "What
3557 16871 438 123 about
4071 16871 280 123 the
4388 16868 730 141 Aaterland.
5183 16875 280 123 the
5455 16863 43 195 j

2906 16984 599 141 greatest
3560 16975 346 147 ship
3940 16974 190 129 in
4162 16979 273 123 the
4423 16978 609 129 world?"
5064 17003 389 99 some
5455 17007 43 195 j

2910 17119 305 99 one
3208 17085 438 135 asked.

3017 17202 397 129 "And
3397 17199 398 123 small
3827 17192 394 141 ships
4207 17200 380 117 have
4559 17195 531 147 always
5080 17208 378 117 been

2914 17329 359 111 poor
3273 17320 517 117 targets
3798 17303 252 123 for
4057 17298 260 129 the
4321 17302 676 129 torpedoes
4975 17306 211 129 of
5179 17301 277 135 the

2913 17408 903 141 submarines,"
3806 17407 704 123 continued
4506 17415 277 123 the
4770 17411 559 147 captain.

3027 17527 455 123 "Then
3482 17523 270 123 the
3724 17513 769 135 Americans
4486 17544 236 93 on
4731 17523 258 123 the
4997 17528 400 117 trans-

2910 17648 400 117 port-
3320 17655 276 99 are
3592 17618 704 153 protected
4276 17619 249 147 by
4522 17625 409 135 three
4906 17647 490 123 power-

2922 17747 211 123 ful
3146 17742 415 129 fleets,
3546 17734 488 129 which
3980 17730 517 129 makes
4483 17737 729 135 submarine
5176 17747 211 123 at-

2932 17853 401 135 tacks
3304 17860 404 117 most
3715 17841 500 135 difflclt.

3067 18050 509 153 "New
3468 18041 745 159 Method"
4179 18047 227 147 to
4351 18041 428 159 Beat
4707 18049 558 159 Tanks.

3004 18267 416 123 Some
3417 18283 309 99 one
3705 18258 323 129 else
4039 18254 187 129 in
4219 18250 277 129 the
4483 18247 625 147 audience
5081 18262 327 129 ask-

2913 18406 222 129 ed
3166 18397 627 135 whether
3829 18396 696 141 Germany
4560 18399 322 123 had
4914 18402 551 153 enough

2931 18551 407 123 tanks
3484 18568 174 93 .o
3747 18538 451 129 outdo
4295 18539 284 123 the
4600 18537 428 135 allies'
5084 18546 387 129 tank

2905 18654 748 153 equipment.
3643 18647 391 147 Capt.
4038 18646 867 129 Zimmerman
4863 18674 581 105 answer-
5469 18682 23 129 ;

2916 18770 215 129 ?d
3118 18759 695 147 evasively:

3016 18874 358 129 "We
3370 18875 381 123 have
3763 18866 446 129 found
4203 18892 163 93 a
4360 18887 377 99 new
4673 18880 587 117 method
5266 18890 197 105 to

2903 18992 314 117 deal
3206 18988 400 117 with
3596 18978 264 129 the
3864 18974 422 129 tanks.
4243 18969 697 135 Wehave
4914 18974 559 153 already

2929 19094 608 129 ?^mashed
3531 19115 225 99 or
3749 19086 492 129 blown
4226 19104 267 117 up
4520 19081 248 135 .>00
4747 19084 732 141 American

2880 19206 701 129 machines
3567 19199 211 123 of
3794 19194 311 129 this
4096 19194 380 129 kind.

2988 19314 344 129 The
3331 19306 491 153 people,
3849 19304 636 141 however,
4508 19301 293 135 did
4788 19315 290 123 not
5087 19330 406 105 seem

2921 19441 201 111 to
3092 19427 239 123 be
3302 19413 723 135 convinced.

2966 19534 386 129 Wat
3393 19531 156 123 is
3537 19522 467 153 going
3982 19547 236 99 on
4224 19522 190 129 in
4385 19521 593 135 Breslau
4967 19547 485 123 appar-
5477 19592 23 45 ,

2906 19647 423 123 entlv
3346 19638 166 129 is
3493 19631 467 147 being
3953 19630 640 153 repeated
4578 19634 238 129 all
4819 19658 376 105 over
5192 19643 283 123 the

2909 19747 522 147 empire
3411 19746 710 129 wherever
4149 19742 271 129 the
4432 19748 553 141 general
5020 19750 449 129 stairs

2920 19850 1131 153 "chloroforming"
4036 19875 557 123 process
4615 19858 169 129 is
4765 19852 459 165 being
5193 19862 218 129 at-

2918 19965 591 159 tempted.

3094 20163 685 195 Spanish
3672 20156 963 213 Ultimatum
4492 20164 727 165 Disturbs.

3017 20377 513 135 Public
3492 20370 560 153 opinion
4036 20374 183 129 is
4184 20369 357 135 also
4497 20390 546 129 uneasy
4996 20403 252 99 on
5204 20402 235 105 ac-

2916 20504 416 117 count
3346 20486 205 129 of
3566 20487 281 123 the
3760 20502 358 105 war
4102 20477 187 135 in
4204 20473 498 135 which
4669 20482 267 129 the
4885 20503 533 123 govern-

2876 20604 415 117 ment
3316 20594 176 129 is
3505 20589 581 135 treating
4085 20591 286 123 the
4361 20582 594 153 Spanish
4936 20594 513 129 ultima-

2918 20718 350 105 tum
3285 20695 391 123 clear
3698 20687 614 147 thinking
4307 20688 484 141 people
4808 20711 480 123 seeing
5307 20718 190 105 in

2959 20803 229 123 he
3171 20799 585 123 attitude
3747 20790 218 129 of
3977 20795 266 123 the
4220 20790 780 129 authorities
4980 20819 173 99 a
5145 20820 358 117 sign

2903 20908 211 117 of
3094 20904 705 117 weakness.
3859 20889 331 135 Not
4184 20892 372 141 only
4536 20895 242 123 do
4785 20894 256 129 the
5043 20923 390 99 news-

2911 21020 490 117 papers
3415 21016 369 117 urge
3803 20994 273 129 the
4088 21002 822 129 government
4938 21003 200 123 to
5145 21022 293 105 con-

2890 21123 33 75 I
2913 21102 384 129 sider
3286 21103 273 123 the
3517 21095 591 147 Spanish
4060 21093 643 135 demands
4688 21119 193 99 in
4855 21103 280 123 the
5066 21112 416 117 most

2941 21153 564 207 "friendly
3525 21200 427 141 spirit,
4003 21198 291 129 but
4318 21223 372 99 even
4725 21198 267 129 the
5017 21223 413 123 super-

2922 21307 573 147 patriots
3483 21324 316 117 say
3788 21302 344 129 that
4118 21295 785 147 everything
4835 21317 435 111 must
5257 21306 245 129 be

2884 21411 53 171 j
2914 21411 366 123 done
3305 21426 194 105 to
3493 21403 385 147 keep
3876 21400 438 141 Spain
4319 21407 290 123 out
4615 21402 218 129 of
4851 21401 273 135 the
5108 21428 349 117 war,

2908 21510 338 249 ???lt
3254 21481 1036 279 ishrealizedathat
4281 21536 596 213 shoW
4745 21598 451 153 Spain
5169 21610 327 129 side

2898 21715 384 123 with
3289 21710 263 129 the
3535 21706 418 129 allies
3975 21706 148 129 it
4095 21707 498 123 would
4568 21703 688 147 naturally
5237 21735 206 99 re-

2925 21815 303 123 sult
3253 21817 177 111 in
3413 21811 267 123 the
3651 21810 414 129 other
4049 21799 684 147 seafaring
4692 21810 529 129 neutral
5208 21840 241 93 na-

2940 21920 358 117 tions
3278 21916 197 117 of
3441 21908 543 141 Europe
3968 21925 477 111 sooner
4415 21931 218 99 or
4645 21905 340 135 later
4960 21915 548 147 getting

2909 22024 23 69 1
2947 22015 311 123 into
3263 22016 292 117 line
3508 22010 419 129 with
3904 22010 283 129 the
4174 22011 550 123 entente.
4786 22000 682 165 Germany,

2957 22120 128 117 it
3133 22120 166 117 is
3306 22109 291 135 felt,
3625 22125 493 111 cannot
4119 22132 367 93 now
4451 22105 469 135 afford
4925 22120 197 117 to
5077 22128 403 117 meet

2941 22220 266 117 the
3171 22207 708 147 quadruple
3862 22211 452 123 threat
4280 22206 231 129 of
4444 22209 493 135 Dutch,
4912 22211 553 147 Danish,

2909 22312 769 141 Norwegian
3650 22310 315 129 and
3936 22311 602 123 Swedish
4514 22330 510 105 armies
4999 22339 245 99 on
5207 22323 289 123 her

2916 22418 641 129 northern
3559 22415 325 123 and
3873 22415 947 123 northwestern
4825 22412 636 141 frontiers.

3324 22605 570 159 Claims
3845 22599 557 195 Bight
4383 22610 245 153 to
4600 22599 437 171 Sink.

3039 22819 390 147 Capt.
3452 22839 310 99 von
3727 22815 897 147 Kuehlwetter,
4655 22817 280 135 the
4897 22817 602 159 Cologne

2899 22922 43 201 j
2898 22948 685 141 Gazette's
3545 22951 419 123 naval
3943 22956 499 141 expert,
4442 22950 622 153 explains
5032 22967 220 123 to
5220 22966 279 129 the

2931 23090 537 129 readers
3478 23081 211 135 of
3714 23081 313 135 that
4037 23107 443 123 paper
4496 23085 337 135 that
4815 23084 696 165 Germany

2919 23231 298 123 has
3227 23252 163 93 a
3395 23209 520 159 perfect
3933 23219 389 147 right
4351 23230 210 129 to
4562 23225 362 135 aink
4913 23221 595 159 Spanish

2899 23345 43 183 |
2943 23367 395 147 ships,
3391 23348 605 165 "painful
4027 23383 218 99 as
4291 23362 162 129 it
4492 23367 162 123 it
4680 23377 207 111 to
4872 23365 618 135 German

2916 23500 587 141 hearts."
3476 23527 235 99 as
3716 23495 348 147 long
4021 23519 238 99 as
4244 23502 279 129 the
4499 23511 559 123 entente
5022 23509 445 135 block-

2831 23642 453 129 ades
3280 23636 673 141 Germany.
4053 23629 310 135 Yet
4380 23633 232 135 he
4620 23642 527 129 admits
5170 23646 321 129 that

2948 23751 256 123 the
3203 23739 622 147 question
3815 23727 440 147 ought
4285 23749 190 111 to
4462 23743 244 123 be
4714 23744 517 141 judged
5212 23760 279 117 not

2945 23851 506 123 rrerelv
3437 23842 426 129 from
3842 23839 270 123 the
4117 23840 736 141 standpoint
4848 23842 224 129 of
5073 23848 406 141 right,

2930 23891 286 195 bin
3235 23951 462 123 rather
3717 23943 416 123 from
4137 23938 314 129 that
4471 23943 214 123 of
4698 23941 775 159 expediency,

2959 24050 278 129 ?ind
3198 24044 775 141 expediency
3895 24038 528 129 makes
4407 24037 162 135 it
4524 24036 748 165 obligatory
5229 24050 275 129 for

2904 24147 666 147 Germany
3549 24160 197 117 to
3700 24153 555 135 prevent
4224 24134 441 153 Spain
4624 24143 419 171 fro?
4964 24155 559 147 getting

2972 24354 413 129 War
3369 24256 1067 261 "correspondents
4424 24352 207 117 at
4654 24351 291 123 the
4898 24349 608 135 German

2913 24460 927 141 headquarters
3837 24454 525 129 devote
4364 24446 402 129 their
4745 24450 770 153 dispatches

2944 24590 191 105 to
3116 24559 772 147 harrowing
3855 24546 858 153 descriptions
4699 24558 221 129 of
4917 24558 267 129 the
5180 24566 265 129 for-

2908 24669 615 135 midable
3562 24661 580 135 British
4184 24657 656 135 offensive
4904 24686 245 105 on
5227 24674 280 129 the

2921 24777 527 135 Scarpe.
3478 24784 211 117 to
3642 24768 639 141 making
4237 24763 541 147 painful
4801 24768 495 141 efforts
5299 24787 217 123 to

2907 24882 684 129 minimize
3614 24883 222 123 its
3841 24860 617 165 splendid
4462 24869 515 135 results
4980 24878 253 153 by
5266 24910 180 105 in-

2931 24989 581 135 venting
3579 24974 870 153 long-winded
4498 24988 510 117 stones
5056 24984 439 141 about

2946 25090 747 129 formidable
3662 25081 559 135 British
4216 25082 444 129 losses
4635 25087 332 123 and
4953 25095 197 123 to
5124 25096 333 141 pub-

2954 25196 510 141 lishing
3460 25194 356 129 fake
3839 25186 752 129 interviews
4550 25186 426 129 with
4953 25210 500 129 prison-

2933 25327 272 99 ers
3179 25297 215 135 of
3346 25327 347 99 war
3752 25296 429 141 They
4153 25290 459 129 claim
4577 25304 201 117 to
4744 25294 228 129 be
4948 25311 561 123 amazed

2937 25355 215 195 at"
3154 25411 277 123 the
3428 25406 702 129 smallness
4104 25393 228 135 of
4323 25398 277 129 the
4587 25397 437 135 allies-
5037 25412 436 141 gains.

2891 25514 640 129 Military
3544 25511 492 123 critics
4048 25522 299 105 are
4373 25498 486 153 trying
4877 25520 197 117 to
5042 25522 476 129 make

2879 25588 708 165 Jc.ermanv
3555 25614 529 129 believe
4070 25610 325 129 that
4344 25604 888 165 Hindenburg
5191 25630 322 129 and

2931 25721 771 135 L.udendorff
3680 25723 391 123 have
4036 25744 173 93 a
4166 25710 390 153 plan
4527 25733 214 111 to
4704 25722 454 129 outdo
5117 25752 332 117 any-

2921 25803 23 51 '
2956 25833 420 135 thing
3374 25826 494 129 which
3864 25817 603 135 Marshal
4509 25820 427 141 Foch
4986 25833 515 135 intends

2924 25932 435 141 doinp.
4160 26047 53 27 .
4432 26043 53 27 .
4798 26054 98 33 ..

3016 26036 453 141 Little
3458 26034 668 153 publicity
4150 26054 173 105 is
4309 26026 441 153 given
4762 26043 277 123 the
5034 26071 473 99 crown

2944 26150 481 129 nrince.
3482 26147 482 123 whose
4010 26142 692 129 eommaund
4729 26141 307 135 has
5076 26171 372 123 prac-

2946 26253 447 135 tical^"
3381 26251 385 123 been
3746 26252 433 117 tnken
4144 26264 437 117 away
4558 26241 393 135 from
4896 26255 360 123 him
5182 26258 328 129 and

2935 26357 535 135 harmed
3503 26375 188 99 to
3677 26359 345 123 Gen.
4061 26371 328 99 von
4373 26342 536 153 Boehm.
4928 26358 379 129 who
5346 26383 159 99 is

2934 26459 767 147 pompously
3670 26453 463 135 called
4096 26455 363 123 "the
4413 26453 698 135 defensive
5100 26462 302 129 lion.

2904 26487 526 219 .Sown
3424 26562 508 129 Prince
3910 26551 773 147 Rupprecht
4700 26567 214 123 of
4901 26561 616 135 Bavaria

3369 26699 713 147 (.Continued
4057 26722 221 105 cn
4252 26697 421 135 Sixth
4654 26695 451 147 l'a~e.J

4421 27250 303 249 #

8392 9212 1264 189 SEPTEMBER
9608 9212 701 189 MORN.

5473 10978 680 249 Struck
6060 10975 641 243 While
6660 10959 740 291 Playing
7349 10957 439 255 Golf
7767 10964 291 237 at

5876 11274 612 249 Town
6459 11260 441 261 and
6857 11260 795 285 Country

6480 11570 517 249 Club.

5469 12082 433 249 HIS
5945 12073 754 255 CADDY
6779 12064 277 285 13
7076 12054 993 273 STUNNED

5536 12593 519 135 While
6040 12585 591 159 playing
6598 12582 355 153 golf
6946 12612 239 93 on
7183 12582 273 129 the
7472 12578 381 129 links
7850 12570 204 129 of

5499 12738 280 129 the
5788 12733 461 135 Town
6265 12728 339 141 and
6606 12723 619 147 Country
7228 12716 400 141 Club,
7684 12738 369 105 near

5470 12871 622 147 Georgia
6072 12890 539 105 avenue
6599 12866 738 129 northwest,
7349 12854 728 153 yesterday

5492 13012 713 141 afternoon,
6249 13007 436 147 Myer
6717 13001 811 135 Fellheimer,
7612 13014 396 105 secre-

5512 13152 988 141 tary-treasurer
6498 13137 211 135 of
6719 13141 280 135 the
6951 13138 409 129 Hub
7315 13129 738 135 Furniture

5479 13287 689 147 Company,
6148 13307 357 99 was
6482 13277 471 135 killed
6928 13275 249 147 by
7172 13266 672 153 lightning.

5557 13426 342 129 His
5910 13419 455 147 caddy,
6386 13414 527 129 Alfred
6889 13411 503 147 Haley,
7444 13406 625 129 fourteen

5484 13583 429 123 years
5931 13555 289 147 old,
6295 13554 214 129 of
6568 13550 269 129 526
6880 13550 674 129 Jefferson
7616 13547 436 123 street

5487 13697 720 135 northwest
6189 13715 364 99 was
6568 13688 584 141 stunned,
7176 13687 302 123 but
7487 13687 284 123 not
7796 13703 197 99 se-

5484 13836 507 141 verely
6018 13826 522 153 injured.
6589 13826 296 129 Mr.
6910 13822 806 129 Fellheimer
7707 13839 354 99 was
8053 13816 23 213 |

5480 13966 508 153 placed
5979 13970 183 129 In
6132 13991 253 99 an
6348 13954 796 153 automobile
7116 13953 322 135 and
7431 13949 449 135 taken
7874 13955 161 123 1#:>
8053 13973 23 159 j

5429 14110 595 129 Walter
6015 14101 434 135 Reed
6433 14094 671 153 Hospital,
7144 14094 305 129 but
7468 14095 229 123 he
7696 14115 368 99 was

5486 14245 383 135 dead
5842 14269 239 111 on
6036 14238 639 153 arriving
6643 14233 406 135 there.

5594 14383 770 147 According
6374 14388 197 117 to
6594 14378 273 129 the
6867 14370 462 153 police,
7323 14370 309 129 Mr.
7642 14366 348 129 Fell-

5483 14531 522 123 heimer
5991 14587 43 27 ?
5988 14548 364 93 was
6370 14544 236 93 on
6623 14519 277 123 the
6939 14514 378 129 links
7304 14516 454 117 when
7794 14511 270 123 the

5493 14675 486 123 storm
5939 14664 471 141 began
6422 14663 197 123 to
6620 14656 505 141 gather
7131 14655 319 123 and
7416 14670 363 105 was
7785 14671 232 99 en-

5494 14803 737 147 deavoring
6231 14812 200 117 to
6418 14798 462 129 finish
6864 14798 277 129 his
7145 14810 431 129 game
7576 14790 492 129 before

5498 14955 274 123 the
5750 14947 715 147 downpour.

5572 15090 373 129 Mrs.
5942 15081 810 135 Fellheimer.
6743 15083 372 123 who
7072 15103 368 99 was
7422 15072 662 141 formerly

5457 15229 399 135 Miss
5798 15229 567 135 Fedora
6319 15226 449 129 Jonas
6731 15221 215 135 of
6890 15216 711 141 Nashville,
7577 15212 460 141 Tenn.,

5460 15400 353 93 was
5804 15358 765 153 prostrated
6517 15362 420 129 with
6914 15359 411 147 grief
7343 15364 292 117 last
7639 15356 413 141 night

5476 15520 215 117 at
5686 15510 273 129 the
5920 15510 431 129 home
6319 15502 211 129 of
6500 15502 297 129 her
6777 15495 436 147 sister,
7182 15493 363 135 Mrs.
7543 15491 533 147 Joseph

5457 15642 718 153 Kaufman,
6228 15641 330 135 2921
6561 15641 520 135 Tilden
7097 15647 449 123 street
7568 15638 445 129 north-

5449 15803 419 123 west.

5564 15943 312 123 Mr.
5859 15938 806 129 Fellheimer
6621 15960 357 93 was
6973 15927 426 147 forty
7357 15948 443 117 years
7783 15927 290 123 old

5472 16082 322 129 and
5771 16104 163 93 a
5908 16078 484 129 native
6374 16074 215 129 of
6529 16071 907 147 Hagerstown,
7406 16066 318 129 Md.
7775 16067 285 123 He

5481 16247 403 99 came
5951 16227 200 123 to
6160 16209 925 159 Washington
7096 16210 443 129 about
7568 16205 491 135 fifteen

5462 16383 446 123 years
5919 16383 323 123 ago
6254 16362 316 129 and
6588 16358 396 129 since
7014 16358 336 129 that
7375 16354 357 129 time
7747 16350 319 129 had
8053 16342 23 201 j

5479 16479 379 123 been
5905 16470 717 129 connected
6597 16471 423 123 with
7070 16467 277 123 the
7396 16462 677 129 furniture,

5485 16600 647 117 company.
6256 16579 293 123 Mr.
6589 16574 800 129 Fellheimer
7444 16571 322 123 had
7823 16597 243 87 no

5489 16683 607 147 children,
6188 16681 295 135 but
6554 16683 163 123 is
6760 16677 634 135 survived
7423 16675 243 147 by
7740 16683 322 123 two

5479 16794 621 129 brothers
6124 16794 326 129 and
6491 16795 405 123 three
6940 16791 513 123 sisters:
7553 16784 526 141 Harry
8046 16768 33 165 j

5457 16902 792 129 Fellheimer
6231 16903 211 123 of
6405 16896 551 141 Omaha,
6946 16899 709 123 Nathaniel
7648 16897 424 135 Fell-I

5472 17010 525 129 heimer
5978 17006 205 129 of
6151 17002 610 153 Chicago,
6744 17011 353 123 Mrs.
7089 17007 501 123 Krnest
7621 17007 410 123 Israel
8049 16990 23 177 ]

5475 17118 218 129 of
5688 17115 625 147 Heading.
6336 17117 320 135 Pa.:
6671 17114 343 129 Mrs.
7032 17112 509 141 Harry
7566 17114 436 129 (ireen-

5479 17227 455 123 baum
5882 17227 208 123 of
6045 17227 605 123 Newark.
6633 17222 204 129 N.
6835 17225 197 135 J.,
7034 17228 306 117 and
7285 17223 360 123 Mrs.
7614 17220 436 141 Myer
8046 17321 33 39 i

5473 17330 563 129 Strouse
6007 17330 218 129 of
6179 17327 610 147 Chicago.

5557 17434 292 129 Mr.
5879 17439 319 123 and
6165 17439 363 123 Mrs.
6548 17434 786 129 Fellheimer
7363 17430 280 129 left
7666 17439 380 123 their

5487 17544 747 141 apartment
6242 17543 180 123 in
6410 17543 270 123 the
6648 17543 218 123 St.
6858 17539 474 147 Regis,
7343 17538 323 129 2219
7639 17542 314 129 Cali-

5499 17646 470 129 fornia
5956 17670 536 105 avenue
6500 17648 748 141 northwest,
7285 17642 416 153 early
7692 17672 299 117 yes-

5502 17750 494 153 terday
5968 17754 336 129 and
6214 17759 395 123 Mrs.
6606 17754 803 129 Fellheimer
7420 17754 302 129 last
7724 17784 357 93 saw

5480 17866 300 129 her
5756 17866 622 129 husband
6328 17863 461 123 when
6763 17867 229 123 he
6984 17862 527 129 started
7508 17862 265 129 for
7777 17867 271 123 the

5474 17971 622 147 Country
6044 17970 401 129 Club
6434 17981 200 111 to
6620 17967 449 147 spend
7051 17971 280 123 the
7300 17965 717 135 afternoon.

5566 18083 291 123 Mr.
5853 18078 748 129 Fellheimer
6559 18098 348 105 was
6881 18104 183 93 a
7001 18079 607 123 member
7587 18083 200 123 of
7800 18083 252 123 the

5454 18186 630 129 Masonic
6053 18174 730 153 fraternity,
6765 18207 183 99 a
6896 18182 561 129 Shriner
7420 18181 326 135 and
7681 18212 364 93 was

5460 18285 545 159 widely
5982 18290 534 129 known
6523 18290 197 129 In
6718 18288 274 141 the
6962 18285 643 135 National
7607 18286 363 153 Capi-

5509 18402 240 129 tal.

5595 18509 598 135 Coroner
6204 18506 514 129 Nevitt
6790 18510 363 129 later
7181 18510 548 129 viewed
7782 18510 270 129 the

5483 18620 394 141 body
5872 18633 211 111 at
6074 18618 539 129 Geier's
6627 18615 889 147 undertaking
7515 18621 531 135 parlors

5482 18726 316 129 and
5774 18743 397 123 gave
6156 18752 173 93 a
6317 18722 715 129 certificate
7023 18723 211 123 of
7231 18727 446 123 death
7672 18726 409 129 from

5489 18830 547 129 electric
6059 18831 438 123 shock.
6556 18830 337 129 The
6911 18828 460 141 police
7379 18830 672 129 advanced

5505 18939 263 123 the
5806 18931 491 147 theory
6319 18934 332 129 that
6652 18934 450 129 metal
7146 18960 236 93 on
7425 18938 270 129 the
7702 18935 348 147 golf

5496 19038 396 129 stick
5897 19038 540 129 carried
6432 19035 253 147 by
6654 19038 299 129 Mr.
6973 19037 800 135 Fellheimer
7776 19052 211 117 at-

5509 19146 517 129 tracted
6050 19146 277 129 the
6395 19143 662 147 lightning.
7114 19145 599 135 Funeral
7772 19176 225 93 ar-

5500 19251 813 147 rangements
6272 19250 349 129 will
6626 19249 229 135 be
6808 19254 444 129 made
7258 19251 430 147 today.

5465 19512 863 261 BRITISH
6285 19508 1264 261 CASUALTIES

6203 19781 266 255 IN
6444 19769 875 303 AUGUST,
7318 19778 751 297 48,379

5580 20262 676 153 LONDON,
6270 20267 567 147 August
6864 20265 832 135 SI.?British
7702 20294 279 105 cas-

5510 20405 499 135 ualties
6001 20406 617 153 reported
6585 20401 542 159 during
7103 20410 277 129 the
7333 20409 531 135 month
7831 20409 218 135 of

5486 20550 556 153 August
6034 20549 522 135 totaled
6528 20548 441 141 48,379.
7028 20547 425 147 They
7396 20574 423 105 were
7784 20554 190 129 di-

5504 20694 429 129 vided
5884 20719 225 99 as
6088 20690 556 129 follows:

5578 20829 507 135 Killed
6075 20855 218 99 or
6291 20830 358 129 died
6635 20825 218 135 of
6817 20825 623 135 wounds:
7452 20823 582 147 Officers,

5517 20966 402 153 1,041;
5863 20992 406 117 men,
6263 20962 366 153 7,564.

5549 21109 736 135 Wounded
6261 21136 208 93 or
6406 21101 635 159 missing:
7029 21102 576 153 Officers,
7635 21106 389 153 3,294;

5481 21246 384 105 men,
5896 21216 433 141 36,480.

5592 21331 340 123 The
5991 21321 354 135 total
6409 21322 711 129 casualties
7173 21324 625 141 reported
7871 21330 187 129 in

5490 21435 33 123 :
5518 21431 364 147 July
5809 21454 426 105 were
6204 21423 422 147 67,291
6599 21430 319 129 and
6903 21431 194 123 in
7048 21425 392 135 June
7430 21426 495 153 141,147.

5825 21708 699 189 STRIKE
6462 21700 487 189 TIES
6868 21704 385 189 VP
7177 21697 519 207 CAES.

5490 22010 462 225 Only
5900 22013 463 183 Few
6263 22001 757 231 Banning
7000 22049 273 135 on
7205 22002 871 201 Middlesex

5898 22208 365 189 and
6181 22199 607 195 Boston
6727 22209 505 183 Street
7177 22208 443 189 Line.

5494 22376 33 189 !
5615 22407 669 147 BOSTON,
6238 22406 560 153 August
6779 22409 608 135 31.?The
7300 22407 775 147 Middlesex

5512 22560 336 141 and
5795 22561 554 135 Boston
6327 22553 448 135 Street
6751 22549 657 159 Railway
7368 22552 707 165 Company

5494 22684 33 117 ;
5513 22709 335 135 had
5812 22705 603 135 thirteen
6365 22727 339 99 cars
6657 22697 632 159 running
7220 22727 255 99 on
7414 22731 193 99 a
7561 22704 358 141 few
7836 22714 235 129 of

5539 22863 225 123 its
5690 22854 427 129 most
6097 22843 678 147 important
6768 22850 368 129 lines
7107 22845 321 135 this
7358 22854 666 153 morning,
8049 22804 23 213 j

5494 22949 33 231 |
5512 23006 301 129 but
5800 22998 438 129 other
6229 22990 353 129 lines
6537 23014 427 105 were
6958 22988 790 165 completely
7738 23006 323 129 tied

5517 23140 256 117 up
5777 23106 263 153 by
6049 23106 287 129 the
6357 23102 443 129 strike
6826 23106 218 129 of
7058 23129 550 111 carmen.
7712 23092 367 213 Thej

5534 23226 362 129 total
5906 23216 218 141 of
6111 23238 359 105 cars
6451 23220 634 141 operated
7073 23233 832 135 represented
7892 23259 173 99 a

5528 23335 442 147 slight
5942 23325 390 159 gain
6298 23346 372 105 over
6617 23330 807 153 yesterday's
7408 23337 609 159 showing.

5491 23450 284 129 No
5759 23441 616 135 disorder
6324 23463 373 99 was
6657 23448 616 141 reported.

5633 23563 353 123 The
5960 23572 674 117 company
6602 23557 715 135 petitioned
7311 23566 283 129 the
7562 23566 504 153 public

5491 23677 43 135 I
5526 23669 540 135 service
6075 23661 803 135 commission
6939 23670 441 153 today
7428 23677 269 135 for
7748 23710 256 105 au-

5501 23868 23 45 ,
5534 23778 537 153 thority
6056 23783 221 123 to
6263 23781 574 135 operate
6773 23792 495 117 motor
7270 23790 750 153 omnibuses,

5520 23892 696 141 asserting
6242 23887 321 123 that
6592 23888 463 141 public
7076 23897 684 159 necessity
7788 23935 200 99 re-

5520 23996 501 165 quired
6019 24002 277 129 the
6285 24018 295 105 use
6575 23994 218 129 of
6780 24006 407 129 these
7169 24008 603 141 vehicles
7780 24022 261 129 for

5505 24146 23 105 ;
5531 24127 280 123 the
5818 24106 995 153 transportation
6793 24114 204 129 of
7011 24117 218 135 its
7224 24140 796 141 passengers.

5488 24585 53 255 |

5488 24762 53 225 i

5478 25162 73 249 i

5495 25790 43 177 i

5478 26664 73 69 4

5637 24601 895 303 PEACE
6343 24592 879 309 MANIA
7063 24606 777 297 GRIPS

5805 24855 1101 315 GERMAN
6829 24870 1083 297 PEOPLES

5800 25165 1003 135 AMSTERDAM.
6860 25164 535 141 Aajcast
7460 25171 456 123 31.?

5700 25320 669 117 Kmna
6318 25302 393 129 have
6674 25297 401 135 heea
7037 25302 470 153 aelsef
7434 25311 443 123 wltk

5705 25480 183 93 a
5784 25460 385 117 wrt
6125 25451 230 123 >f
6293 25463 445 123 i?iff
6691 25440 476 141 ataala,
7140 25442 737 153 aeeordlag

5727 25604 214 117 to
5901 25594 297 129 the
6165 25586 578 129 fraatter
6719 25584 939 141 toiieipoadeat
7632 25590 224 129 af

5720 25734 297 129 the
5958 25723 740 147 Telegraaf.

5787 25870 370 129 The
6161 25871 501 123 eveata
6697 25862 214 129 la
6888 25862 552 129 Fiaaee
7454 25861 404 135 hare

5673 25983 483 123 aaif
6074 25970 449 129 nrh
6480 25996 173 93 a
6629 25967 668 147 pnfnal
7244 25962 572 153 biprri-

5710 26087 361 123 iloa
6030 26083 335 123 that
6332 26074 261 129 thr
6531 26079 672 123 Crrnaai
7141 26098 303 105 ear
7373 26092 489 117 meets

5715 26195 460 123 aliaf
6159 26188 276 117 the
6427 26182 561 129 troatier
6965 26209 312 87 are
7150 26181 638 135 MlCrr-

5715 26304 287 117 eat
5973 26306 243 105 <?
6158 26287 277 123 the
6384 26298 602 129 praspeet
6945 26286 227 129 af
7143 26287 275 123 the
7371 26290 474 129 defeat

5700 26394 247 129 ?r
5908 26394 290 129 the
6155 26391 501 123 eeatral
6642 26392 599 141 empires*
7205 26395 324 123 aad
7480 26401 390 135 aalr

5686 26498 440 129 wiah
6095 26504 217 117 ta
6247 26502 289 129 art
6504 26516 453 117 peaee
6901 26524 241 93 aa
7094 26490 580 153 aalrkly
7620 26528 234 93 aa

5717 26601 614 135 pooafhle.

7943 9509 651 567 U.
8455 9507 571 579 S.
8829 9507 1499 579 FLIER
10015 9517 1811 567 DOWNS
11629 9545 543 543 5
11881 9507 1465 579 HUNS

7931 10047 1263 555 AND
9065 10045 1401 567 STILL
10371 10043 2141 579 BATTLES
12427 10035 981 579 ON

8001 10799 1487 339 Descending,
9473 10823 553 267 He
10013 10818 1056 273 Scatters
11040 10822 607 273 Foe
11660 10813 1559 327 Infantrymen,

8405 11109 821 279 Takes
9158 11207 313 171 a
9352 11108 1151 333 Prisojier,
10431 11117 1062 279 Rescues
11388 11114 1457 321 Frenchman,

8805 11413 742 279 Then
9382 11410 1044 321 Reports
10325 11403 1019 339 "Ready
11219 11426 471 273 for
11533 11417 783 327 Duty
12178 11451 313 123 "

8070 11898 241 129 By
8290 11901 208 111 the
8445 11902 621 129 Associated
9031 11917 358 111 Tress.

8188 12013 696 159 LONDON,
8904 12031 1255 147 August-31.?First
10157 12030 444 129 Lieut.

8049 12145 616 135 Edmund
8596 12159 197 123 G.
8775 12162 867 129 Chamberlain
9602 12167 196 123 of
9760 12166 318 129 San
10014 12160 587 141 Antonio,

8056 12284 372 141 Tex.,
8437 12321 183 87 a
8604 12297 612 135 graduate
9210 12303 190 123 of
9384 12303 690 123 Princeton
10055 12303 311 123 and
10361 12302 264 129 the

8050 12418 743 153 University
8766 12434 197 129 of
8932 12439 457 123 Texas
9367 12439 318 123 and
9654 12464 240 93 an
9870 12439 518 123 aviator
10360 12440 203 117 at-

8096 12557 465 135 tached
8590 12572 207 117 to
8829 12570 255 129 the
9094 12574 516 129 United
9632 12574 461 129 States
10097 12565 535 135 Marine

8051 12694 442 153 Corps,
8481 12706 303 129 has
8759 12710 571 129 received
9296 12714 861 129 simultaneous
10135 12739 466 99 recom-

8047 12841 786 135 mendations
8854 12850 239 129 for
9103 12855 265 123 the
9346 12850 610 129 Victoria
9948 12879 377 99 cross
10327 12850 304 129 and

8082 12983 262 123 the
8325 12989 858 135 congressional
9163 12991 443 123 medal
9598 12991 193 123 of
9771 12990 429 129 honor
10186 12996 243 117 for
10399 13016 239 93 an

8077 13110 471 153 exploit
8554 13113 180 135 in
8674 13122 464 129 which
9106 13126 222 129 he
9320 13122 479 153 figured
9770 13151 221 99 on
9959 13123 351 147 July
10287 13126 197 129 28.

8176 13254 270 129 On
8447 13258 313 129 that
8770 13258 306 153 day,
9095 13291 353 99 over
9451 13266 265 129 the
9697 13266 521 129 British
10226 13264 378 141 front,

8060 13394 428 129 Lieut.
8535 13397 860 135 Chamberlain
9445 13407 333 123 took
9796 13414 339 129 part
10201 13406 177 129 in
10399 13436 239 93 an

8067 13534 414 129 aerial
8491 13533 433 135 battle
8892 13542 386 129 with
9286 13542 462 129 twelve
9732 13542 578 129 German
10276 13572 306 93 ma-

8077 13674 460 129 chines.
8633 13673 284 135 He
8954 13679 668 147 destroyed
9647 13683 297 123 five
9978 13687 190 123 of
10219 13678 386 129 them,

8064 13807 623 147 damaged
8759 13824 300 117 two
9118 13823 455 123 others
9631 13819 311 123 and
9984 13811 661 147 sweeping

8073 13946 712 129 earthward
8736 13954 389 129 with
9097 13980 183 93 a
9244 13921 627 183 damagetT
9846 13950 459 153 plane
10249 13927 321 171 scat-

8089 14086 380 129 tered
8432 14116 173 93 a
8574 14084 774 141 detachment
9335 14094 197 129 of
9504 14094 571 129 German
10068 14089 533 135 soldiers.

8050 14221 427 135 After
8514 14221 518 159 landing
9027 14234 225 129 he
9256 14234 513 129 bluffed
9782 14229 382 135 three
10178 14229 483 135 others

8054 14354 33 153 !
8108 14367 280 123 into
8371 14361 634 159 believing
8975 14375 262 123 his
9225 14396 580 117 compass
9767 14399 338 99 was
10091 14400 163 93 a
10224 14375 418 123 bomb

8051 14446 43 249 j
8074 14503 304 123 and
8389 14509 599 135 captured
9003 14536 293 93 one
9306 14511 197 123 of
9537 14511 372 123 therm.
9960 14506 312 129 He
10298 14506 337 129 then

8058 14632 33 141 i
8077 14638 509 129 carried
8572 14668 173 93 a
8742 14646 604 129 .wounded
9316 14647 526 123 French
9813 14646 464 129 officer
10264 14646 388 129 back

8089 14788 197 117 to
8253 14775 467 147 safety
8672 14787 318 123 and
8956 14784 459 141 finally
9389 14787 522 123 refused
9905 14801 190 111 to
10064 14788 336 141 give
10375 14787 255 123 his

8074 14944 402 93 name
8467 14928 199 117 to
8644 14917 268 135 the
8877 14922 528 129 British
9371 14922 450 129 officer
9830 14922 179 129 in
9981 14921 668 135 command

8074 15059 193 123 of
8264 15059 414 123 aerial
8696 15058 437 129 forces
9158 15069 173 111 in
9342 15062 313 129 that
9664 15062 502 129 section
10158 15063 197 123 of
10367 15063 265 123 the

8079 15191 378 147 front,
8455 15193 567 135 because
8978 15203 193 123 of
9143 15202 255 129 his
9379 15202 318 129 fear
9659 15198 200 129 of
9827 15194 425 153 being
10208 15199 347 147 repri-

8047 15335 581 123 manded.

8172 15471 339 123 The
8494 15471 402 147 story,
8891 15473 467 135 which
9371 15479 158 123 is
9522 15504 293 93 one
9802 15479 197 123 of
10003 15478 265 129 the
10225 15479 405 123 most

8079 15606 581 153 thrilling
8641 15609 588 159 chapters
9261 15614 180 129 in
9445 15618 255 129 the
9691 15613 486 135 drama
10155 15614 200 129 of
10373 15619 259 123 the

8044 15772 352 117 war,
8416 15750 334 129 also
8732 15759 306 123 has
9020 15759 373 123 been
9385 15734 465 153 cabled
9858 15763 193 123 to
10015 15759 630 123 America

8071 15888 249 141 by
8303 15891 269 123 the
8544 15890 550 129 London
9086 15895 386 123 office
9473 15895 190 123 of
9677 15895 255 123 the
9929 15894 703 129 committee

8063 16056 242 93 on
8292 16022 455 153 public
8760 16030 769 129 information.

8365 16225 585 159 Downs
8911 16230 407 153 Two
9310 16230 290 153 for
9560 16228 688 165 Practice.

8165 16434 428 129 Lieut.
8625 16537 63 39 >
8659 16408 856 165 Chamiberlain
9555 16440 635 141 appeared
10232 16448 191 117 at
10468 16468 173 93 a

8057 16507 23 195 |
8056 16539 511 123 British
8525 16534 588 153 avfjrtion
9073 16565 408 111 camp
9438 16568 221 93 on
9633 16539 344 147 July
9940 16547 193 123 27
10099 16547 273 123 anc'
10402 16547 169 123 in-

8057 16652 23 117 I
8075 16642 499 129 formed
8587 16632 252 141 the
8789 16643 470 147 major,
9267 16644 183 141 in
9360 16645 734 135 >?mmand
10097 16650 310 129 thaf
10430 16650 202 129 lie

8057 16731 23 147 I
8073 16755 294 123 had
8328 16752 564 141 personal
8927 16754 283 129 but
9169 16762 278 129 not
9419 16735 446 147 onTHal
9896 16755 735 147 pern.ifsion

8088 16869 183 111 to
8232 16854 337 129 visit
8577 16854 259 129 the
8800 16879 409 123 ?atnp.
9263 16858 358 129 ;This
9615 16859 169 123 is
9744 16848 425 141 li^rne
10164 16873 248 111 out
10396 16864 242 141 by

8057 16954 23 153 i
8091 16964 242 117 the
8307 16985 458 111 young
9124 16957 573 159 j^uperior.
9674 16967 353 123 who
9996 16993 330 111 says
10314 16971 306 123 that

8057 17092 23 93 ;
8106 17074 73 105 r
8569 17065 828 135 ("hamfverlain
9382 17169 33 15 .
9417 17071 298 123 had
9737 17096 152 93 n.
9897 17075 265 123 ?<ed
10211 17084 187 117 to
10411 17079 221 123 be

8053 17165 692 159 permitted
8717 17174 223 129 to
8890 17191 251 123 go
9097 17196 259 117 up
9309 17200 370 93 near
9659 17179 276 123 the
9916 17178 378 129 front
10267 17178 309 129 dur-

8383 17356 43 21 .
8532 17274 541 153 rurloufeii
9140 17295 520 123 L?e^use
9675 17304 221 93 no
9903 17282 526 129 desired
10435 17292 203 117 to

8053 17356 23 213 j
8059 17393 268 135 get
8363 17397 370 111 some
8731 17412 398 93 more
9160 17384 708 141 experience
9887 17390 457 129 before
10372 17415 196 99 re-

8076 17487 528 147 sumir.g
8567 17490 265 129 his
8787 17491 420 123 work.

8050 17563 33 195 |
8184 17599 336 123 The
8484 17593 552 135 British
9002 17603 798 123 commander
9748 17627 360 99 was
10111 17607 193 123 in
10261 17607 373 123 need

8053 17718 23 105 l
8066 17698 208 129 of
8248 17698 597 129 aviators
8823 17696 317 141 and,
9118 17724 246 93 as
9360 17703 388 123 there
9703 17722 346 105 was
10024 17732 173 93 a
10167 17706 423 129 bomb-

8057 17774 304 177 ling
8392 17795 663 147 squadron
9063 17792 424 141 a"bout
9548 17812 194 117 to
9823 17803 382 147 leave,
10315 17810 319 129 told

8052 17903 436 123 Lieut.
8484 17897 897 135 Chamberlain
9352 17903 232 123 he
9569 17906 417 129 could
9957 17932 245 117 go
10165 17908 436 141 along.

8049 18007 284 123 Ob
8363 18003 313 123 this
8697 18000 424 141 flight
9159 18002 276 129 the
9452 18024 481 117 young
9926 18011 708 123 American

8063 18099 575 147 brought
8623 18102 415 129 down
9022 18123 290 99 one
9270 18102 600 129 German
9837 18107 603 147 airplane
10451 18116 190 117 in

8064 18195 13 75 '
8095 18207 453 123 flames
8611 18207 322 123 and
8989 18212 330 117 sent
9391 18206 558 129 another
9995 18206 657 153 whirling

8060 18311 435 123 down
8456 18306 293 129 out
8721 18300 234 141 of
8923 18306 536 129 control.

8180 18411 336 123 The
8503 18416 344 117 next
8838 18408 318 141 day
9126 18432 405 93 came
9496 18409 440 135 Lieut.
9928 18414 646 129 Chamber-

8053 18560 23 93 i
8094 18510 386 129 Iain's
8444 18509 733 135 wonderful
9189 18507 508 147 exploit.

8230 18702 845 153 Hurricane
9011 18698 536 153 Battle
9480 18706 539 153 From
9907 18710 464 153 First.

8165 18911 298 123 He
8470 18931 353 99 was
8842 18916 297 117 one
9155 18902 215 129 of
9392 18936 173 93 a
9586 18909 790 135 detachment
10415 18914 211 129 of

8081 19007 443 147 thirty
8488 19005 600 135 aviators
9036 19011 371 123 who
9359 19021 404 111 went
9750 19024 277 117 out
10014 19043 358 99 over
10369 19018 263 129 the

8063 19109 711 135 battlefield
8827 19106 581 153 through
9431 19115 479 123 which
9966 19124 266 117 the
10257 19118 324 129 Ger-

8033 19240 443 93 mans
8435 19235 405 99 were
8827 19212 433 141 being
9231 19210 490 129 driven
9698 19212 498 141 by-the
10179 19223 422 123 allies.

8056 19319 260 123 As
8330 19315 266 123 the
8614 19311 453 147 thirty
9013 19315 695 123 machines
9709 19318 501 129 circled
10200 19322 434 129 about

8056 19439 371 99 over
8396 19420 286 117 the
8645 19407 511 147 fleeing
9104 19415 607 123 Teutons
9698 19411 357 147 they
9991 19448 415 93 were
10370 19433 205 111 at-

8081 19514 469 129 tacked
8523 19516 246 141 by
8728 19540 249 93 an
8942 19511 400 147 equal
9329 19510 567 129 number
9870 19518 211 129 of
10034 19522 610 129 German

8060 19613 13 159 J
8033 19619 699 123 machines.
8818 19619 176 123 It
9000 19619 335 147 v*s
9331 19644 163 93 a
9495 19618 314 129 huri
9816 19622 354 129 icane
10201 19636 431 117 oattle

8086 19723 402 123 from
8466 19723 273 123 the
8731 19723 336 123 first
9066 19721 316 135 ?nd
9373 19722 506 129 almost
9875 19736 205 117 at
10110 19731 266 123 the
10410 19731 180 123 in-

8069 19818 536 153 ception
8575 19822 215 129 of
8790 19827 266 123 the
9041 19820 551 141 combat,
9569 19822 259 129 the
9796 19825 549 135 British
10350 19834 277 129 lost

8086 19931 390 123 three
8467 19924 482 141 planes.
9200 20013 133 39 _
9383 19989 94 63 ??
9506 19985 73 39 .
9649 20012 23 21 .

8218 20032 218 117 In
8418 20027 266 123 the
8682 20024 556 141 tempest
9223 20020 222 141 of,
9379 20026 641 129 machine
10000 20056 322 117 gun
10296 20034 273 129 bul-

8095 20131 289 123 lets
8422 20127 324 123 that
8784 20127 478 123 roared
9276 20122 454 129 about-
9743 20125 266 135 his
10009 20135 631 123 machine

8056 20231 440 123 Lieut.
8495 20221 995 135 Chamberlain's
9466 20219 482 147 engTne
9907 20260 350 93 was
10243 20240 374 117 dam-

8067 20323 378 147 aged.
8504 20326 336 129 One
8854 20326 211 129 of
9069 20326 333 129 his"
9329 20325 627 135 machine
9968 20356 384 117 guns
10367 20339 217 123 be-

8073 20450 399 105 came
8501 20427 572 147 jammed
9082 20422 315 153 and.
9393 20424 781 141 hai-neemed
10209 20444 190 117 to
10425 20438 211 129 be

8074 20544 280 117 out
8335 20530 215 129 of
8554 20530 266 129 the
8802 20530 473 129 action.

8195 20635 326 123 But.
8582 20635 526 123 instead
9099 20630 224 129 6t
9332 20632 588 141 starting
9907 20634 281 129 for
10181 20635 424 147 home,

8071 20735 229 123 he
8281 20735 657 123 remained
8929 20745 190 111 to
9091 20730 380 129 offer
9436 20700 721 213 ajjtotance
10161 20748 190 117 to
10349 20747 297 123 two

8074 20834 407 129 other
8503 20831 661 147 airplanes
9160 20805 810 207 whio^Rjpd
9994 20839 364 123 been
10361 20848 214 117 at-

8086 20934 476 129 tacked
8547 20932 246 141 by
8792 20935 479 123 twelve
9237 20908 1229 165 GerMjnnmachinop.

8184 21034 332 129 His
8488 21039 631 123 machine
9108 21034 321 129 had
9395 21007 349 171 ltjmt
9706 21030 595 153 altitude,
10334 21072 288 93 ow-

8099 21140 270 141 ing
8393 21144 197 117 to
8601 21140 483 141 engine
9115 21133 844 135 trouPKmbut
9955 21142 436 129 when
10411 21146 225 129 he

8051 21263 349 99 was
8379 21239 630 123 attacked
8983 21236 246 141 by
9193 21264 183 93 a
9325 21219 571 147 Geafen
9916 21241 232 135 he
10127 21249 519 135 opened

10664 11914 365 129 such
11019 11940 163 93 a
11164 11918 287 129 hot
11462 11918 285 129 fire
11760 11917 308 135 that
12100 11923 253 123 the
12368 11939 481 123 enemy
12814 11923 397 123 went

10685 12010 294 129 into
10964 12044 173 93 a
11111 12018 345 129 dive
11462 12022 515 129 toward
11977 12022 259 129 the
12222 12026 419 129 earth.

10875 12196 488 165 Saves
11319 12204 674 189 English
11942 12209 511 159 Fliers'
12464 12219 468 147 lives.

10756 12402 339 129 His
11109 12412 298 117 two
11416 12417 797 135 companions
12195 12439 405 99 were
12603 12444 367 93 now
12952 12439 225 99 en-

10683 12505 416 135 gaged
11146 12508 177 117 in
11336 12536 173 93 a
11546 12511 270 123 life
11838 12519 301 123 and
12159 12514 431 129 death
12617 12516 599 141 struggle

10650 12607 308 123 and
10932 12606 440 129 Lieut.
11376 12609 904 135 Chamberlain
12224 12624 414 117 went
12646 12628 200 117 to
12843 12619 377 123 their

10660 12706 713 129 assistance.
11403 12714 322 129 His
11711 12723 474 123 action
12160 12715 648 147 probably
12792 12718 426 129 saved

10673 12802 259 129 the
10957 12811 347 123 lives
11291 12815 214 123 of
11521 12819 263 123 the
11797 12823 301 123 two
12065 12805 844 159 Englishmen.

10731 12906 315 129 His
11033 12912 499 141 engine
11476 12943 354 99 was
11811 12943 375 99 now
12100 12914 664 153 working
12723 12922 470 129 better.

10627 13010 289 129 Ho
10889 13014 570 129 climbed
11438 13039 240 123 up
11665 13027 517 123 toward
12169 13028 270 117 the
12410 13043 499 123 enemy
12868 13025 328 135 and.

10624 13119 406 123 with
11003 13144 163 93 a
11139 13117 412 135 burst
11538 13122 211 129 of
11713 13122 311 153 fire,
12032 13136 338 117 sent
12354 13150 305 105 one
12634 13131 208 123 of
12831 13130 418 129 them

10650 13219 657 147 crashing
11298 13226 204 129 to
11509 13231 263 123 the
11769 13235 420 123 earth.
12183 13235 243 123 A
12396 13234 512 129 second
12860 13259 357 99 was

10660 13321 678 135 shattered
11321 13335 416 123 with
11740 13338 584 129 another
12340 13339 481 147 volley
12836 13338 413 129 from

10655 13424 273 141 his
10877 13434 650 129 machine
11498 13460 339 117 gun.
11876 13447 429 123 Then
12264 13441 441 135 Lieut.
12707 13446 482 129 Cham-

10662 13529 532 135 beelain
11226 13535 472 147 looped
11699 13551 284 123 out
12003 13546 214 129 of
12252 13577 173 87 a
12465 13550 505 129 cordon
13014 13550 201 129 of

10661 13656 496 117 enemy
11116 13651 697 123 machines
11787 13655 491 123 which
12264 13655 319 123 had
12573 13656 650 141 gathered

10674 13748 203 117 to
10879 13737 414 135 finish
11268 13746 357 129 him
11565 13752 331 141 and,
11900 13780 232 93 as
12112 13760 239 117 he
12330 13758 470 129 sailed
12754 13780 435 117 away,

10658 13847 230 123 he
10880 13846 332 129 shot
11218 13850 270 129 tho
11434 13850 457 153 wing
11858 13863 264 123 off
12076 13858 584 129 another
12618 13857 604 135 German

10669 13946 600 153 rpachine.

10908 14150 505 153 Htm
11303 14158 577 153 Leader
11818 14152 432 165 Also
12192 14155 675 171 Downed.

10740 14359 336 123 The
11090 14357 447 135 leader
11526 14367 208 123 of
11741 14364 260 141 the
11976 14375 598 123 German
12568 14367 651 147 squadron

10664 14479 396 99 came
11080 14468 583 141 straight
11679 14481 204 111 at
11906 14474 323 129 him.
12267 14475 281 123 but
12547 14500 346 93 was
12876 14484 329 117 met

10638 14546 33 153 i
10628 14563 409 123 with
11019 14567 359 123 such
11340 14596 173 93 a
11493 14575 499 123 torrent
11971 14574 211 129 of
12151 14573 514 135 bullets
12650 14579 325 123 that
12945 14578 276 129 his

10638 14717 33 39 ?
10661 14659 614 147 airplane
11282 14667 475 147 joined
11802 14678 270 129 the
12114 14682 475 129 others
12640 14696 334 117 sert
12994 14692 233 117 "to

10635 14748 43 165 i
10665 14776 424 117 earth
11059 14770 249 153 by
11299 14784 257 117 the
11506 14787 719 123 American.

10628 14874 53 129 ;
10733 14880 350 117 The
11099 14877 704 135 lieutenant
11819 14886 359 129 then
12182 14895 499 123 turned
12669 14890 275 129 for
12947 14894 280 129 the

10638 14956 33 165 j
10640 14978 549 129 British
11218 14981 362 135 lines.
11613 14991 332 123 His
11957 14991 499 147 engine
12462 14999 312 123 had
12784 15000 436 141 "gone

10631 15117 43 111 I
10655 15075 473 147 dead,"
11107 15086 319 129 and
11399 15091 229 123 he
11583 15120 354 93 was
11935 15094 464 129 forced
12394 15103 197 123 to
12560 15099 633 147 volplane,

10664 15182 661 153 carefully
11287 15190 580 153 picking
11819 15198 270 129 his
12038 15224 375 117 way
12389 15203 584 147 through
12961 15211 259 123 the

10671 15296 469 117 smoke
11146 15300 483 117 clouds
11638 15304 211 117 of
11857 15308 440 117 shells
12303 15307 371 123 fired
12679 15317 204 111 at
12899 15311 357 123 him

10652 15387 256 147 by
10877 15395 270 123 the
11111 15396 593 141 enemy's
11660 15401 894 135 anti-aircraft
12519 15435 545 99 cannon.

10739 15499 258 123 As
10999 15499 226 123 he
11205 15507 451 123 made
11656 15528 173 93 a
11796 15511 409 123 wide
12224 15536 466 117 sweep
12716 15518 506 129 toward

10644 15602 277 129 his
10910 15601 799 135 destination
11676 15610 239 129 he
11896 15639 357 99 saw
12192 15618 597 129 beneath
12756 15622 353 129 him
13056 15657 173 87 a

10664 15711 534 123 column
11185 15711 201 123 of
11349 15714 598 129 German
11946 15730 474 129 troops,
12427 15727 319 123 and
12754 15726 312 129 into
13073 15736 135 117 it

10651 15810 233 129 he
10855 15812 516 141 poured
11340 15844 173 93 a
11469 15825 362 135 gust
11810 15822 211 129 of
11960 15826 640 129 machine
12566 15852 340 117 gun
12875 15835 253 123 bul-

10686 15914 283 129 lets
10995 15919 395 123 from
11398 15923 270 123 the
11677 15943 335 123 gun,
12024 15930 497 129 which
12524 15935 322 123 had
12847 15933 379 135 been

10662 16014 582 153 jammed,
11252 16022 284 129 but
11518 16031 484 123 which
11984 16029 236 135 he
12207 16035 322 123 had
12513 16042 709 129 succeeded

10688 16127 167 123 in
10835 16122 573 153 putting
11390 16131 316 123 into
11667 16135 479 123 action
12108 16136 452 141 again.
12540 16142 340 129 The
12835 16146 322 129 Ger-

10634 16260 428 93 mans
11065 16236 668 141 scattered,
11748 16243 329 123 and
12048 16242 441 129 Lieut.
12495 16250 662 129 Chamber-

10627 16344 43 141 i
10681 16338 274 129 lain
10931 16338 360 129 flew
11234 16363 228 99 on
11443 16342 239 129 for
11649 16367 245 99 an
11865 16342 468 153 eighth
12291 16351 200 123 of
12467 16385 163 87 a
12569 16354 367 129 mile
12907 16363 311 123 and

10617 16441 63 255 j
10657 16472 413 93 came
11068 16457 187 111 to
11238 16451 423 123 earth.

10949 16641 805 159 Threatens
11661 16640 536 165 With
12148 16642 699 201 Compass.

10627 16809 43 207 j
10724 16852 288 117 He
10988 16851 439 123 found
11424 16855 305 123 that
11722 16853 230 135 he
11928 16858 411 129 could
12308 16868 284 117 not
12577 16883 435 123 carry
12970 16867 234 123 off

10627 16965 43 159 |
10679 16950 257 129 the
10940 16952 720 141 equipment
11670 16954 201 129 of
11871 16958 270 129 his
12108 16959 645 147 machine,
12784 16996 204 93 so
12984 16975 232 123 he

10620 17018 53 201 j
10679 17059 346 123 took
10991 17054 270 129 his
11248 17081 604 111 compass
11816 17067 326 123 and
12110 17075 533 123 started
12625 17071 613 147 running

10630 17161 33 135 j
10647 17184 482 93 across
11133 17162 263 129 the
11386 17163 404 123 fields.
11786 17167 267 123 As
12038 17166 226 129 he
12250 17170 280 129 did
12513 17205 221 87 so
12700 17179 240 123 he
12932 17204 219 93 en-

10627 17267 43 123 I
10660 17261 702 135 countered
11348 17292 133 93 a
11491 17264 437 141 patrol
11943 17271 211 123 of
12158 17274 398 129 three
12521 17278 664 129 Germans.

10624 17362 285 129 He
10963 17366 553 129 shouted
11587 17376 184 117 to
11762 17370 474 129 -them
12254 17385 197 111 to
12492 17384 697 141 surrender,

10630 17467 593 147 waving
11168 17496 173 93 a
11298 17492 611 117 compass
11876 17479 452 123 above
12302 17478 267 129 his
12539 17487 383 123 head
12915 17490 301 129 like

10654 17600 153 93 a
10807 17579 429 123 bomb.
11244 17574 382 129 Two
11618 17579 204 123 of
11841 17583 267 123 the
12103 17603 488 123 enemyi
12594 17612 303 117 ran,
12923 17595 281 123 but

10676 17683 263 123 the
10932 17678 393 129 third
11300 17682 841 129 surrendered.

10748 17786 332 129 The
11061 17786 689 129 American
11756 17795 506 123 started
12262 17801 416 135 again
12687 17803 246 123 for
12960 17811 245 123 the

10625 17894 535 129 British
11146 17893 336 135 lines,
11488 17894 269 129 but
11757 17918 394 105 came
12116 17919 382 123 upon
12457 17936 183 93 a
12579 17915 632 123 wounded

10653 18003 519 123 French
11139 17999 454 147 officer,
11583 18007 498 123 whom
12028 18006 228 129 he
12239 18007 475 147 picked
12681 18035 249 123 up
12914 18023 304 123 and

10624 18125 53 87 i
10653 18110 501 129 carried,
11159 18106 537 153 driving
11648 18115 268 123 his
11880 18116 581 141 prisoner
12428 18117 457 135 before
12863 18126 318 129 him.

10616 18218 291 129 He
10844 18218 502 129 waded
11294 18247 193 99 a
11433 18218 443 129 brook
11836 18222 437 129 under
12226 18222 477 153 heavy
12649 18229 294 135 fire
12904 18238 321 129 and

10654 18328 459 141 finally
11095 18326 523 129 arrived
11587 18329 499 135 within
12094 18335 269 123 the
12337 18338 528 129 British
12875 18337 331 135 lines

10677 18439 173 123 in
10860 18431 460 147 safety
11283 18434 383 129 with
11692 18438 256 129 the
11925 18437 547 135 French
12462 18446 447 129 officer
12904 18450 314 129 and

10665 18546 262 129 the
10873 18546 577 129 German
11420 18543 581 147 prisoner.

10743 18655 281 123 He
11048 18655 330 123 then
11384 18651 572 147 reported
11977 18655 532 147 "Ready
12511 18667 249 123 for
12750 18663 465 147 duty,"

10637 18762 451 129 asked
11102 18764 269 117 the
11349 18759 482 147 major
11855 18762 190 129 in
12047 18770 667 129 command
12716 18775 210 123 of
12954 18779 262 123 the

10643 18871 504 123 British
11138 18871 508 123 airmen
11620 18876 279 117 not
11916 18885 183 111 to
12056 18875 436 123 make
12471 18900 322 117 any
12769 18889 435 135 report

10650 18973 197 135 of
10883 18979 253 123 the
11139 18973 421 135 affair
11562 18978 308 129 and
11876 18982 519 129 refused
12411 18986 203 129 to
12608 18987 340 147 give
12952 18990 261 129 his

10647 19111 417 99 name.
11128 19086 332 129 The
11427 19083 462 147 major
11855 19115 338 99 was
12180 19094 488 129 unable
12671 19104 207 117 to
12855 19095 374 147 keep

10665 19194 259 129 the
10943 19194 414 129 affair
11371 19190 394 153 quiet,
11811 19198 315 129 and
12150 19203 262 123 the
12443 19202 259 129 full
12735 19206 475 129 details

10623 19327 400 99 were
10969 19302 442 129 made
11381 19333 183 87 a
11532 19313 328 135 part
11852 19307 210 123 of
12037 19306 282 129 his
12292 19305 473 135 official
12762 19322 455 129 report

10643 19410 193 129 of
10852 19416 249 117 the
11087 19407 401 147 day's
11460 19407 557 147 fighting.

10752 19518 428 129 Lieut.
11202 19518 609 129 Kdmund
11811 19518 193 129 C.
12031 19516 860 141 Chamberlain
12875 19554 342 105 was

10651 19626 359 129 born
11026 19626 384 129 June
11441 19624 195 141 14,
11695 19623 321 147 1S91,
12049 19635 214 123 at
12285 19629 325 135 San
12595 19635 594 147 Antonio,

10639 19738 330 129 Tex.
11048 19734 288 129 He
11331 19764 345 93 was
11697 19733 614 135 educated
12320 19746 211 129 at
12540 19745 682 135 Princeton

10650 19846 308 129 and
10970 19846 272 129 the
11211 19838 764 153 University
11955 19846 207 129 of
12145 19849 471 135 Texas.
12691 19850 545 153 During

10665 19954 255 129 the
10908 19945 459 159 period
11338 19954 424 129 when
11729 19954 685 129 American
12414 19964 449 141 troops
12823 19986 397 105 were

10644 20060 570 141 grouped
11215 20055 422 147 along
11650 20063 265 123 the
11886 20061 627 135 Mexican
12515 20071 477 123 border
12995 20073 225 135 be

10647 20166 275 129 did
10896 20163 600 147 scouting
11440 20163 377 147 duty
11765 20163 439 147 along
12174 20171 265 123 the
12386 20175 313 123 Rio
12649 20174 540 129 Grande.

10627 20274 288 129 He
10903 20274 536 129 became
11424 20304 173 93 a
11592 20274 485 129 second
12076 20273 667 135 lieutenant
12747 20283 200 123 of
12965 20287 255 123 the

10621 20382 532 129 Marine
11147 20378 441 153 Corps
11579 20408 238 93 on
11782 20373 540 159 August
12335 20379 145 147 1,
12522 20386 307 129 1918.
12905 20389 259 135 Be-

10665 20495 303 123 fore
10944 20492 432 141 being
11342 20482 604 153 assigned
11934 20501 200 111 to
12089 20489 593 135 aviation
12652 20495 373 147 duty
12992 20507 232 123 he

10660 20603 466 123 served
11104 20608 211 117 at
11292 20594 863 153 Philadelphia,
12130 20595 595 147 Mineola,
12716 20606 224 129 N.
12934 20602 265 153 Y.;

10636 20706 400 129 Lake
10992 20705 561 135 Charles.
11544 20706 308 129 La.,
11851 20707 318 123 and
12095 20702 506 153 Miami,
12582 20710 311 129 Fla.

10751 20815 281 123 He
11038 20840 328 93 was
11399 20807 605 147 officially
12017 20817 578 135 reported
12642 20829 200 111 to
12852 20822 372 129 have

10655 20918 363 129 been
11017 20919 577 147 engaged
11617 20923 187 123 in
11801 20918 460 129 fifteen
12244 20918 613 153 bombing
12848 20926 380 129 raids

10651 21050 346 105 over
10999 21031 265 123 the
11269 21048 480 117 enemy
11752 21024 356 141 lines,
12114 21026 701 153 according
12803 21045 199 111 to
12984 21059 242 99 an

10654 21144 949 117 announcement
11576 21129 425 135 made
11992 21134 211 129 at
12140 21129 866 159 Washington
13002 21167 224 99 on

10647 21244 520 141 August
11159 21242 194 129 21.

10887 21501 779 471 OF
11447 21499 1941 483 GERMANY

7946 21941 1029 471 ARE
8832 21920 1855 501 SHOWING
10532 21917 2736 567 INDEPENDENCE;

7961 22355 1549 483 BERLIN
9331 22342 1007 513 'GRA
10051 22364 1173 477 VELY
10999 22348 2259 501 CONCERNED'

8060 23055 824 147 Cablegram
8860 23064 221 117 to
9047 23051 363 123 The
9410 23042 554 153 Sunday
9945 23058 367 129 Star
10305 23063 336 123 and

8054 23185 33 111 I
8154 23170 432 129 New
8474 23166 478 129 York
8839 23158 560 129 World.
9412 23153 755 159 Copyright,
10159 23170 372 129 1018.

8178 23299 1026 147 AMSTERDAM,
9210 23298 553 153 August
9787 23309 824 135 31.?Follow-

8094 23448 267 141 ing
8326 23449 654 135 Emperor
8959 23434 489 129 Karl's
9437 23437 366 135 visit
9830 23457 193 111 to
10031 23451 273 123 the
10312 23446 278 129 fed-

8057 23604 23 117 !
8065 23577 300 135 eral
8358 23562 1062 177 courts?pavaria,
9421 23565 543 159 Saxony
9927 23582 307 129 and
10157 23587 412 123 Wur-

8081 23719 1059 147 temburg?comes
9164 23710 249 129 the
9423 23739 382 99 news
9794 23721 474 135 which
10279 23727 268 123 indi-

8065 23871 403 123 cates
8459 23862 324 129 that
8780 23853 276 135 the
9032 23849 497 135 demon
9489 23859 982 147 particularism
10421 23891 217 99 so

8067 23999 575 123 dreaded
8635 23996 252 141 by
8841 23991 589 123 Prussia
9439 23995 176 123 is
9602 24024 351 93 once
9917 24027 423 99 more
10341 24007 244 123 ris-

8097 24132 260 141 ing
8350 24135 184 123 in
8485 24120 669 141 Gerrtiany.

8178 24262 490 129 Under
8645 24258 356 129 rude
8991 24259 441 123 blows
9411 24261 388 135 dealt
9802 24276 200 117 to
9994 24275 266 123 the
10213 24274 369 129 Hoh-

8065 24399 659 123 enzollern
8704 24387 595 147 prestige
9287 24391 249 147 by
9497 24403 507 123 Foch's
10002 24407 633 123 offensive

8074 24531 266 123 the
8383 24526 495 129 federal
8932 24532 441 117 states
9399 24554 285 105 are
9711 24524 749 165 displaying
10464 24568 173 93 a

8072 24659 407 147 spirit
8467 24657 218 135 of
8688 24655 884 147 independence
9555 24680 269 117 not
9819 24684 208 117 at
10011 24680 228 117 all
10239 24704 363 93 com-

8064 24791 528 147 patible.
8670 24820 219 93 as
8970 24794 266 129 the
9271 24795 725 147 Vossische
10039 24802 590 153 Zeitung

8067 24890 762 153 plaintively
8802 24890 626 153 observes,
9414 24911 391 123 with
9797 24910 262 129 the
10055 24911 542 147 imperial

8090 25003 315 123 idea.

8158 25103 566 123 Besides
8733 25094 464 153 taking
9175 25128 239 93 an
9396 25115 452 123 active
9836 25116 331 141 part
10193 25119 180 123 in
10369 25119 252 123 the

8061 25201 794 183 [.competition
8871 25211 246 123 for
9137 25211 252 123 the
9404 25237 496 111 crowns
9906 25227 197 123 of
10107 25226 515 129 various

8059 25314 571 129 Russian
8588 25319 470 123 border
9036 25326 437 129 states,
9496 25331 336 147 they
9817 25334 517 129 insisted
10262 25339 373 123 with

8073 25446 557 105 success
8595 25452 246 93 on
8821 25433 626 135 separate
9432 25440 1016 141 representation
10439 25442 194 129 in

8093 25530 270 129 the
8369 25534 663 129 economic
9036 25531 877 147 negotiations
9923 25576 375 93 now
10268 25572 299 117 pro-

7979 25628 673 189 ceeding
8676 25638 413 129 with
9129 25635 1227 171 Austria-Hungary
10417 25669 195 111 at

8068 25737 640 159 Selaberg,
8739 25761 201 111 at
8939 25746 498 129 which
9454 25759 266 123 the
9709 25762 605 129 German
10350 25762 243 129 im-

8071 25847 432 147 perial
8529 25861 846 135 government
9380 25849 458 159 hoped
9864 25885 187 111 to
10048 25874 235 129 be
10272 25875 349 123 able

8096 25979 194 99 to
8288 25964 449 141 speak
8739 25962 255 129 for
9007 25962 280 129 the
9252 25965 484 135 whole
9733 25979 520 147 empire.

8156 26061 344 135 The
8502 26070 416 129 latest
8872 26095 447 99 move
9302 26067 243 147 by
9507 26078 547 153 Saxony
10026 26090 316 129 and
10301 26095 270 123 Ba-

8078 26172 418 141 varia,
8468 26179 501 123 which
8936 26179 308 123 has
9226 26192 573 117 aroused
9792 26191 503 147 "grave
10273 26224 294 93 con-

8088 26282 448 129 cern."
8576 26300 356 117 says
8982 26282 270 129 the
9269 26278 715 153 Vossische
10006 26298 595 153 Zeitung.

8064 26387 13 123 I
8072 26386 304 129 has
8339 26385 386 135 been
8691 26391 280 123 the
8924 26390 606 129 decision
9510 26409 193 111 to
9673 26405 649 135 establish
10292 26436 286 117 sep-

8065 26494 434 129 arate
8491 26491 649 147 legations
9103 26509 212 111 at
9299 26493 280 135 the
9528 26497 741 159 Bulgarian
10237 26520 317 141 capi-

8054 26574 33 153 I
8093 26599 237 123 tal.

8153 26705 325 135 For
8482 26711 247 123 the
8696 26721 541 135 present
9255 26708 328 165 they
9544 26747 288 99 are
9821 26741 190 111 to
9975 26734 218 129 be
10391 26763 183 99 re-

10672 23058 486 129 sented
11149 23054 181 129 in
11296 23049 414 135 Sofia
11675 23045 243 159 by
11909 23057 372 135 their
12227 23062 705 129 ministers
12908 23070 277 129 sta-

10678 23166 467 129 tioned
11109 23173 221 111 at
11288 23162 561 129 Vienna.
11888 23167 343 123 The
12180 23165 735 135 Vossische
12879 23178 272 129 Zei-

10671 23283 391 123 tung
11028 23266 593 129 foresees
11622 23271 270 123 the
11875 23270 603 129 dreadful
12476 23273 765 159 possibility

10662 23378 204 129 of
10857 23379 375 123 their
11201 23370 596 153 example
11768 23375 452 147 being
12184 23372 633 141 followed
12772 23377 256 159 by
12983 23395 224 123 all

10662 23486 429 129 other
11088 23483 513 123 federal
11628 23484 460 141 states,
12084 23487 416 123 with
12502 23486 274 129 the
12777 23498 446 129 result

10674 23595 325 123 that
11005 23586 428 129 Sofia
11408 23604 389 117 may
11795 23611 312 99 one
12107 23587 329 147 day
12427 23590 225 129 be
12659 23592 349 141 able
13038 23617 193 111 to

10659 23699 416 123 boast
11055 23694 214 129 of
11236 23686 611 153 housing
11802 23720 233 93 no
12034 23695 294 123 less
12317 23698 360 129 than
12658 23703 520 147 twenty-

10671 23802 269 129 six
10950 23798 615 129 German
11603 23795 764 147 diplomatic
12417 23822 771 129 representa-

10674 23910 379 129 tives.

10734 24023 233 123 A
10956 24010 739 153 significant
11709 24010 326 129 fact
12040 24015 347 123 also
12415 24014 166 129 is
12598 24017 332 135 that
12950 24027 270 123 the

10631 24124 452 141 King
11067 24118 211 129 of
11272 24114 617 129 Bavaria
11917 24119 159 123 is
12072 24118 443 129 about
12549 24127 194 123 to
12747 24142 322 129 pay
13060 24161 173 87 a

10655 24231 370 123 visit
11047 24221 218 135 of
11276 24228 312 117 five
11607 24215 381 147 days
12041 24223 177 123 in
12213 24218 675 153 Bulgaria,
12929 24264 238 93 ac-

10657 24327 764 147 companied
11404 24324 263 141 by
11629 24327 287 123 his
11897 24324 592 141 premier.
12553 24335 196 123 It
12770 24335 176 123 is
12924 24348 297 117 not

10646 24449 205 111 at
10855 24439 238 123 all
11097 24427 639 147 unlikely
11731 24430 335 129 that
12083 24430 283 129 the
12353 24434 584 129 kaiser's
12949 24472 203 93 re-

10649 24547 338 123 cent
11008 24538 374 129 visit
11410 24539 200 123 to
11588 24526 451 153 King
12014 24528 844 165 Ferdinand/
12804 24547 377 147 who,

10701 24644 674 141 'ccording
11379 24648 207 117 to
11602 24638 277 129 the
11911 24643 412 123 latest
12364 24636 821 165 intelligence,

10704 24784 133 93 s
10820 24750 461 129 much
11311 24739 662 147 improved
11995 24747 194 123 in
12185 24746 504 129 health
12699 24746 246 153 by
12940 24758 273 129 his

10684 24864 332 141 ?tay
10980 24864 218 117 at
11155 24843 681 147 Nauhelm.
11813 24873 389 111 may.
12179 24851 381 123 have
12551 24854 368 129 been
12907 24867 315 123 due

10706 24997 153 87 o
10861 24962 533 129 certain
11361 24947 819 147 misgivings
12168 24980 228 93 as
12402 24965 204 111 to
12617 24958 267 129 the
12843 24991 319 99 mo-

10727 25076 313 117 ives
11023 25056 720 141 actuating
11708 25054 280 129 his
11980 25053 821 135 subordinate
12766 25090 392 105 mon-

10703 25174 381 129 irchs
11088 25171 197 123 in
11279 25161 389 135 their
11654 25159 695 147 courtship
12327 25162 218 129 of
12513 25157 672 159 Bulgaria.

11072 25616 996 357 Labor
11980 25598 799 441 Day

10958 26076 372 165 The
11382 26069 378 159 Star
11797 26060 341 165 will
12217 26061 243 159 be
12544 26051 485 171 issued

10885 26242 768 129 tomorrow
11635 26220 215 141 at
11897 26201 103 159 1
12005 26186 784 177 O'CLOCK.

10974 26425 754 183 Classified
11912 26419 1112 171 advertisements

10807 26597 440 135 must
11213 26578 246 153 be
11439 26584 339 141 sent
11756 26584 238 141 to
11905 26556 385 165 Tbc
12239 26556 382 165 Star
12574 26551 456 171 office

10853 26722 507 153 L-eiorc
11381 26705 201 159 10
11563 26739 325 123 a.ai.
11869 26690 755 201 Monday..

13043 2479 2431 723 BRITISH
15211 2463 2055 723 SWEEP
17027 2459 3147 843 EASTWARD;

13175 3119 1423 723 FOE
14055 3103 1967 723 MUST
15523 3083 3119 747 EVACUATE
18183 3099 2695 843 PERONNE;

14127 3723 1847 747 HUNS'
15803 3727 1347 723 LYS
16871 3743 2703 723 RETREAT
19243 3743 1907 723 SWIFT

13328 4742 1883 297 HERTUNGSOON

13475 5012 694 285 WILL
14058 5012 732 285 STEP
14611 4997 843 327 DOWN,

13733 5282 347 273 IS
13954 5267 957 291 BERLIN
14742 5258 949 297 RUMOR

13548 5562 695 129 LO\DO\.
14273 5565 561 135 Avsut
14867 5558 200 129 31
15179 5555 183 123 It
15416 5552 172 117 Is

13377 5676 687 117 ramorrd
14044 5676 204 117 In
14185 5669 521 135 Berlin,
14682 5659 744 147 according
15380 5669 221 111 to

13421 5804 183 93 a
13572 5780 640 141 dispatch
14193 5779 426 123 from
14549 5774 870 129 Amsterdam
15383 5777 214 111 to

13436 5886 287 129 the
13691 5886 565 129 Ceatral
14634 5889 597 135 Agency*
15247 5879 335 123 that

13422 5999 778 123 Chaneellor
14160 6025 332 87 von
14409 5992 693 141 Hertllng
15056 5985 548 135 shortly

13391 6104 372 117 will
13780 6103 465 123 retire
14245 6101 474 135 owing:
14760 6104 224 117 to
14982 6096 296 117 his
15285 6096 252 117 ad-

13422 6212 554 117 vanced
13916 6229 319 111 age
14182 6211 342 123 and
14438 6212 362 117 will
14765 6212 249 117 be
14973 6198 571 129 succeed-

13415 6315 245 123 ed
13601 6312 256 141 by
13795 6320 288 117 Dr.
14002 6325 301 111 W.
14284 6314 189 129 S.
14440 6312 351 141 Soil,
14764 6315 287 123 the
14981 6311 608 123 German

13434 6418 581 129 colonial
14017 6430 686 129 secretary.

13491 6703 288 123 Dr.
13772 6703 344 123 Solf
14079 6695 632 147 recently
14626 6703 457 123 made
15048 6725 260 87 an
15299 6696 246 117 im-

13425 6809 565 135 portant
13965 6812 1013 117 nnnouncement
14975 6803 335 123 that
15311 6799 287 123 the

13432 6907 792 147 disposition
14232 6915 221 123 of
14454 6908 778 141 Germany's
15269 6907 241 123 col-

13432 7023 416 123 onies
13844 7023 415 123 after
14270 7023 287 123 the
14510 7049 377 87 war
14907 7019 169 123 is
15073 7019 228 123 ?f
15318 7015 280 123 the

13419 7137 532 111 utmost
14033 7133 796 135 Importance
14857 7127 336 123 and
15251 7128 335 117 that

13424 7237 775 135 Germany's
14209 7232 491 141 policy
14670 7246 428 105 must
15120 7232 235 117 be
15370 7257 238 87 so

13428 7335 547 147 Shaped
13940 7343 342 123 that
14269 7343 297 123 she
14495 7338 365 129 will
14846 7339 485 123 retain
15292 7335 307 123 her

13437 7443 584 147 foreigm
13990 7443 837 147 possessions.
14919 7452 448 117 Parts
15372 7443 221 123 of

13429 7554 289 129 his
13712 7559 579 123 address
14254 7584 433 93 were
14705 7555 503 123 looked
15186 7572 418 117 upon

13432 7692 235 93 as
13694 7692 193 93 a
13901 7667 487 123 veiled
14425 7659 780 147 suggestion
15251 7664 342 117 that

13422 7792 460 117 peace
13845 7770 730 129 tentative*
14529 7796 266 93 on
14752 7770 290 129 the
14997 7771 414 123 basis
15369 7767 224 123 of

13430 7883 580 123 colonial
14018 7875 840 147 possessions
14834 7874 492 153 might
15338 7879 255 123 be

13399 7990 475 129 made.

13187 8335 1543 699 PRIMARIES
14563 8335 983 699 SHOW

13671 8959 383 699 U.
13975 8959 395 699 S.
14215 8943 851 699 WAR
14899 8943 971 699 SPIRIT

13228 9552 13 141 I

13219 9845 731 255 Results
13953 9841 270 255 of
14231 9837 683 255 Recent
14913 9831 812 291 Congres-

13308 10145 574 255 sional
13856 10151 641 243 Races
14373 10143 639 243 Warn
14937 10127 753 291 Against

13534 10429 1302 303 "Mollycoddle"
14788 10434 656 249 Peace.

13222 11037 33 183 i
13215 10944 843 261 SENATE
13992 10941 668 255 WITH
14645 10927 1177 267 PRESIDENT

13316 11471 658 147 Looking
13941 11465 601 135 forward
14543 11471 207 123 to
14743 11462 273 129 the
15022 11458 350 129 time
15343 11454 447 129 when

13250 11614 273 129 the
13523 11604 546 141 United
14088 11611 476 123 States
14592 11602 511 129 Senate
15137 11599 372 123 shall
15559 11591 225 123 be

13233 11750 464 129 called
13689 11768 412 117 upon
14121 11752 197 117 to
14328 11734 457 153 ratify
14795 11738 280 129 the
15098 11737 471 135 treaty
15574 11726 211 129 of

13224 11908 443 117 peace
13642 11879 758 147 concluding:
14403 11883 277 123 the
14632 11898 361 105 war,
15031 11875 155 123 it
15194 11871 166 123 is
15347 11861 446 135 found

13228 11974 13 225 |
13235 12027 339 123 that
13557 12027 473 123 recent
13990 12014 714 153 primaries
14673 12014 282 129 for
14927 12007 273 147 the
15171 12006 566 129 nomina-

13228 12106 13 177 !
13239 12162 331 129 tion
13558 12162 215 129 of
13772 12167 616 123 senators
14372 12179 500 99 assure
14886 12150 270 129 the
15151 12157 633 135 presence

13230 12298 208 129 of
13436 12292 717 141 addliional
14177 12299 626 123 senators
14765 12286 389 129 who
15124 12282 345 129 will
15480 12300 246 117 ap-

13220 12457 444 111 prove
13639 12435 326 123 and
13951 12430 411 129 insist
14325 12448 408 117 upon
14696 12452 173 93 a
14837 12429 514 135 strong
15322 12421 474 135 treaty

13261 12574 177 129 in
13426 12589 809 111 consonance
14196 12566 416 129 with
14614 12561 273 135 the
14865 12562 399 129 aims
15247 12554 218 129 of
15477 12549 304 135 this

13229 12711 594 171 country
13814 12710 187 129 in
13970 12698 652 153 entering
14591 12702 273 129 the
14810 12722 375 105 war.
15224 12688 537 141 Several

13233 12855 403 123 seats
13616 12846 508 129 which
14086 12838 500 153 might
14592 12842 388 129 have
14992 12843 389 123 been
15383 12829 403 135 filled

13227 12988 253 141 by
13465 12991 623 123 senators
14090 12974 707 153 suspected
14791 12973 208 135 of
15028 12972 559 141 leaning
15586 12976 204 117 to

13221 13123 612 147 pacifism,
13848 13148 232 93 as
14083 13118 339 129 that
14420 13123 426 123 term
14819 13114 166 129 is
14972 13109 378 135 used
15363 13111 183 123 in
15563 13106 221 129 its

13227 13253 940 159 objectionable
14161 13276 431 117 sense,
14580 13249 342 135 will
14939 13255 225 123 be
15149 13245 420 135 filled
15548 13244 249 141 by

13183 13428 391 93 men
13561 13398 389 129 who
13959 13418 321 105 can
14288 13394 235 129 be
14549 13390 581 129 counted
15145 13404 405 117 upon
15579 13388 207 117 to

13244 13501 433 135 stand
13633 13499 498 147 firmly
14096 13502 269 129 for
14358 13503 270 123 the
14619 13495 481 147 treaty
15033 13490 511 129 which
15516 13485 280 135 the

13230 13605 692 135 President
13877 13601 355 135 will
14220 13598 693 153 negotiate.

13447 13802 473 153 Scent
13901 13792 1107 189 "Mollycoddle"
14962 13789 549 159 Terms.

13336 14010 376 129 That
13767 14023 589 123 pressure
14364 14001 321 135 will
14739 14002 225 129 be
14996 13999 541 147 brought
15616 14000 187 117 to

13235 14122 362 129 bear
13670 14123 180 123 in
13909 14114 311 129 this
14258 14121 601 135 country
14892 14105 269 135 for
15199 14098 596 153 possible

13228 14211 13 147 !
13237 14213 974 159 "mollycoddle"
14247 14233 438 111 terms
14718 14213 208 135 of
14948 14230 440 129 peace
15384 14211 416 123 with

13209 14332 695 141 Germany
13929 14332 156 117 is
14094 14318 643 153 expected.
14811 14323 183 123 It
14973 14318 345 129 will
15353 14333 400 111 come,

13254 14440 149 117 it
13430 14440 159 117 is
13576 14427 901 147 apprehended,
14504 14427 416 123 from
14906 14418 626 129 insidious
15536 14415 197 123 in-

13231 14539 558 123 fluences
13838 14545 200 111 to
14048 14531 231 123 be
14305 14530 536 129 exerted
14848 14518 249 153 by
15104 14527 457 123 voters
15594 14518 200 129 of

13216 14646 574 129 German
13791 14635 717 147 extraction,
14523 14639 477 123 whose
15008 14634 468 129 hearts
15485 14625 293 135 still

13228 14736 13 189 |
13204 14784 508 93 warm
13691 14765 214 111 to
13903 14755 280 123 the
14196 14741 753 135 fatherland.
15027 14743 183 123 It
15188 14739 338 123 will
15544 14760 250 93 no

13228 14823 13 195 |
13226 14859 420 123 doubt
13628 14854 221 129 be
13848 14846 902 153 supplemented
14732 14843 245 147 by
14969 14847 259 123 the
15215 14839 574 147 pacifists

13234 14966 204 129 of
13421 14962 644 129 America
14028 14958 416 129 with
14432 14955 413 147 pleas
14856 14955 272 123 for
15135 14968 433 117 peace
15564 14952 218 117 at

13211 15071 701 123 whatever
13876 15058 405 153 price,
14289 15088 214 93 so
14495 15060 364 141 long
14807 15084 229 93 as
15031 15055 152 123 it
15190 15055 159 123 is
15316 15071 441 123 peace,

13224 15174 322 129 and
13531 15199 236 99 no
13721 15175 551 123 matter
14278 15166 163 129 if
14435 15166 273 129 the
14696 15154 665 153 proposed
15351 15169 441 111 terms

13236 15279 494 123 should
13672 15275 580 123 whistle
14228 15272 437 117 down
14650 15272 277 117 the
14869 15263 436 123 wind
15261 15264 241 117 all
15507 15259 273 123 the

13233 15378 667 129 sacrifices
13906 15375 273 123 the
14168 15365 505 135 nation
14629 15362 348 129 will
14988 15362 394 129 have
15334 15358 450 129 made

13251 15492 197 117 in
13426 15482 266 129 the
13640 15503 368 99 war.

13322 15587 475 147 Many
13793 15586 732 129 statesmen
14521 15577 542 135 foresee
15046 15604 193 93 a
15257 15569 527 135 critical

13238 15699 357 123 time
13580 15694 275 129 for
13836 15694 283 129 the
14066 15695 499 123 world
14563 15696 194 117 in
14744 15691 283 123 the
15005 15684 618 141 framing
15583 15683 211 123 of

13245 15812 267 117 the
13524 15824 443 117 peace
13989 15803 756 123 settlement.
14835 15794 432 129 None
15280 15795 516 123 doubts

13245 15915 325 123 that
13544 15911 706 123 President
14184 15906 593 129 Wilson
14752 15902 329 129 and
15053 15902 276 129 his
15309 15903 424 123 advis-

13229 16048 260 93 ers
13455 16019 308 123 will
13775 16019 417 123 abate
14187 16044 239 93 no
14417 16011 230 147 jot
14639 16040 210 93 or
14858 16010 314 129 title
15163 16010 193 129 of
15370 16021 418 111 terms

13199 16126 497 129 which
13610 16127 352 123 will
13910 16122 529 129 match
14399 16122 280 129 the
14643 16115 537 147 objects
15143 16113 214 135 of
15282 16119 458 123 Amer-

13260 16243 248 123 ica
13514 16238 187 129 in
13702 16238 277 129 the
13940 16254 364 105 war
14292 16235 326 123 and
14580 16235 459 123 make
15046 16230 307 129 this
15353 16250 381 105 coun-

13238 16343 365 147 try's
13581 16341 606 135 sacrifice
14156 16347 287 123 not
14455 16343 194 123 in
14608 16343 369 123 vain.

13337 16459 319 123 But
13637 16480 183 93 a
13772 16455 316 123 hue
14056 16451 322 123 and
14349 16473 299 111 cry
14638 16452 159 117 is
14773 16448 633 141 expected
15397 16452 190 117 to
15560 16447 232 123 be

13232 16563 469 123 raised
13698 16558 184 129 in
13857 16558 529 129 certain
14359 16555 629 147 quarters
14949 16554 308 129 anrl
15257 16553 504 135 echoed,

13223 16662 612 153 possibly,
13846 16666 191 129 in
14021 16666 270 129 the
14245 16666 516 129 Senate.
14809 16666 343 129 The
15123 16666 339 129 first
15435 16667 288 123 out-

13228 16805 296 111 cry
13464 16779 342 123 will
13808 16779 235 123 be
13996 16779 460 123 while
14458 16779 270 123 the
14737 16776 471 141 treaty
15210 16780 155 117 is
15355 16773 449 135 being

13229 16883 743 147 negotiated
13959 16883 319 123 and
14253 16883 400 123 swell
14685 16883 170 123 in
14836 16883 544 123 volume
15340 16878 447 129 when

13250 16999 152 123 it
13396 17019 457 99 comes
13851 16995 258 123 for
14101 16990 785 129 ratification.

13336 17103 813 123 Two-thirds
14146 17099 215 123 of
14355 17103 277 123 the
14632 17103 609 123 senators
15228 17105 537 135 present

13219 17236 289 93 are
13497 17203 624 147 required
14106 17212 200 117 to
14292 17198 457 153 ratify
14716 17232 173 93 a
14882 17209 466 135 treaty.
15451 17207 167 123 If
15638 17207 135 123 it

13192 17339 423 99 were
13593 17314 531 129 known
14107 17310 335 129 that
14450 17315 405 123 there
14815 17340 357 93 was
15156 17311 544 147 possibil-

13250 17424 243 141 ity
13458 17418 218 129 of
13655 17423 280 123 the
13897 17440 646 117 presence
14546 17423 180 123 in
14708 17417 273 135 the
14960 17423 504 123 Senate
15446 17423 208 123 of
15628 17448 173 93 a

13199 17525 637 135 material
13904 17531 572 123 number
14531 17526 211 129 of
14807 17528 605 141 pacifists
15519 17530 273 129 the

13220 17635 775 147 knowledge
13928 17639 502 123 would
14392 17635 885 147 undoubtedly
15231 17638 232 129 be
15420 17642 381 129 used

13223 17743 246 147 by
13419 17744 708 141 Germany
14111 17751 204 123 to
14316 17736 485 189 stiffen
14777 17751 304 123 her
15106 17751 689 123 insistence

13215 17876 388 117 upon
13583 17864 430 117 terms
13988 17849 687 135 favorable
14650 17864 207 117 to
14811 17859 287 123 her.
15185 17859 173 123 It
15303 17859 502 123 would

13220 17964 599 141 prolong
13786 17962 335 129 and
14081 17963 459 123 make
14509 17987 431 99 more
14932 17966 570 129 difficult
15522 17971 273 123 the

13226 18068 815 141 negotiations.
14094 18070 784 129 Realization
14877 18075 303 123 that
15191 18079 265 123 the
15439 18089 340 111 next

13224 18188 488 117 Senate
13725 18183 148 123 is
13870 18193 193 111 to
14029 18178 234 129 b*
14243 18179 1039 147 overwhelmingly
15282 18177 459 159 in.sup-

13227 18293 340 135 port
13582 18291 208 123 of
13814 18291 270 123 the
14076 18286 702 129 President
14749 18291 342 123 will
15116 18295 387 123 have
15522 18295 266 123 the

13230 18395 613 147 opposite
13821 18391 428 147 effect,
14287 18399 148 123 it
14447 18394 162 129 is
14594 18398 575 129 claimed.

13356 18510 237 129 So.
13642 18506 156 129 it
13826 18507 163 123 is
13984 18532 173 93 a
14149 18503 515 147 subjecjt
14699 18506 258 129 for
14961 18512 784 141 congratula-

13246 18619 320 123 tion
13558 18624 200 117 to
13750 18614 273 129 the
14014 18611 856 147 100-per-cent
14826 18618 782 129 Americans
15611 18623 190 123 in

13249 18727 263 123 the
13488 18722 508 129 Senate
13991 18723 335 123 that
14323 18722 280 129 the
14568 18727 416 123 voice
14967 18727 214 123 of
15179 18731 273 123 the
15435 18748 307 117 peo-

13224 18832 284 141 ple,
13500 18856 225 93 as
13701 18827 701 147 expressed
14398 18831 187 123 in
14562 18835 273 123 the
14827 18835 301 123 late
15096 18836 697 141 primaries

13236 18938 265 129 for
13480 18938 511 129 Senate
13967 18938 329 129 and
14233 18938 507 129 House
14720 18939 873 147 nominations,
15634 18951 155 123 is

13224 19047 837 147 unequivocal
14083 19051 319 123 and
14408 19050 960 129 unmistakable.
15456 19054 336 129 The

13243 19158 319 129 fact
13590 19159 166 123 is
13744 19159 350 123 also
14072 19155 841 147 appreciated
14921 19163 325 123 that
15259 19162 276 129 the
15525 19187 211 99 re-

13236 19271 384 123 sults
13610 19262 211 129 of
13819 19267 280 123 the
14069 19264 707 141 primaries
14776 19296 408 93 serve
15141 19271 688 147 warning

13253 19378 325 129 that
13575 19375 280 123 the
13828 19372 496 141 people
14273 19375 352 123 will
14632 19379 433 123 stand
15036 19404 246 93 no
15274 19379 541 147 trifling

13228 19503 13 147 [
13224 19507 246 99 on
13429 19508 367 93 war
13754 19508 707 93 measures
14475 19487 335 123 that
14773 19503 399 123 may
15161 19511 402 99 come
15552 19512 253 117 up

13228 19553 13 207 j
13224 19590 492 129 before
13703 19590 280 129 the
13929 19616 364 93 war
14278 19585 370 135 ends
14663 19590 643 153 designed
15296 19597 268 135 for
15572 19602 221 129 its

13228 19742 13 153 j
13235 19698 634 153 vigorous
13843 19699 826 147 prosecution.

13459 19910 698 153 Senators
14134 19915 231 147 to
14315 19910 484 153 Back
14728 19908 786 165 President.

13306 20105 807 159 Mississippi
14111 20115 319 123 and
14412 20114 464 129 South
14835 20113 650 135 Carolina
15429 20122 351 129 will

13252 20254 373 129 send
13612 20259 609 123 senators
14181 20254 382 129 who
14548 20279 292 99 are
14833 20257 584 135 counted
15396 20284 408 117 upon

13262 20403 197 123 to
13448 20398 400 129 back
13843 20393 273 135 the
14097 20393 695 135 President
14811 20408 200 117 to
15015 20402 273 129 the
15289 20407 305 123 end
15607 20402 194 129 in

13269 20506 263 129 the
13578 20508 478 141 treaty
14086 20511 200 123 to
14322 20507 222 123 be
14579 20507 762 147 negotiated.
15449 20510 343 129 The

13243 20619 616 123 outcome
13835 20615 218 123 of
14043 20615 273 123 the
14292 20611 701 147 primaries
15002 20619 177 123 in
15126 20623 675 123 Montana

13246 20748 243 93 on
13499 20723 280 123 the
13788 20718 698 129 senatorial
14504 20722 814 129 nomination
15339 20726 454 129 leaves

13244 20852 239 93 no
13496 20826 450 129 doubt
13966 20852 219 93 as
14222 20832 197 117 to
14450 20826 325 129 that
14819 20830 481 129 state's
15328 20856 408 117 repre-

13249 20931 683 147 sentation,
13940 20935 265 123 for
14152 20934 633 129 whether
14760 20933 573 135 Senator
15256 20942 549 129 Walsh

13246 21068 215 93 or
13459 21042 280 129 the
13732 21033 750 159 republican
14464 21042 612 129 nominee
15090 21047 159 123 is
15238 21043 538 147 elected,

13266 21150 270 129 the
13526 21155 377 123 vote
13930 21151 187 123 in
14126 21151 273 123 the
14385 21150 518 129 Senate
14865 21140 938 189 will-'l^utrue

13222 21245 33 183 |
13247 21262 361 129 blue.
13676 21258 475 129 There
14159 21259 166 123 is
14318 21258 878 129 considerable
15196 21264 543 141 speTOla-

13222 21360 33 141 i
13276 21371 317 123 tion
13591 21387 373 99 over
13979 21362 280 129 the
14230 21360 708 141 Michigan
14946 21391 355 99 case.
15415 21376 180 117 It
15638 21375 156 123 is

13229 21457 23 135 i
13262 21474 446 129 taken
13676 21470 262 129 for
13910 21467 599 147 granted
14490 21470 335 129 that
14826 21470 159 129 if
14928 21466 521 153 Henry
15397 21479 409 123 Ford

13222 21582 33 177 |
13256 21577 494 135 should
13717 21583 245 123 be
13926 21579 521 123 elected
14420 21579 239 123 he
14630 21578 431 129 could
15020 21583 235 123 be
15229 21587 577 123 counted

13247 21712 401 117 upon,
13652 21686 395 129 since
14004 21682 702 129 President
14617 21686 590 129 Wilson
15210 21690 603 129 indorsed

13222 21761 33 183 I
13244 21799 276 123 his
13505 21789 827 135 nomination,
14351 21791 673 147 although
14996 21794 273 129 his
15253 21795 546 147 pacifist

13247 21907 442 123 views
13649 21926 298 105 are
13908 21900 850 141 pronounced
14684 21903 333 123 and
14937 21902 372 129 well
15282 21907 531 123 known

13243 22015 319 123 and
13527 22011 233 123 he
13754 22006 170 129 is
13906 22001 674 135 tenacious
14543 22002 218 129 of
14720 22007 276 123 his
14956 22007 721 147 principles.

13324 22119 340 123 The
13632 22106 701 153 primaries
14316 22110 272 129 for
14552 22114 810 129 nomination
15350 22128 197 117 to
15537 22118 270 129 the

13225 22224 23 141 ;
13223 22227 501 123 House
13715 22219 215 123 of
13899 22215 1141 147 Representatives
15021 22248 387 117 gave
15373 22251 431 99 more

13222 22339 33 99 !
13242 22348 671 117 numerous,
13984 22321 158 135 if
14170 22335 265 123 not
14469 22356 213 93 so
14697 22331 796 147 conspicuous,
15574 22334 183 153 i?-

13225 22448 23 141 j
13256 22453 541 111 stances
13810 22429 208 135 of
14034 22434 626 129 evidence
14671 22439 211 123 of
14910 22443 260 123 the>
15196 22452 388 117 state
15591 22442 215 129 of

13225 22605 23 111 I
13220 22546 430 129 mind
13619 22541 477 135 of'the
14068 22538 496 153 people
14550 22546 531 129 toward
15056 22551 558 147 support
15601 22550 198 129 of

13225 22625 23 159 I
13262 22659 277 123 the
13482 22679 375 99 war.
13907 22654 267 129 At
14187 22650 360 129 least
14554 22660 286 117 ten
14781 22679 391 99 men
15113 22683 423 99 were
15519 22662 225 129 de-

13225 22787 23 99 ;
13259 22766 478 129 feated
13720 22763 265 123 for
13973 22758 933 129 renomination
14857 22762 382 129 who
15223 22765 318 135 had
15512 22771 287 123 not

13225 22896 23 117 i
13251 22869 541 135 backed
13772 22870 287 129 the
14009 22892 371 93 war
14336 22891 698 99 measures
15034 22870 218 129 of
15250 22874 277 129 the
15507 22904 247 93 na-

13272 22982 309 129 tion-
13582 22983 187 123 in
13740 22972 309 141 full.
13989 22974 703 129 Whether
14671 22973 385 135 their
15022 23002 490 105 course
15441 23007 364 99 was

13222 23120 33 93 i
13247 23087 597 147 directly
13834 23074 809 153 responsible
14652 23082 272 129 for
14932 23085 392 135 their
15320 23094 486 129 defeat

13229 23206 23 33 '
13245 23197 408 135 could
13646 23203 291 123 not
13948 23195 228 123 be
14188 23186 497 153 proved,
14756 23194 161 129 if
14926 23190 551 153 claimed,
15517 23202 290 129 but

13266 23310 273 129 the
13531 23316 319 117 two
13826 23297 742 135 conditions
14544 23322 303 105 are
14835 23300 980 141 there?failure

13219 23402 43 129 !
13269 23438 190 105 to
13417 23429 370 111 vote
13764 23410 272 129 for
14018 23411 273 123 the
14259 23406 368 129 bills
14584 23410 329 129 and
14880 23409 511 135 failure
15371 23424 207 117 to
15548 23443 207 99 re-

13226 23503 33 195 |
13253 23526 406 129 ceive
13652 23508 929 141 renomination.
14596 23514 420 129 Some
14969 23542 437 105 were
15353 23531 474 123 weak

13222 23641 33 159 j
13250 23659 239 99 on
13539 23620 914 141 ammunitions
14510 23618 646 153 embargo,
15228 23655 253 99 on
15535 23634 277 129 the

13229 23742 23 129 I
13240 23737 494 135 armed
13721 23731 359 147 ship
14048 23726 830 153 proposition,
14875 23760 239 93 on
15118 23734 273 129 the
15364 23736 421 141 draft,

13229 23838 23 153 !
13257 23880 239 93 on
13502 23870 402 105 some
13923 23837 425 135 other
14372 23833 543 135 feature
14934 23838 215 129 of
15156 23848 658 141 proposed

13274 23950 750 153 legislation
14034 23942 764 129 considered
14805 23972 727 117 necessary
15537 23954 272 129 for

13269 24071 270 123 the
13544 24052 599 141 nation's
14116 24050 603 129 welfare
14758 24058 187 129 in
14966 24059 270 123 the
15251 24071 555 123 present

13222 24155 33 147 I
13256 24170 420 129 crisis
13640 24166 333 129 and
13901 24163 436 123 went
14300 24158 441 129 down
14719 24168 204 117 to
14888 24162 496 129 defeat.

13681 24360 488 165 Hen
14047 24353 502 159 Who
14491 24357 439 159 Lost
14888 24361 385 159 Out.

13330 24558 1074 177 Representatives
14473 24563 576 147 Slayden
15100 24570 321 129 and
15444 24573 311 135 Mc-

13210 24727 562 123 Lemore
13767 24705 210 135 of
13953 24702 479 153 Texas,
14433 24705 579 135 Crosser
14984 24706 321 129 and
15273 24708 548 141 Gordon

13227 24866 200 129 of
13393 24857 380 135 Ohio,
13766 24850 816 129 Shackelford
14551 24850 318 129 and
14805 24850 476 129 Hamil
15263 24855 207 123 of
15414 24853 338 135 Mis-

13240 24997 377 135 souri,
13638 24990 505 129 Kehoe
14156 24991 210 123 of
14359 24987 561 147 Florida,
14957 24986 639 129 Lundeen
15600 24991 210 123 of

13225 25156 23 69 t
13201 25106 740 129 Minnesota.
13939 25093 478 135 Dillon
14384 25103 206 123 of
14580 25093 441 135 South
14975 25094 564 129 Dakota
15493 25098 335 129 and

13186 25209 527 135 Woods
13699 25211 199 123 of
13895 25206 385 129 Iowa
14216 25226 407 105 were
14623 25202 267 129 left
14892 25202 182 129 in
15066 25202 262 129 the
15308 25203 443 147 prima-

13240 25325 304 135 ries.
13555 25312 377 141 each
13900 25309 206 135 of
14068 25314 522 129 whom
14528 25310 324 129 had
14820 25310 380 129 been
15174 25303 650 147 criticised

13246 25435 243 123 for
13469 25450 390 105 some
13825 25418 445 153 phase
14240 25422 206 129 of
14428 25422 261 129 his
14695 25414 676 153 legislative
15349 25422 472 129 record

13227 25568 235 93 on
13415 25564 345 93 war
13705 25554 687 105 measures.

13336 25646 342 129 The
13650 25667 413 99 cases
14031 25638 203 129 of
14192 25638 481 129 Dillon
14636 25633 311 135 and-
14913 25634 629 129 Lundeen
15523 25639 293 123 has

13227 25779 242 99 an
13436 25745 701 135 aftermath.
14190 25746 466 129 These
14605 25766 373 105 men
14931 25752 396 117 went
15319 25746 506 129 abroad

13253 25876 189 117 to
13404 25863 409 123 view
13752 25853 279 135 the
13993 25854 450 129 battle
14439 25852 342 141 lines,
14791 25855 276 123 but
15070 25850 262 129 the
15290 25849 528 135 British

13234 25966 789 153 government
14017 25961 540 135 refused
14542 25966 400 129 them
14889 25954 742 153 permission
15633 25973 193 111 to

13228 26105 238 111 go
13458 26093 196 111 to
13647 26074 274 129 the
13911 26075 378 123 front.
14313 26071 502 123 While
14814 26066 359 129 their
15156 26077 670 135 passports

13231 26187 376 123 have
13591 26183 282 123 not
13849 26178 384 129 been
14181 26173 769 135 withdrawn
14932 26167 245 147 by
15163 26174 309 129 this
15449 26195 313 123 gov-

13244 26295 581 123 ernment,
13851 26290 272 129 the
14120 26281 553 135 incident
14637 26287 299 123 has
14917 26278 484 129 served
15382 26288 203 117 to
15560 26308 196 93 re-

13239 26424 355 93 new
13547 26391 642 147 agitation
14175 26393 253 135 for
14410 26384 781 141 restrictions
15168 26407 389 123 upon
15558 26391 265 123 the

13222 26553 33 111 I
13266 26502 562 129 issuance
13823 26499 200 123 of
14020 26500 657 141 passports
14671 26490 311 129 and
14977 26490 444 129 closer
15402 26516 358 117 ques-

13222 26600 532 141 'Hor'-'T
13758 26598 217 129 of
13985 26608 252 117 tii*
14287 26606 380 129 ..H?-,'l
14766 26593 284 135 awl
15088 26608 510 117 rcoorrts
15618 26603 187 123 of

13200 26723 778 123 Arao..a.L
13979 26750 528 105 i.c:....:,
14676 26783 192 51 j-
14897 26726 195 105 ..0
15203 26745 165 87 u.

13530 27230 353 225 *

15637 4681 1523 591 French
16935 4709 1099 567 Gain
17839 4889 669 351 on
18273 4707 1289 579 Canal
19399 4717 723 567 du
19909 4717 1167 567 fiord

16551 5269 933 567 and
17553 5357 555 471 to
18209 5267 749 579 the
18923 5269 1321 567 North

17229 5847 655 555 of
17673 5837 1785 567 Soissons.

15681 6657 1465 495 ALLIES
16929 6685 1785 471 KEEPING
18507 6683 783 483 UP
19115 6675 1757 483 THRUSTS

16199 7091 823 483 ON
16827 7109 1537 471 WHOLE
18245 7119 1543 459 80-MILE
19625 7097 1461 495 FRONT

15807 7867 228 147 By
16020 7880 218 117 the
16202 7877 641 135 Associated
16804 7890 368 129 Press.

16055 8008 556 189 Mont
16577 8011 275 195 St.
16830 8007 765 243 Quentin,
17595 8011 991 243 dominating
18517 8021 747 207 Peronne.
19234 8024 384 189 and
19611 8029 314 183 the
19905 8020 501 237 angle
20379 8024 246 189 of
20621 8025 331 183 the

15807 8234 654 201 Somme
16455 8238 464 225 river,
16920 8247 362 195 has
17256 8252 469 189 been
17709 8256 516 189 taken
18184 8248 316 237 by
18480 8256 321 189 the
18746 8256 1021 213 Australians,
19797 8247 725 243 together
20470 8252 487 189 with

15796 8464 1139 237 Feuillaucourt,
16980 8475 486 243 lying
17433 8508 252 165 to
17673 8488 328 189 the
17943 8512 499 165 west.
18561 8488 264 189 In
18813 8492 369 189 this
19167 8483 825 243 operation,
19971 8487 620 195 which
20515 8532 428 141 was

15842 8709 212 183 in
16017 8708 331 189 the
16306 8741 587 159 nature
16840 8716 253 189 of
17058 8771 193 123 a
17215 8712 698 237 surprise
17870 8721 574 207 attack,
18396 8774 525 129 more
18904 8729 429 183 than
19316 8722 461 201 1,500
19716 8720 802 237 prisoners
20444 8774 512 129 were

15813 8939 507 195 taken.
16377 8943 440 195 The
16747 8993 483 183 way
17200 8952 197 189 is
17357 9001 478 135 now
17753 8952 785 237 prepared
18520 8956 299 189 for
18812 8955 321 195 the
19099 8951 927 243 occupation
19984 8960 253 189 of
20205 8960 748 189 Peronne

15798 9181 384 183 and
16130 9230 193 129 a
16289 9175 621 195 further
16903 9170 813 249 important
17678 9188 715 189 advance
18372 9213 245 159 to
18580 9188 321 189 the
18872 9217 396 159 east.

16093 9397 1295 255 Simultaneously
17353 9420 331 189 the
17641 9420 667 189 French
18260 9419 468 195 have
18688 9424 645 189 broken
19292 9427 525 195 down
19804 9432 321 189 the
20114 9420 827 261 resistance

15799 9639 246 195 of
16024 9635 575 243 heavy
16539 9648 741 189 German
17257 9652 533 189 forces
17773 9648 541 237 along
18281 9656 328 189 the
18566 9655 534 195 Canal
19096 9660 313 189 du
19346 9660 546 189 Nord
19850 9668 380 189 and
20196 9652 587 261 norths

15801 9875 751 195 Soissons.
16669 9880 261 189 In
16913 9884 331 189 the
17213 9883 742 195 Soissons
17934 9942 436 129 area
18357 9883 442 243 they
18754 9887 575 195 are'in
19297 9889 787 231 complete
20049 9944 517 165 posse

15799 10113 253 183 of
16040 10101 724 255 Juvigny
16734 10121 384 183 and
17078 10112 613 237 Crouy
17654 10130 391 177 and
18016 10124 468 189 have
18482 10124 686 189 reached
19157 10125 335 183 the
19453 10149 740 159 western
20171 10119 612 195 outslri

15799 10344 246 189 of
16003 10335 600 243 Leury.

16062 10569 1440 255 Notwithstanding
17457 10587 321 195 the
17769 10592 359 189 fact
18124 10597 377 183 that
18504 10592 321 189 the
18797 10591 520 195 allied
19272 10632 747 189 progress
19988 10596 359 189 has
20335 10591 612 195 slowed

15798 10816 523 189 down
16294 10819 857 219 somewhat,
17147 10815 592 243 owing
17701 10853 256 159 to
17932 10829 317 183 the
18235 10823 1215 195 reinforcements
19447 10832 318 189 the
19715 10827 799 195 Germans
20488 10837 457 183 have

15814 11056 603 189 rushed
16368 11081 249 159 to
16571 11056 314 189 the
16853 11055 376 195 fore
17212 11060 222 189 in
17381 11115 285 123 an
17616 11064 778 189 endeavor
18357 11094 256 153 to
18550 11064 436 189 hold
18944 11064 446 189 their
19328 11064 421 189 vital
19727 11059 567 243 points
20243 11122 302 129 on
20511 11067 435 195 their

15832 11291 348 195 line
16135 11341 272 135 as
16393 11283 436 243 long
16746 11340 276 141 as
16980 11287 723 243 possible,
17709 11305 476 183 there
18151 11304 352 189 has
18472 11309 465 183 been
18888 11359 302 123 no
19156 11303 790 195 cessation
19907 11308 243 189 of
20148 11308 328 189 the
20438 11302 509 201 allied

15820 11532 607 189 thrusts
16394 11523 565 243 along
16885 11537 328 183 the
17176 11536 529 189 entire
17672 11527 949 243 eighty-mile
18597 11535 471 219 front,
19069 11534 382 225 and,
19406 11544 484 189 with
19808 11544 591 189 minor
20372 11581 526 183 excep-

15820 11763 456 219 tions,
16284 11768 466 189 these
16728 11768 611 189 thrusts
17299 11773 454 183 have
17700 11773 462 183 been
18126 11771 846 195 successful.

16062 12005 313 183 A
16266 11991 444 243 gain
16644 12000 246 189 of
16820 12020 508 213 great
17308 11989 921 255 importance
18214 12009 219 183 in
18388 12008 321 189 the
18646 12007 405 195 Lvs
19022 12042 533 153 sector
19503 12011 352 195 has
19804 12020 462 189 been
20164 12014 545 201 made
20652 12011 305 243 by

15827 12241 307 183 the
16086 12231 650 219 British,
16709 12240 468 189 who
17126 12290 335 129 are
17424 12290 471 129 now
17851 12240 226 189 in
18025 12231 916 243 possession
18895 12244 250 189 of
19143 12249 377 183 that
19452 12239 1488 243 much-fought-over

15787 12463 654 243 ground.

16114 12713 271 183 In
16364 12707 317 195 the
16638 12707 773 195 Flanders
17376 12712 541 189 battle
17890 12766 418 129 area
18292 12711 321 195 the
18563 12715 796 195 Germans
19335 12770 464 129 now
19726 12770 331 129 are
20043 12705 648 255 rapidly
20651 12770 242 129 re-

15827 12935 520 243 tiring
16316 12969 246 159 to
16537 12939 449 195 their
16986 12944 424 189 lines
17395 12934 723 249 running
18060 12993 438 135 near
18438 12942 1093 225 Armentieres,
19567 12947 482 195 from
19949 12952 603 189 which
20496 12943 468 243 tf'ey

15822 13179 703 195 stormed
16521 13179 352 195 late
16888 13180 229 189 in
17047 13170 549 249 April.
17611 13184 557 189 Mont
18116 13178 795 225 Kemmel,
18938 13183 850 195 southwest
19775 13188 250 189 of
19982 13174 608 249 Ypres,
20541 13118 263 321 \
20736 13242 214 129 \s

15799 13425 462 183 been
16224 13415 516 195 taken
16672 13406 319 249 by
16941 13415 331 195 the
17213 13410 658 225 British,
17819 13420 547 189 while
18313 13415 718 219 Bailleul,
18982 13424 602 189 where
19553 13423 476 195 there
19954 13473 428 135 was
20361 13404 595 213 terriiic

15813 13611 712 243 fighting
16439 13620 565 189 when
16992 13620 318 189 the
17279 13620 803 189 Germans
18041 13671 492 123 were
18539 13607 704 243 striving
19231 13665 239 135 to
19455 13629 510 183 reach
19967 13624 318 189 the
20284 13625 645 183 channel

15803 13836 500 213 ports,
16325 13821 201 183 is
16494 13812 530 237 again
17005 13816 232 189 in
17210 13815 341 195 the
17505 13815 550 195 hands
18031 13821 249 183 of
18245 13820 517 189 Field
18729 13819 703 195 "Marshal
19399 13810 624 249 Haig's
19967 13868 465 141 men.

16081 14020 702 189 Further
16778 14020 511 189 south
17272 14021 321 183 the
17544 14020 802 189 Germans
18322 14070 342 129 are
18635 14070 464 129 now
19040 14044 388 165 east
19407 14024 253 189 of
19652 14019 321 195 the
19944 14023 532 195 Lawe
20466 14016 457 213 river,

15801 14224 384 189 and
16160 14224 321 189 the
16437 14215 652 195 British
17047 14222 461 201 have
17492 14225 506 183 taken
17924 14270 525 129 more
18417 14217 660 231 ground
19060 14249 253 159 to
19284 14224 321 189 the
19586 14229 802 183 northeast
20363 14229 246 183 of
20584 14229 313 183 Be-

15824 14424 519 189 thune.
16401 14421 340 183 As
16711 14412 597 237 nearly
17266 14471 253 123 as
17532 14421 176 183 it
17724 14421 187 183 is
17895 14413 710 231 possible
18593 14445 256 159 to
18768 14469 776 135 measure
19529 14424 328 189 the
19840 14449 560 159 extent
20372 14424 250 189 of
20625 14429 331 183 the

15772 14624 737 189 German
16487 14615 873 195 retirement
17343 14607 635 243 during
17947 14621 318 183 the
18243 14612 396 237 day
18627 14620 170 189 it
18799 14674 532 129 seems
19336 14625 377 183 that
19717 14624 324 189 the
20028 14664 607 189 enemy
20594 14629 348 183 has

15794 14824 919 189 abandoned
16654 14875 193 123 a
16806 14807 447 243 strip
17209 14816 489 189 from
17600 14866 373 129 one
17944 14840 246 165 to
18145 14846 392 153 two
18443 14820 535 189 miles
18928 14815 468 243 deep
19331 14874 425 129 over
19679 14828 509 189 what
20114 14823 608 195 would
20663 14833 274 183 be

15797 15019 479 243 equal
16261 15049 249 159 to
16454 15075 193 123 a
16612 15020 448 189 front
17019 15015 246 195 of
17222 15016 518 189 about
17720 15011 577 195 twelve
18219 15010 544 201 miles.

15637 15273 2275 495 Australians
17707 15249 1553 591 Surpise
19017 15255 1561 603 Enemy,

16089 15749 1583 471 Swarm
17365 15741 1119 471 Over
18145 15741 927 471 Mt.
18899 15739 685 483 St.
19381 15733 1677 567 Quentin

15805 16446 235 129 By
16024 16448 218 117 the
16212 16439 620 123 Associated
16796 16440 365 117 Pttm.

15859 16569 563 135 WITH
16420 16566 428 129 THE
16852 16557 729 135 BRITISH
17576 16558 533 129 ARMY
18140 16548 273 141 IN

15785 16707 699 147 FRANCE,
16543 16703 568 147 August
17200 16702 701 129 31.?With
17933 16699 430 123 Mont

15800 16856 214 117 St.
16024 16837 609 159 Quentin
16650 16843 184 123 in
16805 16838 556 129 British
17340 16830 747 153 possession
18101 16830 267 129 the

15791 16994 650 129 Germans
16434 16992 200 117 to
16611 16982 277 129 the
16863 16978 441 129 north
17264 16974 730 129 and-south
17982 16970 255 129 for
18208 16996 173 93 a

15809 17117 867 135 considerable
16671 17119 616 123 distance
17264 17140 292 93 are
17540 17107 491 147 placed
18046 17111 177 123 in
18217 17137 143 87 a

15807 17258 742 153 precarious
16592 17251 601 147 position.
17288 17250 624 129 Peronne
17982 17241 388 135 itself

15786 17407 405 123 must
16183 17399 228 123 be
16390 17386 730 153 evacuated,
17124 17386 322 129 and
17448 17387 166 123 if
17614 17387 307 123 this
17941 17382 152 129 is
18076 17388 287 117 not

15818 17548 366 117 done
16216 17525 587 159 quickly
16828 17531 283 123 the
17141 17548 503 117 enemy
17625 17544 403 117 may
18064 17517 315 135 lose

15783 17699 465 123 many
16188 17699 439 99 more
16566 17695 398 99 men
16924 17665 369 135 here.

15932 17780 617 141 Starting
16566 17784 277 117 out
16877 17775 419 123 from
17286 17775 326 123 east
17682 17766 208 129 of
17939 17764 445 141 Clery

15799 17891 416 123 about
16260 17887 133 123 5
16415 17878 506 129 o'clock
16954 17880 187 117 in
17176 17875 256 123 the
17428 17868 613 141 morning,
18103 17871 265 123 the

15778 17989 845 135 Australians
16612 17979 486 147 fought
17095 17978 381 129 their
17435 18001 373 111 way
17792 17974 582 129 forward

15802 18091 522 147 despite
16329 18095 270 123 the
16572 18083 468 147 heavy
17015 18083 296 123 fire
17297 18083 412 123 from
17682 18078 269 129 the
17939 18073 433 135 boche

15773 18198 634 129 machine
16470 18211 394 123 guns
16939 18182 318 129 and
17337 18175 647 147 swarmed
18078 18178 301 129 into

15784 18298 949 129 Feuillaucourt.
16760 18288 428 141 They
17147 18278 638 153 captured
17764 18283 276 123 200
17987 18278 334 129 Ger-

15776 18432 441 93 mans.
16287 18496 169 45 ,
16438 18496 170 45 .
16590 18403 170 99 '

15914 18507 476 123 About
16407 18498 269 129 the
16684 18519 395 99 same
17086 18495 353 123 time
17438 18486 558 129 another
17995 18484 386 141 body

15799 18606 207 129 of
15961 18602 828 129 Australians
16772 18587 676 147 "silently"
17447 18586 494 129 (which
17872 18612 501 93 means

15822 18711 310 123 that
16166 18703 347 147 they
16490 18724 405 93 were
16899 18694 567 129 unaided
17463 18692 242 141 by
17692 18684 657 141 artillery)

15803 18806 626 129 attacked
16386 18802 425 129 Mont
16812 18799 221 123 St.
17041 18791 600 147 Quentin.
17684 18791 333 123 The
17994 18791 331 123 Ger-

15780 18940 443 93 mans
16192 18931 408 99 were
16618 18897 423 135 taken
17037 18890 768 153 completely
17802 18887 239 147 by
18048 18916 270 93 sur-

15807 19011 394 147 prise.
16237 19011 268 123 for
16519 19004 361 141 they
16868 19003 321 123 had
17176 19023 239 99 no
17438 18999 323 123 idea
17766 19000 324 117 that
18110 18996 269 117 the

15775 19113 845 135 Australians
16591 19102 487 129 would
17075 19098 357 129 dare
17424 19101 575 135 attempt
18016 19095 362 123 such

15804 19248 173 93 a
15972 19219 335 123 feat.
16345 19212 291 141 By
16636 19207 133 123 8
16775 19202 521 129 o'clock
17301 19203 263 123 the
17535 19194 854 129 Australians

15804 19323 324 123 had
16128 19311 490 147 fought
16645 19311 375 123 their
17002 19325 370 111 way
17379 19313 203 111 to
17595 19303 269 123 the
17890 19302 269 129 top
18166 19295 201 123 of

15832 19423 263 123 the
16044 19424 415 117 mont
16443 19411 318 123 and
16734 19426 374 105 soon
17077 19402 388 129 after
17459 19398 331 129 that
17781 19390 594 153 signaled

15842 19532 214 117 its
16038 19524 562 141 capture.

16062 19703 816 171 Hundreds
16824 19700 379 189 Cry
17138 19692 928 165 "Xamerad."

15911 19930 438 129 Mont
16361 19922 228 129 St.
16629 19910 607 153 Quentin
17223 19935 353 99 was
17592 19906 399 129 alive
17980 19902 404 129 with

15796 20062 649 129 Germans,
16440 20051 371 123 who
16805 20071 395 99 came
17204 20042 416 129 from
17581 20030 802 153 everywhere

15800 20193 321 135 and
16102 20190 384 129 cried
16481 20177 818 135 "Kamerad'."
17340 20174 456 129 Those
17762 20160 360 141 who
18099 20166 282 129 did

15815 20347 276 123 not
16087 20359 408 99 were
16499 20331 494 123 driven
17004 20322 419 129 from
17411 20313 377 135 their
17801 20314 579 129 retreats

15818 20503 211 99 or
16037 20469 458 135 killed
16468 20461 412 135 with
16881 20454 650 153 grenades
17529 20449 325 135 and
17864 20450 482 129 bombs.

15785 20604 719 141 Hundreds
16499 20602 214 129 of
16708 20594 668 153 prisoners
17344 20610 412 105 were
17751 20578 642 153 captured

15821 20729 191 111 at
16015 20714 313 129 this
16303 20708 406 141 place.
16770 20806 110 33 .

15892 20814 527 129 While
16394 20806 288 129 the
16628 20802 286 129 hill
16870 20818 370 105 was
17190 20791 469 147 being
17573 20782 615 153 mopped
18140 20803 274 123 up

15790 20925 559 135 British
16333 20933 396 135 guns,
16721 20910 508 129 which
17209 20906 337 129 had
17516 20906 389 129 been
17858 20898 531 129 moved

15829 21064 243 117 up
16055 21038 393 129 close
16469 21036 197 117 to
16671 21022 280 129 the
16947 21020 405 141 river,
17389 21019 269 123 cut
17680 21015 405 123 loose
18067 21006 322 129 and

15809 21152 476 141 began
16297 21133 706 159 pounding
17002 21160 193 93 a
17214 21131 527 123 torrent
17757 21122 224 129 of
18006 21123 353 123 steel

15805 21262 417 129 back
16214 21254 214 129 of
16398 21235 440 147 Mont
16848 21242 224 129 St.
17086 21234 616 153 Quentin
17711 21260 222 93 as
17937 21260 183 93 a
18121 21255 210 99 re-

15785 21365 574 135 minder
16342 21372 197 117 to
16523 21358 291 129 the
16754 21355 674 123 Germans
17418 21346 328 129 that
17746 21344 363 141 they
18079 21343 315 123 had

15810 21487 482 123 better
16265 21465 378 135 start
16596 21459 606 147 moving
17148 21454 568 153 quickly.
17703 21455 340 123 The
17979 21455 354 123 Aus-

15841 21590 563 129 tralians?
16341 21583 436 123 must
16733 21574 394 129 have
17061 21570 611 129 worked
17602 21567 410 123 with
17961 21564 419 141 great

15822 21702 693 129 swiftness
16514 21701 204 111 to
16669 21682 473 129 make
17125 21703 221 99 so
17309 21678 467 129 much
17759 21695 623 123 progress

15843 21815 201 123 in
16012 21836 220 93 so
16204 21802 413 129 short
16575 21824 203 93 a
16728 21794 368 129 time.
17138 21791 260 123 At
17359 21791 578 123 various
17913 21783 473 147 points

15806 21922 631 129 between
16413 21901 624 135 Kemmel
17061 21902 346 129 and
17418 21898 652 129 Bethune
18126 21894 270 129 the

15805 22036 639 117 Germans
16460 22024 372 117 have
16844 22011 373 123 been
17240 22003 552 147 retiring
17801 22006 298 129 and
18145 22012 252 117 the

15802 22137 559 135 British
16325 22135 408 123 have
16689 22113 524 159 gained
17184 22109 399 135 back
17541 22140 183 93 a
17681 22130 388 129 very
18043 22139 306 99 con-

15833 22239 662 147 siderable
16453 22236 565 141 amount
16991 22225 221 135 of
17180 22212 548 165 ground.

16133 22445 661 159 Counter
16744 22433 685 159 Attacks
17353 22430 673 153 Wither.

15936 22655 548 147 Several
16534 22649 570 135 counter
17136 22642 561 129 attacks
17736 22637 685 135 delivered

15839 22807 528 147 during
16407 22798 276 129 the
16727 22791 325 147 day
17086 22790 337 129 east
17475 22781 204 135 of
17720 22783 688 147 Bapaume

18409 16427 526 123 astride
18931 16426 277 129 the
19204 16431 359 123 road
19566 16440 197 117 to
19735 16433 611 135 Cambrat
20369 16435 597 147 literally

18380 16565 671 135 withered
19029 16591 440 123 away
19440 16573 488 135 before
19938 16577 277 135 the
20192 16577 303 135 fire
20475 16581 225 135 of
20686 16581 267 135 th?

18388 16711 546 123 British
18920 16714 644 129 machine
19569 16740 392 117 guns.
20020 16723 343 123 The
20373 16727 369 123 road
20772 16732 194 117 to

18387 16813 612 135 Cambrai
19042 16827 313 123 and
19397 16827 274 123 the
19685 16828 544 141 ground
20246 16855 243 99 on
20499 16830 451 129 either

18432 16926 304 129 j'idc
18772 16925 262 135 for
19065 16959 399 99 some
19487 16938 609 129 distance
20099 16967 357 99 was
20472 16942 487 129 dotted

18372 17039 406 123 with
18844 17043 264 123 the
19155 17047 478 123 bodies
19675 17047 211 123 of
19909 17051 660 123 Germans
20588 17052 375 117 who

18402 17148 489 117 dasherl
18907 17148 560 141 against
19480 17156 264 117 the
19723 17155 528 123 British
20273 17160 170 117 in
20431 17159 530 123 useless

18405 17257 647 135 attempts
19054 17264 200 117 to
19231 17263 413 123 drive
19659 17262 406 129 them
20028 17267 419 123 from
20417 17271 274 123 tho
20668 17293 232 111 po-

18412 17362 493 129 sitions
18897 17363 359 147 they
19203 17366 319 129 had
19482 17371 644 147 captured.

18492 17469 455 135 About
18993 17474 262 129 the
19273 17508 387 93 same
19697 17483 334 123 time
20062 17487 258 123 the
20317 17481 636 135 Germans

18376 17608 420 93 were
18812 17578 456 153 being
19271 17586 497 129 beaten
19786 17587 378 147 here,
20218 17590 270 129 the
20491 17595 405 123 Cana-

18406 17690 426 129 dians
18875 17694 635 129 launched
19523 17729 163 87 a
19711 17703 399 123 fresh
20112 17703 509 123 attack
20649 17699 303 147 just

18412 17807 433 123 south
18822 17807 204 123 of
19026 17806 277 129 the
19254 17810 1044 129 Arras-Cambrai
20305 17815 362 123 road
20654 17815 309 123 and

18406 17915 437 123 drove
18855 17914 319 129 into
19167 17914 277 129 the
19441 17941 496 111 enemy
19950 17918 358 129 lines
20301 17913 268 135 for
20569 17943 395 99 some

18403 18022 621 129 distance.
19049 18018 539 153 Heavy
19568 18022 618 153 fighting
20186 18031 166 123 is
20349 18027 614 147 reported

18415 18140 207 117 to
18630 18135 225 123 be
18861 18134 317 129 still
19231 18134 187 129 in
19420 18160 640 117 progress
20060 18137 614 135 between
20691 18143 273 123 the

18375 18242 1052 129 Arras-Cambrai
19501 18251 336 123 and
19907 18250 276 129 the
20217 18247 691 147 Bapaume-

18382 18355 577 123 Cambrai
18964 18353 402 135 roads.

18855 18558 455 153 Close
19289 18563 225 147 to
19479 18557 594 159 Switch
20007 18557 443 159 Line.

18481 18763 556 123 British
19047 18768 470 141 troops
19527 18766 388 129 have
19914 18791 405 99 come
20318 18765 408 135 close
20726 18790 253 129 up

18422 18903 200 123 to
18629 18897 260 135 the
18863 18898 1196 153 Drocourt-Queaet
20076 18906 307 129 line
20357 18910 343 129 and
20669 18935 302 99 are

18399 19034 584 153 holding
18947 19067 249 99 on
19140 19046 467 129 while
19606 19051 266 123 the
19860 19046 451 129 boche
20308 19046 169 129 is
20479 19047 500 147 trying

18406 19173 831 159 desperately
19226 19192 197 117 to
19407 19182 620 153 dislodge
20019 19186 401 129 them.
20484 19185 426 135 Coun-

18418 19329 251 111 ter
18672 19323 509 123 attack
19176 19322 412 129 after
19593 19331 563 123 counter
20148 19326 523 129 attack
20653 19331 314 123 bus

18407 19457 382 135 been
18830 19457 635 135 launched
19475 19461 371 135 here
19852 19465 329 135 and
20210 19466 280 129 the
20500 19465 478 135 battle

18403 19603 301 123 has
18680 19602 382 129 been
19056 19602 519 153 raging
19541 19603 755 147 constantly,
20324 19606 322 129 first
20633 19610 269 129 for-

18379 19707 434 147 ward,
18833 19714 349 129 then
19151 19711 714 147 backward,
19866 19714 539 129 neither
20377 19713 338 135 side
20673 19718 248 129 be-

18434 19810 288 153 ing
18693 19815 442 147 given
19132 19848 173 93 a
19301 19823 507 123 chance
19811 19819 236 147 by
20062 19822 273 129 the
20327 19827 426 123 other
20777 19841 200 111 to

18397 19934 293 129 get
18711 19932 280 117 the
19011 19923 620 147 slightest
19660 19942 328 105 rest.
20075 19931 343 123 The
20454 19930 498 129 instant

18378 20036 615 117 German
19002 20040 567 117 counter
19580 20035 561 123 attacks
20148 20060 299 93 are
20459 20039 500 123 beaten

18406 20134 231 129 off
18674 20139 270 123 the
18926 20134 563 129 British
19493 20138 631 129 reattack
20115 20138 323 129 and
20426 20140 380 141 gain
20807 20172 163 93 a

18427 20242 377 129 little
18796 20271 431 99 more
19234 20243 551 147 ground.
19918 20246 180 129 If
20131 20246 280 129 the
20403 20245 563 135 British

18414 20354 245 129 fall
18755 20354 368 129 back
19212 20350 534 153 slightly
19823 20358 460 129 before
20356 20360 595 141 powerful

18407 20462 445 129 boche
18849 20459 559 147 strokes,
19423 20492 222 93 as
19655 20486 366 105 soon
20007 20487 218 99 as
20232 20458 372 153 they
20577 20466 387 129 have

18400 20567 569 147 quieted
18950 20575 424 123 down
19360 20596 173 93 a
19535 20570 373 129 little
19918 20570 270 129 the
20157 20569 556 135 British
20691 20585 205 111 at-

18419 20678 368 129 tack
18743 20675 447 147 again
19155 20684 319 117 and
19443 20678 328 129 hurl
19789 20678 263 129 the
20002 20678 667 129 Germans
20636 20686 304 129 out,

18400 20791 291 123 not
18674 20778 371 153 only
19009 20778 598 153 gaining
19554 20779 555 147 ground,
20104 20781 298 135 but
20403 20787 508 147 improv-

18431 20891 288 147 ing
18694 20894 375 129 their
19047 20891 658 147 positions.

18484 21006 340 129 The
18809 21007 668 123 Germans
19494 21002 388 129 have
19888 20999 495 147 fought
20358 21006 372 129 well
20793 21007 177 123 in

18411 21115 321 123 this
18727 21107 550 147 locality,
19283 21111 287 123 but
19544 21111 391 123 have
19901 21107 517 147 gained
20387 21108 604 141 nothing

18396 21214 329 129 and
18726 21219 385 123 have
19121 21215 596 123 suffered
19718 21239 706 99 enormous
20429 21214 451 129 casual-

18422 21323 299 123 ties.
18793 21324 163 117 It
18986 21323 163 123 is
19132 21318 446 129 noted
19582 21323 332 123 that
19934 21318 194 129 in
20115 21323 273 123 the
20400 21320 584 141 fighting

18407 21426 364 129 here
18805 21427 267 123 the
19097 21449 497 111 enemy
19620 21447 456 99 seems
20081 21423 675 147 virtually
20778 21437 200 111 to

18407 21535 381 123 have
18773 21530 761 129 abandoned
19522 21531 277 123 the
19773 21531 331 123 rifle
20086 21556 219 93 as
20272 21561 173 87 a
20384 21552 597 117 weapon

18410 21639 316 123 and
18764 21639 153 123 is
18918 21636 461 141 doing
19356 21631 516 147 nearly
19858 21639 229 123 all
20118 21640 263 117 his
20386 21636 595 141 fighting

18380 21737 416 135 with
18793 21740 361 141 light
19137 21743 317 123 and
19430 21740 474 141 heavy
19833 21743 643 123 machine
20449 21765 392 111 guns

18486 21846 615 129 Further
19104 21845 707 135 advances,
19787 21847 384 123 have
20179 21847 365 123 been
20529 21847 450 123 made

18411 21947 529 147 durihg
18938 21950 270 129 the
19207 21947 326 147 day
19520 21946 430 153 along-
19979 21955 273 123 the
20229 21951 680 147 Bapaume-

18400 22058 620 129 Peronne
19012 22054 358 129 road.

18530 22164 646 141 I.ongatte
19198 22158 316 129 and
19510 22155 557 147 Ecoust,
20109 22162 430 129 from
20494 22162 481 129 which

18427 22270 277 129 the
18709 22266 556 129 British
19285 22261 524 135 retired
19824 22267 713 147 yesterday,
20567 22291 416 99 were

18428 22379 577 123 retaken
18980 22369 326 135 and
19305 22375 263 123 the
19545 22374 587 129 number
20107 22374 215 129 of
20300 22375 687 147 prisoners

18446 22477 663 135 increased.

18497 22586 784 129 Bullecourt
19367 22586 166 129 is
19588 22583 462 147 being
20046 22587 601 147 mopped
20708 22608 238 117 up.

18416 22690 458 129 South
18878 22690 215 129 of
19073 22686 698 153 Bapaume
19790 22694 273 129 the
20045 22694 546 129 British
20600 22694 387 129 have

18418 22790 654 153 captured
19039 22789 1630 159 Riencourt-les-Bapaume.

15681 22947 2263 531 Ludendorff
17671 22937 1425 591 Fights
18871 22935 1655 603 Bitterly

16289 23451 553 435 to
16601 23395 1431 483 Avoid
17717 23395 2133 483 Disastrous
19597 23403 1459 483 Defeat

16346 24069 333 135 BY
16613 24061 758 135 LIHCOLX
17310 24058 529 129 EYRE.

15822 24257 818 135 Cablegram
16609 24244 231 117 to
16796 24239 377 123 Tke
17171 24233 561 135 Saaday
17731 24231 370 123 Star
18081 24221 343 135 and

15815 24397 618 135 Chicago
16368 24375 490 147 Dally
16786 24379 468 123 Sews.
17264 24362 773 153 Copyright,
18029 24362 362 129 1918.

15873 24560 587 141 WITH
16432 24549 435 135 THE
16843 24540 915 141 AMERICAN
17738 24533 686 135 FORCES

15803 24730 663 153 NORTH
16365 24725 326 135 OF
16612 24717 435 135 THE
16966 24710 550 153 AISNE,
17476 24710 578 153 August
18029 24705 198 135 31
18133 24767 343 27 ?

15799 24912 458 141 Amid
16270 24906 277 129 the
16560 24885 573 159 tangled
17147 24890 504 129 trench
17664 24886 372 129 lines
18062 24883 336 123 that

15819 25052 774 141 Criss-cross
16579 25034 280 129 the
16836 25024 625 141 tortured
17424 25026 470 129 battle
17847 25013 565 159 ground

15800 25198 413 129 west
16208 25185 218 135 of
16426 25173 586 135 Chemln
17000 25170 297 129 des
17279 25166 541 129 Dames
17823 25142 526 153 our'In-

15832 25331 510 147 fantry
16311 25326 176 129 is
16440 25310 594 153 helping
16984 25309 287 135 the
17207 25306 588 129 French
17748 25311 214 123 to
17922 25302 489 129 cleave

15843 25474 280 129 the
16093 25463 526 147 wedge
16636 25454 197 129 in
16832 25454 287 129 the
17125 25455 418 123 stone
17509 25441 387 135 wall
17907 25441 218 135 of
18128 25438 280 129 the

15828 25599 702 147 defensive
16574 25596 573 141 system
17143 25586 399 129 with
17565 25582 515 129 which
18135 25577 270 135 the

15833 25767 507 123 enemy
16305 25739 455 147 hopes
16729 25729 336 135 and
17049 25724 431 141 seeks
17478 25732 204 117 to
17666 25747 366 99 save
18016 25718 364 129 him-

15841 25885 316 135 self
16183 25881 430 135 from
16588 25864 548 141 further
17150 25866 746 129 disastrous
17913 25857 439 135 retire-

15798 26036 443 117 ment.

15917 26157 647 135 Flanked
16536 26156 246 141 by
16762 26150 450 129 crack
17170 26141 567 135 French
17726 26138 655 129 divisions,

15831 26290 907 153 accompanied
16719 26283 253 147 by
16942 26285 521 135 several
17484 26279 732 147 squadrons
18202 26269 208 135 of

15805 26375 63 267 j
15873 26430 357 153 light
16230 26426 445 153 tanks,
16691 26426 276 129 the
16923 26421 789 135 Americans
17695 26443 289 99 are
17968 26411 397 147 push-

15876 26574 228 129 ins:
16116 26566 605 129 forward
16729 26567 163 123 in
16894 26558 274 129 the
17167 26562 326 129 fr.ee
17483 26554 208 129 of
17685 26559 723 123 resistance

15841 26731 377 99 even
16248 26720 583 117 atron^ci
16914 26712 370 117 iuau

18438 24058 270 129 the
18661 24053 671 135 Germans
19303 24078 242 105 on
19523 24053 280 135 the
19735 24055 530 147 Marr.e,
20279 24057 280 135 the
20509 24056 478 141 Ourcq

18423 24219 225 99 or
18630 24194 273 129 the
18843 24195 462 123 Vesle.

18508 24330 798 129 Ludendorff
19341 24330 568 129 realizes
19928 24331 388 147 only
20338 24339 272 123 too
20607 24330 352 129 well

18453 24469 266 135 the
18756 24470 363 129 vital
19218 24466 777 153 importance
20028 24469 228 135 of
20303 24474 283 129 the
20620 24467 375 147 high

18432 24607 576 147 plateau
19020 24607 607 147 running
19622 24610 675 129 eastward
20315 24610 406 129 from
20722 24611 273 123 the

18420 24754 1233 129 Franco-American
19632 24754 398 129 front
20011 24764 208 117 at
20203 24751 631 147 Juvigny
20809 24770 197 105 to

18411 24894 579 129 Chemin
18988 24890 300 129 des
19263 24890 534 129 Dames.
19833 24890 298 129 He
20162 24890 166 129 is
20333 24887 455 147 ready
20797 24901 197 111 to

18452 25026 442 153 spend
18857 25056 388 93 men
19232 25030 333 129 and
19521 25031 756 123 munitions
20304 25025 311 135 like
20600 25026 352 129 Con-

18440 25178 603 129 federate
19045 25191 659 123 currency
19699 25179 204 123 to
19890 25166 403 153 keep
20295 25169 273 135 the
20561 25163 442 147 allies

18431 25323 250 123 off
18687 25318 416 129 those
19088 25311 565 147 heights,
19684 25310 269 129 for
19949 25310 508 129 should
20437 25309 242 135 be
20685 25310 318 129 lose

18450 25463 415 123 them
18819 25459 229 123 he
19002 25459 425 123 must
19416 25450 441 129 needs
19856 25445 268 135 fall
20140 25445 407 135 back
20534 25461 207 111 to
20723 25446 277 129 the

18455 25598 297 129 line
18751 25594 413 129 from
19091 25591 491 123 which
19556 25591 235 123 he
19780 25601 258 111 set
20016 25601 291 111 out
20299 25612 239 93 on
20489 25582 517 129 March

18448 25738 194 129 21
18662 25738 299 129 last.

18513 25844 412 141 Only
18881 25843 341 123 Gen.
19213 25836 593 141 Mangrin.
19827 25834 457 129 under
20243 25835 511 123 whom
20737 25831 260 123 tii"

18431 25950 540 129 French
18959 25946 450 129 forces
19389 25943 313 123 and
19671 25968 362 93 ours
20007 25967 289 99 are
20264 25934 713 153 operating,

18432 26063 501 123 knows
18911 26056 392 117 what
19353 26051 260 123 the
19622 26046 650 129 offensive
20241 26042 768 129 movement

18450 26159 461 147 begun
18947 26184 239 93 on
19212 26180 173 93 a
19413 26147 1009 147 comparatively
20448 26166 534 105 narrow

18458 26271 364 123 front
18913 26268 156 117 is
19105 26256 634 141 expected
19790 26270 197 105 to
20016 26259 570 123 achieve.
20665 26246 346 129 The

18430 26374 697 129 American
19099 26367 406 123 units
19471 26358 325 129 and.
19801 26384 214 93 so
19999 26358 266 129 far
20238 26388 212 93 as
20463 26365 83 111 I
20546 26360 317 117 kr.o
20863 26393 43 39 -
20927 26426 43 33 .

18457 26483 263 123 the
18687 26471 459 147 poilus
19115 26496 229 93 on
19324 26467 450 123 either
19748 26463 324 123 side
20043 26462 208 129 of
20251 26468 271 117 th*
20464 26463 449 123 Ameri-

18441 26603 364 99 cans.
18834 26579 371 123 have
19212 26566 927 129 arcon-'Mihsod
20156 26567 341 123 thus
20520 26564 211 117 f:it'
20806 26554 207 129 -<U

19046 26702 381 105 ueeu
19420 26693 210 135 j"
19579 26682 163 81 *
19910 26664 113 165 i
20019 26660 392 189 .11'*"''
20658 26689 366 135 T*

18242 27193 346 279 40
