22684 28936
996.0 2120.0 1688.0 196.0 SIXTEENTH
2820.0 2124.0 856.0 196.0 YEAR.
8028.0 2148.0 1116.0 208.0 OMAHA.
9364.0 2140.0 1108.0 192.0 FRIDAY
10804.0 2128.0 1380.0 220.0 HORNING.
12424.0 2132.0 1032.0 200.0 MARCH
13680.0 2140.0 232.0 188.0 11
13940.0 2264.0 44.0 76.0 ,
14188.0 2144.0 540.0 192.0 1SS7.
20004.0 2160.0 1236.0 204.0 NUMBER
21448.0 2144.0 376.0 192.0 2C)5
21844.0 2196.0 36.0 208.0 (

1024.0 2644.0 120.0 232.0 A
1316.0 2636.0 352.0 244.0 HOT
1828.0 2632.0 448.0 236.0 TIME
2388.0 2628.0 184.0 240.0 IN
2688.0 2628.0 368.0 236.0 THE
3220.0 2632.0 600.0 236.0 HOUSE

1024.0 3180.0 240.0 132.0 The
1384.0 3180.0 424.0 136.0 Omaha
1928.0 3176.0 476.0 132.0 Chatter
2564.0 3168.0 656.0 136.0 Discussion
3392.0 3160.0 436.0 168.0 Nearly

1432.0 3364.0 364.0 136.0 Leads
1872.0 3384.0 112.0 112.0 to
2036.0 3408.0 68.0 84.0 a
2152.0 3356.0 528.0 136.0 Personal
2736.0 3356.0 676.0 128.0 Encounter.

1036.0 3732.0 584.0 120.0 SMYTH
1672.0 3732.0 340.0 112.0 AND
2064.0 3716.0 1392.0 124.0 RUSSELLVERYW
3588.0 3712.0 236.0 116.0 RM

1716.0 4108.0 568.0 116.0 Against
2376.0 4100.0 668.0 100.0 Membcri
3092.0 4100.0 160.0 96.0 of
3304.0 4096.0 236.0 100.0 the
3588.0 4096.0 188.0 100.0 Ju-

1256.0 4280.0 520.0 112.0 diciary
1832.0 4272.0 796.0 100.0 Committee
2676.0 4268.0 468.0 104.0 Taken
3232.0 4268.0 396.0 100.0 Down

1388.0 4444.0 188.0 124.0 IJy
1648.0 4444.0 224.0 100.0 the
1968.0 4444.0 400.0 100.0 CU-rk
2504.0 4440.0 544.0 104.0 Sovcral
3172.0 4444.0 244.0 96.0 Sec-

1864.0 4608.0 344.0 108.0 tions
2260.0 4612.0 436.0 100.0 Acted
2768.0 4620.0 200.0 92.0 On
2984.0 4672.0 28.0 44.0 ,

1652.0 4980.0 492.0 112.0 Doitics
2216.0 4976.0 136.0 104.0 In
2448.0 4980.0 232.0 100.0 the
2780.0 4976.0 472.0 100.0 Honsc.

1176.0 5120.0 560.0 108.0 LINCOLN
1748.0 5191.0 24.0 48.0 ,
1832.0 5116.0 376.0 108.0 March
2256.0 5123.0 144.0 100.0 10.
2552.0 5112.0 28.0 120.0 [
2600.0 5112.0 436.0 132.0 Special
3104.0 5108.0 588.0 128.0 Telegram
3744.0 5112.0 112.0 100.0 to

1052.0 5264.0 192.0 104.0 the
1360.0 5259.0 296.0 108.0 Bur.
1680.0 5264.0 32.0 124.0 ]
1856.0 5264.0 172.0 100.0 On
2156.0 5256.0 428.0 108.0 motion
2680.0 5256.0 124.0 108.0 of
2908.0 5256.0 204.0 104.0 Mr.
3244.0 5252.0 404.0 124.0 Smyth
3736.0 5248.0 120.0 104.0 of

1056.0 5404.0 504.0 124.0 Douglas
1600.0 5404.0 188.0 104.0 the
1876.0 5404.0 344.0 104.0 house
2312.0 5404.0 308.0 100.0 went
2704.0 5396.0 244.0 108.0 Into
3020.0 5392.0 648.0 112.0 commltteo
3736.0 5396.0 120.0 100.0 of

1052.0 5548.0 192.0 108.0 the
1332.0 5548.0 364.0 104.0 whole
1780.0 5552.0 112.0 100.0 to
1976.0 5540.0 520.0 112.0 consider
2596.0 5544.0 188.0 100.0 the
2852.0 5540.0 432.0 104.0 Omaha
3368.0 5536.0 444.0 108.0 charter
3812.0 5604.0 28.0 56.0 ,

1056.0 5692.0 208.0 104.0 Mr.
1312.0 5688.0 264.0 108.0 Cole
1620.0 5692.0 124.0 100.0 of
1800.0 5684.0 436.0 108.0 Adams
2288.0 5684.0 112.0 104.0 In
2456.0 5684.0 188.0 104.0 the
2688.0 5684.0 340.0 104.0 chair.

1168.0 5832.0 244.0 108.0 'Ihe
1516.0 5856.0 552.0 104.0 governor
2172.0 5824.0 688.0 108.0 announced
2988.0 5824.0 244.0 108.0 that
3364.0 5820.0 140.0 108.0 ho
3616.0 5820.0 220.0 108.0 had

1056.0 5972.0 400.0 132.0 signed
1600.0 5976.0 352.0 100.0 house
2132.0 5968.0 268.0 108.0 rolls
2576.0 5976.0 176.0 96.0 103
2896.0 5968.0 228.0 108.0 and
3308.0 5972.0 172.0 96.0 l'J7
3484.0 6040.0 24.0 52.0 ,
3668.0 5964.0 188.0 108.0 the

1056.0 6120.0 424.0 104.0 former
1564.0 6112.0 492.0 128.0 locating
2144.0 6116.0 188.0 104.0 the
2424.0 6112.0 516.0 108.0 Institute
3028.0 6124.0 180.0 92.0 for
3280.0 6104.0 576.0 112.0 Incurable

1060.0 6264.0 404.0 104.0 Insane
1508.0 6267.0 112.0 100.0 at
1668.0 6260.0 552.0 116.0 Hastings
2228.0 6335.0 24.0 48.0 ,
2304.0 6256.0 192.0 108.0 the
2572.0 6256.0 328.0 108.0 latter
2992.0 6252.0 396.0 128.0 tixlng
3488.0 6256.0 320.0 100.0 insur-

1056.0 6432.0 284.0 76.0 ance
1380.0 6400.0 648.0 120.0 companies
2112.0 6428.0 148.0 76.0 on
2344.0 6403.0 188.0 104.0 the
2616.0 6424.0 384.0 84.0 excess
3048.0 6400.0 124.0 104.0 of
3240.0 6392.0 620.0 132.0 premiums

1060.0 6572.0 264.0 80.0 over
1368.0 6544.0 384.0 108.0 losses.

1180.0 6688.0 208.0 108.0 Mr.
1440.0 6684.0 540.0 108.0 Caldwell
2036.0 6688.0 396.0 108.0 moved
2472.0 6692.0 240.0 100.0 that
2752.0 6688.0 268.0 124.0 only
3072.0 6692.0 188.0 100.0 the
3300.0 6684.0 560.0 108.0 amended

1064.0 6832.0 492.0 108.0 pcctlons
1600.0 6832.0 124.0 100.0 of
1788.0 6836.0 188.0 100.0 the
2020.0 6832.0 436.0 108.0 chaiter
2544.0 6848.0 132.0 92.0 Do
2760.0 6828.0 696.0 112.0 considered.
3592.0 6832.0 216.0 100.0 Car

1064.0 6952.0 276.0 104.0 ried.

1064.0 6952.0 576.0 252.0 ried.Section

1188.0 7096.0 452.0 108.0 Section
1744.0 7100.0 60.0 96.0 3
1808.0 7172.0 28.0 36.0 ,
1944.0 7096.0 588.0 104.0 confining
2636.0 7096.0 188.0 100.0 the
2932.0 7092.0 224.0 120.0 city
3288.0 7092.0 352.0 104.0 limits
3752.0 7092.0 116.0 100.0 to

1068.0 7215.0 688.0 120.0 twenty-live
1828.0 7211.0 444.0 104.0 Instead
2356.0 7215.0 128.0 96.0 of
2588.0 7211.0 348.0 120.0 thirty
3024.0 7232.0 400.0 100.0 square
3504.0 7204.0 348.0 116.0 miles

1072.0 7351.0 228.0 80.0 was
1388.0 7336.0 596.0 116.0 approved.
2112.0 7328.0 452.0 104.0 Section
2684.0 7332.0 108.0 92.0 It
2892.0 7351.0 228.0 76.0 was
3216.0 7320.0 292.0 104.0 read.
3648.0 7324.0 208.0 100.0 Mr.

1068.0 7448.0 400.0 100.0 .Smvth
1560.0 7444.0 448.0 104.0 wanted
2096.0 7444.0 188.0 100.0 the
2368.0 7444.0 224.0 120.0 city
2684.0 7448.0 520.0 112.0 attorney
3252.0 7436.0 420.0 104.0 elected
3740.0 7460.0 124.0 80.0 us

1076.0 7540.0 252.0 128.0 well
1376.0 7588.0 124.0 76.0 as
1544.0 7564.0 188.0 96.0 the
1776.0 7560.0 740.0 116.0 comptroller.

1200.0 7676.0 204.0 108.0 Mr.
1460.0 7680.0 88.0 104.0 A
1572.0 7704.0 200.0 92.0 gee
1816.0 7700.0 244.0 76.0 wan
2084.0 7680.0 180.0 96.0 ted
2304.0 7672.0 144.0 104.0 all
2504.0 7668.0 184.0 104.0 the
2724.0 7668.0 428.0 104.0 oflleers
3200.0 7664.0 456.0 108.0 elected.

1188.0 7796.0 208.0 100.0 Mr.
1460.0 7792.0 408.0 104.0 Youtiit
1924.0 7815.0 224.0 76.0 was
2232.0 7780.0 492.0 132.0 opposed
2836.0 7796.0 112.0 92.0 to
3024.0 7784.0 836.0 120.0 longspoeches

1072.0 7908.0 224.0 100.0 and
1348.0 7904.0 240.0 104.0 said
1644.0 7908.0 88.0 96.0 It
1776.0 7904.0 324.0 100.0 made
2208.0 7928.0 148.0 76.0 no
2464.0 7900.0 612.0 104.0 dilferfiico
3192.0 7900.0 500.0 100.0 whether
3740.0 7924.0 124.0 76.0 or

1072.0 8032.0 200.0 92.0 not
1320.0 8023.0 184.0 100.0 the
1552.0 8023.0 424.0 96.0 olllccrs
2028.0 8044.0 288.0 76.0 were
2360.0 8012.0 424.0 108.0 elected
2832.0 8044.0 128.0 76.0 or
3020.0 8016.0 652.0 124.0 appointed.

1188.0 8136.0 216.0 104.0 Mr.
1528.0 8132.0 616.0 104.0 Whltmore
2248.0 8132.0 260.0 104.0 read
2600.0 8159.0 68.0 72.0 n
2740.0 8132.0 328.0 104.0 letter
3180.0 8140.0 292.0 96.0 from
3580.0 8128.0 288.0 104.0 Fred

1068.0 8256.0 300.0 120.0 Gray
1412.0 8252.0 676.0 124.0 advocating
2132.0 8248.0 188.0 104.0 tbo
2424.0 8248.0 484.0 108.0 election
3016.0 8252.0 124.0 100.0 of
3244.0 8252.0 232.0 124.0 city
3524.0 8252.0 340.0 100.0 attor-

1076.0 8396.0 256.0 80.0 nov.

1184.0 8472.0 248.0 116.0 The
1472.0 8487.0 424.0 104.0 section
2012.0 8484.0 472.0 116.0 making
2588.0 8480.0 664.0 128.0 appointive
3356.0 8484.0 192.0 104.0 the
3624.0 8484.0 228.0 120.0 city

1072.0 8612.0 520.0 108.0 attorney
1660.0 8608.0 228.0 100.0 and
1996.0 8604.0 228.0 116.0 city
2328.0 8600.0 304.0 104.0 clerk
2640.0 8672.0 24.0 48.0 ,
2780.0 8604.0 228.0 100.0 and
3100.0 8600.0 476.0 104.0 elective
3680.0 8604.0 192.0 100.0 the

1080.0 8748.0 384.0 80.0 mavor
1468.0 8792.0 24.0 52.0 ,
1548.0 8720.0 360.0 120.0 police
2008.0 8720.0 344.0 124.0 judge
2360.0 8792.0 24.0 48.0 ,
2496.0 8728.0 556.0 96.0 treasurer
3152.0 8720.0 228.0 104.0 and
3488.0 8744.0 324.0 100.0 comp

1080.0 8820.0 388.0 120.0 troller
1520.0 8860.0 224.0 80.0 was
1788.0 8840.0 516.0 120.0 adopted.

1200.0 8956.0 456.0 104.0 Section
1772.0 8959.0 112.0 92.0 12
1980.0 8980.0 228.0 76.0 was
2312.0 8948.0 476.0 120.0 adopted
2800.0 9024.0 24.0 48.0 ,
2940.0 8952.0 664.0 124.0 destroying
3676.0 8952.0 192.0 104.0 the

1092.0 9080.0 524.0 116.0 property
1660.0 9064.0 756.0 128.0 qualification
2472.0 9072.0 176.0 100.0 for
2688.0 9072.0 752.0 104.0 coundlmen.

1204.0 9188.0 452.0 104.0 Section
1704.0 9196.0 120.0 92.0 4S
1912.0 9212.0 228.0 80.0 WPS
2232.0 9188.0 476.0 120.0 adopted
2724.0 9260.0 24.0 44.0 ,
2864.0 9184.0 500.0 120.0 limiting
3468.0 9184.0 184.0 104.0 the
3704.0 9212.0 112.0 76.0 re-

1088.0 9307.0 728.0 120.0 sponsibility
1860.0 9303.0 124.0 100.0 of
2028.0 9299.0 544.0 104.0 railroads
2644.0 9307.0 112.0 96.0 to
2852.0 9307.0 300.0 96.0 cruet
3228.0 9299.0 228.0 104.0 and
3508.0 9303.0 304.0 100.0 main-

1092.0 9428.0 240.0 96.0 tain
1380.0 9424.0 680.0 116.0 approaches
2108.0 9428.0 112.0 96.0 to
2308.0 9420.0 508.0 100.0 viaducts
2868.0 9428.0 116.0 96.0 to
3028.0 9424.0 176.0 96.0 bOO
3252.0 9420.0 444.0 104.0 instead
3752.0 9420.0 128.0 100.0 of

1096.0 9544.0 276.0 112.0 1,200
1416.0 9544.0 256.0 96.0 feet.

1208.0 9656.0 448.0 100.0 Section
1796.0 9656.0 124.0 96.0 .10
2136.0 9652.0 188.0 100.0 the
2476.0 9648.0 556.0 124.0 judiciary
3180.0 9652.0 644.0 104.0 committed

1100.0 9771.0 384.0 100.0 s'rnck
1648.0 9784.0 192.0 88.0 out
1852.0 9843.0 24.0 48.0 ,
2024.0 9767.0 636.0 120.0 regulating
2844.0 9771.0 596.0 120.0 telephone
3656.0 9767.0 228.0 104.0 and

1092.0 9884.0 576.0 128.0 telegraph
1712.0 9888.0 648.0 120.0 companies
2368.0 9960.0 24.0 44.0 ,
2444.0 9892.0 188.0 96.0 the
2692.0 9884.0 464.0 112.0 charges
3240.0 9892.0 128.0 96.0 of
3452.0 9888.0 184.0 100.0 the
3692.0 9888.0 152.0 100.0 lat-

1096.0 10016.0 168.0 92.0 ter
1304.0 10004.0 224.0 104.0 and
1580.0 10004.0 188.0 100.0 the
1812.0 10004.0 300.0 108.0 right
2172.0 10008.0 116.0 92.0 to
2328.0 10004.0 428.0 116.0 compel
2804.0 10004.0 148.0 100.0 all
3016.0 10004.0 448.0 104.0 cloctrlc
3556.0 10000.0 328.0 104.0 wires

1096.0 10128.0 116.0 96.0 to
1296.0 10120.0 136.0 104.0 bo
1540.0 10128.0 196.0 108.0 put
1788.0 10120.0 356.0 100.0 under
2200.0 10120.0 424.0 116.0 ground
2640.0 10192.0 24.0 44.0 ,
2760.0 10144.0 228.0 76.0 was
3064.0 10120.0 220.0 100.0 lost
3388.0 10120.0 224.0 100.0 and
3700.0 10115.0 188.0 104.0 the

1096.0 10239.0 376.0 96.0 clause
1524.0 10239.0 112.0 100.0 In
1676.0 10243.0 188.0 92.0 the
1908.0 10232.0 480.0 120.0 original
2440.0 10232.0 192.0 104.0 bill
2676.0 10236.0 384.0 120.0 supplj
3096.0 10232.0 196.0 128.0 ing
3336.0 10236.0 312.0 100.0 these
3688.0 10232.0 140.0 104.0 de-

1096.0 10356.0 284.0 100.0 fects
1432.0 10375.0 224.0 76.0 was
1696.0 10352.0 520.0 116.0 adopted.

1212.0 10468.0 452.0 100.0 Section
1704.0 10480.0 24.0 80.0 (
1740.0 10472.0 84.0 92.0 U
1868.0 10464.0 584.0 104.0 conferred
2504.0 10492.0 372.0 80.0 power
2956.0 10492.0 148.0 76.0 on
3200.0 10464.0 192.0 108.0 the
3436.0 10464.0 452.0 108.0 council

1096.0 10592.0 112.0 92.0 to
1252.0 10583.0 704.0 120.0 appropriate
2004.0 10579.0 428.0 120.0 private
2476.0 10583.0 524.0 144.0 property
3048.0 10587.0 180.0 96.0 for
3272.0 10587.0 280.0 116.0 park
3604.0 10608.0 204.0 100.0 pur-

1096.0 10723.0 320.0 100.0 poses
1428.0 10772.0 24.0 44.0 ,
1504.0 10704.0 184.0 96.0 ten
1748.0 10700.0 316.0 100.0 miles
2128.0 10696.0 440.0 104.0 hnvond
2620.0 10704.0 184.0 100.0 the
2852.0 10688.0 260.0 116.0 citv.

1220.0 10816.0 208.0 104.0 Mr.
1484.0 10816.0 364.0 104.0 Slater
1928.0 10812.0 500.0 124.0 objected
2480.0 10836.0 112.0 80.0 10
2636.0 10820.0 188.0 96.0 the
2868.0 10812.0 844.0 128.0 appropriation
3764.0 10816.0 124.0 100.0 of

1104.0 10932.0 268.0 104.0 land
1420.0 10932.0 180.0 100.0 for
1640.0 10956.0 68.0 96.0 p
1748.0 10928.0 232.0 104.0 irks
2024.0 10936.0 468.0 100.0 because
2536.0 10932.0 188.0 104.0 the
2768.0 10936.0 336.0 100.0 laller
3152.0 10960.0 288.0 76.0 were
3532.0 10936.0 204.0 100.0 not
3820.0 10960.0 68.0 72.0 a

1108.0 11047.0 372.0 116.0 public
1548.0 11047.0 584.0 120.0 necessity.

1212.0 11164.0 404.0 104.0 Mr.Sni
1632.0 11191.0 48.0 92.0 }
1708.0 11168.0 116.0 96.0 th
1856.0 11164.0 448.0 100.0 showed
2344.0 11164.0 184.0 100.0 the
2560.0 11164.0 552.0 120.0 necessity
3148.0 11168.0 120.0 100.0 of
3300.0 11164.0 332.0 120.0 parks
3664.0 11164.0 228.0 104.0 and

1108.0 11280.0 188.0 104.0 the
1344.0 11300.0 364.0 96.0 mercy
1756.0 11284.0 112.0 96.0 at
1908.0 11280.0 356.0 108.0 which
2312.0 11284.0 192.0 96.0 the
2532.0 11284.0 232.0 116.0 city
2852.0 11288.0 368.0 96.0 would
3308.0 11272.0 316.0 112.0 boat
3708.0 11288.0 188.0 96.0 the

1112.0 11395.0 364.0 100.0 hands
1516.0 11400.0 120.0 96.0 of
1688.0 11395.0 264.0 100.0 land
2008.0 11420.0 440.0 76.0 owners
2496.0 11395.0 88.0 100.0 If
2632.0 11400.0 84.0 100.0 It
2780.0 11404.0 408.0 100.0 sought
3236.0 11408.0 112.0 92.0 to
3436.0 11400.0 176.0 120.0 lay
3700.0 11408.0 196.0 92.0 out

1116.0 11512.0 332.0 124.0 parks
1492.0 11512.0 476.0 104.0 without
2012.0 11512.0 224.0 100.0 this
2280.0 11512.0 600.0 108.0 authority.
3008.0 11516.0 280.0 100.0 Tills
3380.0 11516.0 476.0 104.0 condemnation
3864.0 11564.0 32.0 28.0 -

1116.0 11632.0 396.0 100.0 nation
1560.0 11632.0 120.0 96.0 of
1728.0 11632.0 520.0 136.0 property
2296.0 11628.0 216.0 104.0 had
2560.0 11632.0 272.0 104.0 been
2888.0 11632.0 532.0 108.0 legall/ed
3468.0 11632.0 144.0 136.0 by
3700.0 11640.0 192.0 96.0 the

1112.0 11772.0 512.0 88.0 supreme
1664.0 11748.0 376.0 100.0 courts
2084.0 11748.0 120.0 96.0 of
2256.0 11744.0 436.0 104.0 Illinois
2736.0 11752.0 228.0 100.0 and
3056.0 11748.0 524.0 104.0 Missouri
3672.0 11752.0 228.0 100.0 and

1116.0 11863.0 320.0 100.0 other
1480.0 11867.0 368.0 96.0 states.

1236.0 11980.0 200.0 104.0 Mr.
1492.0 11976.0 308.0 120.0 Agee
1848.0 11976.0 224.0 104.0 and
2160.0 11976.0 200.0 104.0 Mr.
2476.0 11976.0 532.0 104.0 Caldwell
3116.0 11980.0 492.0 124.0 opposed
3716.0 11980.0 188.0 104.0 the

1120.0 12092.0 864.0 108.0 condemnation
2004.0 12168.0 24.0 48.0 ,
2136.0 12096.0 604.0 120.0 especially
2784.0 12104.0 112.0 96.0 at
3000.0 12123.0 68.0 76.0 a
3168.0 12100.0 508.0 104.0 distance
3780.0 12100.0 124.0 100.0 of-

1120.0 12216.0 184.0 96.0 ten
1364.0 12212.0 316.0 104.0 miles
1728.0 12216.0 288.0 96.0 from
2064.0 12212.0 188.0 100.0 the
2292.0 12216.0 260.0 116.0 city.

1232.0 12327.0 204.0 100.0 Mr.
1496.0 12323.0 444.0 108.0 Andres
1980.0 12327.0 452.0 100.0 showed
2480.0 12327.0 188.0 100.0 the
2716.0 12327.0 556.0 124.0 necessity
3356.0 12331.0 128.0 100.0 of
3568.0 12339.0 268.0 108.0 park
3884.0 12424.0 16.0 8.0 ,

1116.0 12444.0 228.0 104.0 nnd
1412.0 12444.0 208.0 104.0 Mr.
1680.0 12440.0 616.0 104.0 Whitmore
2340.0 12448.0 452.0 100.0 scouted
2844.0 12448.0 188.0 100.0 the
3080.0 12448.0 388.0 104.0 ideaot
3512.0 12448.0 396.0 120.0 taking

1116.0 12588.0 144.0 76.0 an
1272.0 12588.0 48.0 96.0 >
1352.0 12560.0 388.0 120.0 body's
1860.0 12564.0 520.0 116.0 property
2484.0 12560.0 476.0 104.0 without
3056.0 12568.0 844.0 120.0 compensation

1116.0 12675.0 224.0 100.0 nnd
1392.0 12675.0 184.0 104.0 the
1620.0 12675.0 648.0 124.0 unanimity
2312.0 12688.0 120.0 92.0 ot
2480.0 12679.0 188.0 100.0 the
2716.0 12679.0 388.0 124.0 people
3152.0 12684.0 116.0 100.0 in
3324.0 12684.0 184.0 100.0 the
3612.0 12708.0 252.0 76.0 crea-

1116.0 12792.0 240.0 100.0 tion
1408.0 12792.0 120.0 100.0 of
1576.0 12792.0 368.0 128.0 parks.

1232.0 12908.0 200.0 104.0 Mr.
1508.0 12904.0 376.0 108.0 Miller
1940.0 12912.0 128.0 100.0 of
2156.0 12908.0 384.0 108.0 Butler
2640.0 12912.0 228.0 104.0 and
2976.0 12912.0 204.0 104.0 Mr.
3296.0 12912.0 444.0 104.0 Russell
3788.0 12916.0 124.0 100.0 of

1116.0 13024.0 400.0 104.0 Colfax
1564.0 13024.0 348.0 120.0 spoke
1972.0 13028.0 452.0 116.0 against
2512.0 13028.0 84.0 100.0 it
2604.0 13104.0 24.0 40.0 ,
2724.0 13032.0 184.0 96.0 the
2976.0 13032.0 332.0 100.0 latter
3392.0 13032.0 508.0 104.0 denying

1120.0 13143.0 240.0 100.0 that
1400.0 13143.0 188.0 100.0 the
1632.0 13164.0 516.0 100.0 supreme
2188.0 13147.0 320.0 96.0 court
2592.0 13143.0 124.0 96.0 of
2800.0 13143.0 528.0 104.0 Missouri
3384.0 13147.0 216.0 100.0 had
3648.0 13128.0 252.0 124.0 held

1116.0 13283.0 120.0 76.0 as
1284.0 13260.0 212.0 100.0 had
1548.0 13260.0 276.0 100.0 been
1880.0 13260.0 716.0 140.0 repiesontcd
2640.0 13260.0 144.0 120.0 by
2832.0 13260.0 204.0 104.0 Mr.
3092.0 13264.0 444.0 116.0 Smyth.

1236.0 13376.0 200.0 104.0 Mr.
1484.0 13376.0 436.0 116.0 Garvoy
1988.0 13376.0 476.0 116.0 thought
2512.0 13376.0 88.0 100.0 it
2660.0 13400.0 228.0 80.0 was
2996.0 13407.0 64.0 72.0 a
3132.0 13380.0 300.0 104.0 farce
3536.0 13380.0 116.0 104.0 to
3756.0 13403.0 140.0 100.0 go

1120.0 13492.0 188.0 100.0 ton
1364.0 13487.0 320.0 108.0 miles
1732.0 13492.0 436.0 116.0 beyond
2216.0 13492.0 188.0 100.0 the
2448.0 13496.0 228.0 108.0 city
2724.0 13492.0 380.0 104.0 limits.

1240.0 13607.0 220.0 108.0 Mr.
1524.0 13600.0 376.0 108.0 Fuller
1948.0 13607.0 672.0 104.0 vociferated
2668.0 13611.0 444.0 120.0 against
3160.0 13611.0 188.0 104.0 the
3392.0 13611.0 228.0 104.0 bill.

1236.0 13724.0 208.0 108.0 Mr.
1504.0 13720.0 420.0 108.0 Harlan
1980.0 13720.0 444.0 104.0 wanted
2508.0 13732.0 116.0 88.0 to
2688.0 13724.0 344.0 104.0 know
3140.0 13724.0 88.0 104.0 It
3336.0 13728.0 188.0 104.0 the
3620.0 13728.0 248.0 124.0 judi-

1124.0 13836.0 296.0 124.0 ciary
1468.0 13840.0 636.0 100.0 committee
2168.0 13840.0 472.0 104.0 thought
2704.0 13848.0 188.0 96.0 ten
2980.0 13840.0 320.0 104.0 miles
3404.0 13852.0 184.0 88.0 too
3700.0 13852.0 176.0 92.0 tar
3880.0 13916.0 24.0 44.0 ,

1128.0 13959.0 260.0 112.0 why
1432.0 13951.0 188.0 108.0 did
1668.0 13964.0 264.0 112.0 they
2016.0 13964.0 204.0 88.0 not
2300.0 13951.0 408.0 104.0 nmond
2820.0 13955.0 116.0 100.0 It
3064.0 13955.0 244.0 104.0 The
3424.0 13959.0 480.0 100.0 Lincoln

1128.0 14072.0 440.0 100.0 charter
1612.0 14072.0 540.0 132.0 pro/posed
1780.0 14124.0 24.0 80.0 /
2204.0 14079.0 116.0 92.0 to
2360.0 14072.0 708.0 120.0 appropriate
3112.0 14079.0 524.0 112.0 property
3684.0 14079.0 120.0 96.0 In
3852.0 14104.0 68.0 72.0 a

1136.0 14211.0 240.0 76.0 wav
1424.0 14176.0 360.0 108.0 which
1832.0 14188.0 320.0 100.0 could
2224.0 14188.0 132.0 96.0 bo
2444.0 14188.0 592.0 100.0 construed
3136.0 14196.0 112.0 92.0 In
3344.0 14192.0 184.0 100.0 the
3612.0 14215.0 308.0 76.0 same

1124.0 14324.0 484.0 80.0 manner
1648.0 14324.0 120.0 76.0 as
1816.0 14300.0 240.0 100.0 that
2096.0 14304.0 124.0 96.0 of
2284.0 14300.0 188.0 100.0 the
2552.0 14304.0 432.0 100.0 Omaha
3068.0 14308.0 464.0 100.0 charter.
3660.0 14304.0 244.0 100.0 The

1120.0 14440.0 304.0 72.0 same
1472.0 14411.0 560.0 124.0 provision
2092.0 14436.0 228.0 76.0 wns
2376.0 14411.0 108.0 100.0 in
2540.0 14415.0 188.0 100.0 the
2804.0 14400.0 184.0 116.0 old
3060.0 14419.0 468.0 100.0 charter.
3660.0 14415.0 252.0 100.0 Thn

1116.0 14528.0 268.0 100.0 land
1432.0 14528.0 324.0 100.0 could
1812.0 14528.0 196.0 96.0 not
2048.0 14524.0 136.0 100.0 bo
2268.0 14528.0 340.0 100.0 taken
2684.0 14528.0 476.0 100.0 without
3252.0 14532.0 340.0 112.0 being
3640.0 14532.0 260.0 116.0 paid

1120.0 14644.0 180.0 96.0 for
1360.0 14635.0 220.0 108.0 and
1636.0 14640.0 252.0 100.0 how
1932.0 14640.0 188.0 100.0 the
2160.0 14640.0 528.0 112.0 damages
2764.0 14644.0 404.0 100.0 should
3220.0 14640.0 128.0 104.0 bo
3392.0 14648.0 516.0 100.0 assessed

1244.0 14755.0 200.0 104.0 Mr.
1496.0 14755.0 400.0 104.0 Smvth
1944.0 14755.0 452.0 104.0 showed
2448.0 14759.0 240.0 100.0 that
2732.0 14759.0 188.0 100.0 the
3004.0 14784.0 256.0 76.0 case
3360.0 14759.0 296.0 104.0 cited
3768.0 14763.0 140.0 116.0 by

1116.0 14872.0 208.0 112.0 Mr.
1380.0 14868.0 440.0 108.0 Russell
1868.0 14872.0 112.0 104.0 In
2032.0 14876.0 188.0 100.0 the
2264.0 14895.0 512.0 88.0 supreme
2820.0 14880.0 320.0 100.0 court
3180.0 14872.0 124.0 100.0 of
3380.0 14876.0 528.0 104.0 Missouri

1120.0 14988.0 220.0 104.0 had
1388.0 15015.0 152.0 76.0 no
1600.0 14988.0 468.0 104.0 bearing
2108.0 15012.0 148.0 76.0 on
2300.0 14988.0 188.0 100.0 the
2540.0 14992.0 552.0 116.0 question.
3220.0 14988.0 244.0 104.0 The
3516.0 14992.0 396.0 136.0 people

1120.0 15112.0 124.0 96.0 of
1296.0 15103.0 496.0 104.0 Douglas
1832.0 15107.0 416.0 112.0 county
2300.0 15128.0 288.0 76.0 were
2636.0 15107.0 200.0 96.0 not
2880.0 15107.0 560.0 120.0 opposing
3472.0 15112.0 184.0 96.0 tlio
3688.0 15132.0 180.0 80.0 sec

1124.0 15223.0 280.0 100.0 tion.
1532.0 15216.0 180.0 108.0 Ho
1756.0 15219.0 260.0 104.0 rend
2060.0 15244.0 64.0 76.0 n
2168.0 15219.0 192.0 104.0 list
2400.0 15223.0 120.0 96.0 of
2568.0 15219.0 456.0 124.0 leading
3104.0 15219.0 468.0 104.0 citizens
3664.0 15223.0 252.0 104.0 who

1132.0 15336.0 460.0 104.0 favored
1640.0 15336.0 192.0 104.0 the
1880.0 15359.0 336.0 84.0 same.

1240.0 15456.0 212.0 104.0 Mr.
1504.0 15448.0 416.0 112.0 Kelpcr
1960.0 15452.0 412.0 104.0 denied
2420.0 15448.0 244.0 108.0 that
2728.0 15452.0 340.0 124.0 parks
3176.0 15476.0 292.0 84.0 were
3572.0 15456.0 272.0 104.0 luxu

1124.0 15567.0 328.0 104.0 rious.
1588.0 15567.0 172.0 104.0 He
1804.0 15567.0 836.0 104.0 demonstrated
2688.0 15552.0 244.0 120.0 that
3016.0 15567.0 268.0 124.0 they
3372.0 15596.0 292.0 80.0 were
3732.0 15575.0 180.0 96.0 for

1128.0 15688.0 348.0 104.0 moral
1524.0 15688.0 220.0 104.0 and
1796.0 15684.0 504.0 124.0 physical
2388.0 15688.0 500.0 100.0 benefits.
3016.0 15684.0 264.0 104.0 Men
3380.0 15716.0 76.0 76.0 w
3488.0 15688.0 144.0 100.0 ho
3736.0 15716.0 144.0 96.0 op-

1124.0 15788.0 344.0 140.0 posed
1520.0 15804.0 312.0 104.0 these
1876.0 15800.0 340.0 124.0 parks
2256.0 15823.0 248.0 76.0 rose
2540.0 15823.0 152.0 100.0 up
2776.0 15827.0 80.0 76.0 w
2892.0 15800.0 156.0 104.0 1th
3140.0 15800.0 188.0 104.0 the
3416.0 15804.0 320.0 104.0 mark
3800.0 15804.0 124.0 100.0 of

1132.0 15920.0 544.0 100.0 railroads
1716.0 15940.0 304.0 100.0 upon
2072.0 15915.0 296.0 100.0 tholr
2412.0 15915.0 304.0 100.0 brow
2756.0 15915.0 228.0 104.0 nnd
3032.0 15944.0 344.0 76.0 never
3416.0 15920.0 504.0 124.0 objected

1136.0 16035.0 504.0 100.0 whether
1760.0 16016.0 312.0 116.0 those
2176.0 16031.0 748.0 104.0 extortionate
3044.0 16039.0 560.0 100.0 monsters
3712.0 16064.0 204.0 76.0 ran

1136.0 16132.0 296.0 120.0 their
1476.0 16152.0 288.0 104.0 lines
1812.0 16148.0 480.0 108.0 through
2344.0 16148.0 184.0 100.0 the
2600.0 16148.0 284.0 100.0 farm
2896.0 16220.0 24.0 40.0 ,
3012.0 16152.0 192.0 100.0 the
3308.0 16152.0 420.0 116.0 gaulen
3800.0 16179.0 124.0 76.0 or

1140.0 16264.0 188.0 104.0 the
1376.0 16288.0 388.0 96.0 gravej
1796.0 16264.0 192.0 100.0 ard
2028.0 16268.0 116.0 92.0 of
2188.0 16288.0 208.0 76.0 our
2436.0 16260.0 552.0 108.0 relatives.
3076.0 16268.0 248.0 100.0 The
3360.0 16268.0 564.0 140.0 judiciary

1140.0 16379.0 732.0 108.0 amendment
1912.0 16375.0 440.0 120.0 cutting
2396.0 16387.0 192.0 92.0 out
2624.0 16379.0 484.0 124.0 "parks"
3140.0 16408.0 228.0 76.0 was
3404.0 16383.0 476.0 124.0 adopted
3896.0 16460.0 24.0 44.0 ,

1144.0 16499.0 436.0 124.0 Garvcy
1624.0 16495.0 328.0 104.0 alone
1996.0 16499.0 124.0 92.0 of
2164.0 16495.0 492.0 100.0 Douglas
2704.0 16495.0 388.0 112.0 voting
3140.0 16499.0 116.0 100.0 in
3368.0 16503.0 188.0 96.0 the
3640.0 16503.0 284.0 100.0 alllr-

1144.0 16616.0 440.0 104.0 matlvo.
1716.0 16608.0 668.0 124.0 Adjourned
2432.0 16604.0 128.0 108.0 ill
2576.0 16616.0 28.0 96.0 !
2644.0 16616.0 60.0 92.0 2
2752.0 16639.0 104.0 96.0 p.
2912.0 16639.0 148.0 76.0 in.

1864.0 16748.0 760.0 84.0 AFTEHNOOX
2692.0 16752.0 528.0 84.0 SKSSIOV.

1260.0 16843.0 244.0 104.0 The
1544.0 16847.0 432.0 100.0 Omaha
2016.0 16847.0 436.0 96.0 charlor
2496.0 16872.0 228.0 72.0 was
2804.0 16847.0 356.0 104.0 called
3232.0 16847.0 180.0 104.0 for
3492.0 16847.0 392.0 104.0 consid-

1144.0 16967.0 428.0 100.0 eration
1588.0 17035.0 24.0 48.0 ,
1712.0 16964.0 216.0 100.0 Mr.
2028.0 16960.0 268.0 100.0 Cole
2380.0 16960.0 332.0 120.0 being
2796.0 16964.0 116.0 100.0 In
3004.0 16964.0 184.0 100.0 the
3292.0 16967.0 340.0 104.0 chair.
3828.0 16971.0 104.0 96.0 A

1152.0 17080.0 420.0 104.0 motion
1624.0 17080.0 116.0 96.0 to
1820.0 17080.0 264.0 100.0 shut
2124.0 17076.0 156.0 104.0 oil'
2352.0 17076.0 256.0 124.0 long
2696.0 17080.0 524.0 124.0 speeches
3312.0 17107.0 228.0 80.0 was
3608.0 17076.0 324.0 112.0 twice

1148.0 17191.0 516.0 108.0 declared
1728.0 17200.0 196.0 96.0 out
1968.0 17195.0 124.0 96.0 of
2152.0 17191.0 352.0 104.0 order.

1272.0 17311.0 216.0 100.0 Mr.
1544.0 17307.0 456.0 100.0 Gaftoid
2044.0 17311.0 128.0 96.0 of
2232.0 17311.0 304.0 112.0 Gaga
2620.0 17307.0 392.0 104.0 moved
3104.0 17315.0 112.0 96.0 to
3288.0 17311.0 640.0 104.0 reconsider

1156.0 17424.0 188.0 104.0 the
1408.0 17432.0 256.0 96.0 \otn
1704.0 17424.0 120.0 100.0 bv
1888.0 17424.0 360.0 100.0 which
2296.0 17424.0 420.0 104.0 section
2764.0 17432.0 116.0 96.0 Ot
2932.0 17451.0 228.0 76.0 was
3208.0 17428.0 512.0 120.0 adopted.

1272.0 17540.0 204.0 104.0 Mr.
1560.0 17527.0 616.0 116.0 Whltmoro
2264.0 17540.0 244.0 100.0 said
2616.0 17544.0 184.0 100.0 the
2884.0 17568.0 308.0 80.0 same
3264.0 17548.0 488.0 100.0 features
3820.0 17548.0 116.0 96.0 to

1156.0 17655.0 364.0 104.0 which
1568.0 17655.0 560.0 124.0 objection
2192.0 17655.0 216.0 100.0 had
2456.0 17655.0 276.0 104.0 been
2808.0 17659.0 320.0 100.0 made
3180.0 17676.0 112.0 88.0 in
3348.0 17663.0 188.0 96.0 the
3580.0 17688.0 368.0 76.0 morn-

1160.0 17768.0 532.0 112.0 Inmvrro
1732.0 17772.0 244.0 100.0 also
2024.0 17772.0 356.0 100.0 found
2432.0 17772.0 112.0 100.0 In
2616.0 17775.0 188.0 100.0 the
2888.0 17772.0 488.0 108.0 Lincoln
3464.0 17775.0 472.0 104.0 charter.

1156.0 17888.0 180.0 100.0 He
1384.0 17911.0 228.0 80.0 was
1648.0 17911.0 172.0 76.0 sin
1848.0 17884.0 368.0 128.0 prised
2260.0 17900.0 116.0 88.0 to
2424.0 17892.0 228.0 100.0 nnd
2728.0 17892.0 188.0 100.0 the
2992.0 17892.0 612.0 104.0 Lancaster
3644.0 17896.0 248.0 100.0 dele-

1156.0 17999.0 376.0 120.0 gation
1592.0 18003.0 392.0 116.0 voting
2024.0 18003.0 440.0 120.0 against
2500.0 18003.0 188.0 100.0 the
2732.0 18007.0 428.0 100.0 Omaha
3204.0 18016.0 436.0 96.0 charter
3644.0 18080.0 24.0 48.0 ,
3708.0 18007.0 232.0 104.0 and

1152.0 18108.0 140.0 116.0 ho
1344.0 18139.0 252.0 84.0 now
1688.0 18143.0 280.0 92.0 gave
2072.0 18115.0 368.0 104.0 notice
2528.0 18123.0 240.0 100.0 thai
2816.0 18123.0 328.0 104.0 when
3260.0 18131.0 188.0 92.0 the
3532.0 18152.0 412.0 96.0 proper

1152.0 18236.0 272.0 104.0 tliuo
1464.0 18259.0 312.0 76.0 came
1824.0 18236.0 92.0 100.0 If
1972.0 18236.0 188.0 100.0 the
2244.0 18232.0 612.0 108.0 Lancaster
2932.0 18236.0 396.0 124.0 people
3396.0 18240.0 236.0 104.0 still
3704.0 18267.0 192.0 100.0 per-

1148.0 18352.0 344.0 100.0 sisted
1548.0 18352.0 112.0 100.0 In
1712.0 18348.0 292.0 104.0 Uielr
2052.0 18352.0 632.0 120.0 opposition
2736.0 18352.0 140.0 104.0 ho
2964.0 18356.0 372.0 104.0 would
3432.0 18383.0 320.0 76.0 move
3820.0 18368.0 112.0 92.0 to

1152.0 18467.0 352.0 100.0 strike
1584.0 18475.0 200.0 92.0 out
1864.0 18467.0 288.0 100.0 from
2256.0 18475.0 188.0 92.0 the
2532.0 18467.0 616.0 104.0 Lancaster
3216.0 18471.0 444.0 104.0 charter
3744.0 18475.0 196.0 100.0 the

1160.0 18583.0 108.0 96.0 fc
1352.0 18595.0 292.0 84.0 Unes
1692.0 18580.0 356.0 104.0 which
2100.0 18603.0 288.0 76.0 were
2436.0 18603.0 256.0 80.0 now
2736.0 18583.0 416.0 104.0 dnnled
3204.0 18587.0 460.0 100.0 Omaha.

1280.0 18696.0 204.0 100.0 Mr.
1592.0 18696.0 532.0 100.0 Caldwell
2260.0 18696.0 244.0 100.0 \ou
2604.0 18696.0 308.0 104.0 can't
3008.0 18700.0 148.0 100.0 do
3264.0 18704.0 88.0 100.0 it
3452.0 18723.0 228.0 100.0 any
3752.0 18704.0 188.0 100.0 too

1168.0 18811.0 344.0 120.0 early.

1284.0 18923.0 208.0 100.0 Mr.
1680.0 18923.0 456.0 104.0 GafTord
2300.0 18923.0 256.0 104.0 held
2736.0 18923.0 192.0 104.0 the
3104.0 18951.0 312.0 80.0 name
3592.0 18927.0 348.0 104.0 views

1164.0 19067.0 124.0 76.0 as
1356.0 19040.0 216.0 104.0 Mr.
1664.0 19036.0 624.0 108.0 Whltmore
2292.0 19112.0 28.0 40.0 ,
2412.0 19040.0 224.0 104.0 and
2724.0 19040.0 260.0 104.0 read
3064.0 19044.0 188.0 104.0 the
3340.0 19040.0 596.0 124.0 following

1160.0 19160.0 424.0 100.0 section
1640.0 19156.0 280.0 100.0 fiom
1972.0 19156.0 184.0 100.0 the
2208.0 19156.0 476.0 100.0 Lincoln
2748.0 19156.0 444.0 104.0 chirtor
3276.0 19160.0 120.0 100.0 in
3444.0 19180.0 472.0 104.0 suppoit

1164.0 19279.0 116.0 92.0 ot
1332.0 19271.0 668.0 124.0 hlsoplnlon
2032.0 19296.0 28.0 80.0 :
2192.0 19267.0 236.0 104.0 "To
2508.0 19275.0 484.0 100.0 exerclso
3080.0 19275.0 188.0 100.0 the
3352.0 19300.0 376.0 88.0 power
3812.0 19275.0 124.0 100.0 of

1184.0 19391.0 516.0 100.0 eminent
1780.0 19384.0 452.0 104.0 domain
2324.0 19388.0 228.0 104.0 and
2636.0 19391.0 112.0 96.0 to
2816.0 19388.0 260.0 100.0 take
3160.0 19391.0 428.0 124.0 private
3648.0 19415.0 276.0 112.0 prop-

1168.0 19512.0 240.0 116.0 erty
1500.0 19504.0 176.0 104.0 for
1760.0 19504.0 368.0 108.0 nubile
2228.0 19524.0 200.0 80.0 use
2432.0 19576.0 24.0 40.0 ,
2516.0 19504.0 396.0 104.0 within
3000.0 19531.0 124.0 72.0 or
3208.0 19508.0 472.0 104.0 without
3744.0 19508.0 188.0 104.0 the

1164.0 19603.0 232.0 132.0 city
1400.0 19691.0 28.0 48.0 ,
1484.0 19623.0 172.0 96.0 for
1700.0 19623.0 188.0 100.0 the
1936.0 19644.0 468.0 100.0 purpose
2452.0 19619.0 120.0 96.0 of
2612.0 19619.0 500.0 112.0 erecting
3148.0 19648.0 120.0 76.0 or
3352.0 19623.0 536.0 104.0 establish-

1172.0 19739.0 200.0 104.0 ing
1420.0 19735.0 428.0 104.0 market
1892.0 19731.0 336.0 104.0 house
2248.0 19759.0 40.0 76.0 ?
2336.0 19735.0 224.0 104.0 and
2608.0 19735.0 432.0 104.0 market
3076.0 19735.0 368.0 128.0 places
3452.0 19815.0 24.0 40.0 ,
3512.0 19743.0 396.0 100.0 streets
3920.0 19811.0 24.0 44.0 ,

1172.0 19852.0 544.0 116.0 hospitals
1724.0 19927.0 24.0 44.0 ,
1800.0 19852.0 372.0 124.0 public
2216.0 19852.0 564.0 112.0 bulldlius
2788.0 19927.0 28.0 40.0 ,
2864.0 19860.0 648.0 100.0 cemeteries
3560.0 19883.0 128.0 76.0 or
3776.0 19860.0 188.0 100.0 for

1168.0 19992.0 148.0 80.0 nn
1332.0 19995.0 44.0 96.0 >
1504.0 19988.0 588.0 104.0 necessary
2136.0 19992.0 112.0 80.0 01
2364.0 19968.0 636.0 104.0 authorized
3152.0 19976.0 376.0 120.0 public
3672.0 19995.0 204.0 100.0 pur

1180.0 20108.0 356.0 104.0 poses.
1548.0 20083.0 72.0 52.0 "

1288.0 20203.0 216.0 100.0 Mr.
1564.0 20196.0 592.0 120.0 Ageosald
2212.0 20199.0 92.0 104.0 If
2344.0 20199.0 524.0 128.0 anjbody
2948.0 20199.0 372.0 104.0 would
3408.0 20203.0 544.0 104.0 convince

1164.0 20316.0 236.0 104.0 him
1448.0 20316.0 240.0 104.0 that
1732.0 20316.0 188.0 104.0 the
1960.0 20343.0 308.0 76.0 same
2316.0 20320.0 324.0 120.0 thing
2688.0 20324.0 112.0 96.0 to
2852.0 20320.0 360.0 104.0 which
3264.0 20331.0 136.0 92.0 ho
3444.0 20324.0 512.0 132.0 objected

1184.0 20435.0 116.0 100.0 in
1360.0 20435.0 184.0 104.0 the
1592.0 20435.0 428.0 100.0 Omaha
2064.0 20435.0 440.0 100.0 charier
2608.0 20460.0 292.0 80.0 were
3004.0 20444.0 112.0 96.0 In
3208.0 20435.0 188.0 104.0 the
3488.0 20435.0 472.0 108.0 Lincoln

1180.0 20555.0 444.0 100.0 charter
1672.0 20551.0 136.0 104.0 he
1860.0 20547.0 372.0 104.0 would
2284.0 20555.0 252.0 96.0 vote
2580.0 20555.0 448.0 104.0 against
3140.0 20551.0 188.0 104.0 the
3432.0 20555.0 308.0 104.0 laltei
3840.0 20584.0 128.0 76.0 as

1176.0 20668.0 144.0 100.0 bo
1368.0 20668.0 536.0 124.0 proposed
1956.0 20671.0 112.0 96.0 to
2124.0 20671.0 244.0 96.0 vote
2412.0 20671.0 448.0 116.0 against
2904.0 20679.0 188.0 92.0 the
3140.0 20671.0 444.0 108.0 former.
3704.0 20671.0 220.0 104.0 But

1184.0 20788.0 96.0 96.0 It
1320.0 20784.0 324.0 100.0 could
1696.0 20792.0 200.0 92.0 not
1940.0 20784.0 136.0 100.0 bo
2120.0 20784.0 332.0 104.0 done.

1308.0 20899.0 204.0 104.0 Mr.
1568.0 20899.0 396.0 104.0 bmvth
2016.0 20899.0 252.0 100.0 held
2356.0 20899.0 240.0 104.0 lhat
2684.0 20903.0 188.0 100.0 the
2952.0 20903.0 768.0 104.0 construction
3804.0 20907.0 124.0 100.0 ot

1188.0 21011.0 184.0 104.0 the
1420.0 21015.0 424.0 100.0 section
1900.0 21015.0 116.0 100.0 In
2064.0 21019.0 188.0 96.0 the
2344.0 21015.0 468.0 104.0 Lincoln
2900.0 21019.0 444.0 104.0 chatter
3428.0 21023.0 524.0 100.0 Involved

1172.0 21132.0 192.0 100.0 the
1404.0 21151.0 304.0 80.0 same
1812.0 21128.0 544.0 120.0 principle
2440.0 21159.0 124.0 72.0 as
2672.0 21139.0 240.0 96.0 that
3020.0 21139.0 112.0 96.0 In
3248.0 21139.0 188.0 100.0 the
3516.0 21139.0 436.0 100.0 Omaha

1168.0 21243.0 440.0 104.0 chnitcr
1608.0 21316.0 24.0 36.0 ,
1728.0 21243.0 444.0 148.0 namely
2176.0 21320.0 28.0 44.0 ,
2280.0 21248.0 372.0 112.0 public
2732.0 21252.0 448.0 100.0 domain
3200.0 21324.0 24.0 36.0 ,
3356.0 21252.0 232.0 104.0 and
3676.0 21256.0 268.0 112.0 they

1180.0 21359.0 440.0 100.0 wanted
1668.0 21355.0 240.0 104.0 that
1952.0 21359.0 292.0 116.0 riglit
2284.0 21363.0 408.0 112.0 simply
2764.0 21371.0 112.0 92.0 to
2960.0 21367.0 556.0 100.0 condemn
3612.0 21392.0 320.0 88.0 prop-

1172.0 21483.0 248.0 100.0 city
1460.0 21475.0 440.0 100.0 outside
1944.0 21475.0 188.0 100.0 the
2228.0 21479.0 220.0 116.0 city
2504.0 21464.0 156.0 112.0 foi
2724.0 21479.0 276.0 124.0 p.aik
3088.0 21503.0 536.0 100.0 purposes
3632.0 21555.0 24.0 44.0 ,
3712.0 21483.0 228.0 104.0 and

1180.0 21596.0 208.0 96.0 not
1476.0 21592.0 172.0 100.0 for
1752.0 21596.0 488.0 96.0 featines
2352.0 21592.0 356.0 104.0 which
2816.0 21596.0 428.0 124.0 propcrl
3256.0 21623.0 48.0 92.0 >
3412.0 21596.0 548.0 124.0 belonged

1184.0 21707.0 400.0 104.0 within
1640.0 21707.0 184.0 96.0 the
1888.0 21703.0 256.0 124.0 city.

1324.0 21823.0 208.0 104.0 Mr.
1588.0 21823.0 432.0 120.0 Garvey
2064.0 21819.0 484.0 104.0 detailed
2584.0 21819.0 188.0 104.0 the
2816.0 21823.0 540.0 104.0 donation
3408.0 21823.0 124.0 104.0 of
3572.0 21856.0 64.0 76.0 n
3672.0 21827.0 304.0 124.0 piece

1200.0 21944.0 120.0 96.0 of
1368.0 21936.0 432.0 108.0 ground
1852.0 21936.0 136.0 144.0 by
2028.0 21944.0 132.0 96.0 A.
2224.0 21936.0 128.0 108.0 D.
2400.0 21936.0 356.0 108.0 Jones
2828.0 21963.0 308.0 80.0 some
3220.0 21944.0 268.0 100.0 lima
3572.0 21967.0 208.0 84.0 ago
3864.0 21951.0 116.0 92.0 to

1204.0 22055.0 188.0 104.0 the
1432.0 22055.0 228.0 116.0 city
1700.0 22055.0 124.0 96.0 of
1868.0 22039.0 424.0 116.0 Omaha
2300.0 22128.0 28.0 40.0 ,
2380.0 22080.0 216.0 76.0 one
2640.0 22055.0 124.0 96.0 of
2804.0 22055.0 188.0 104.0 the
3072.0 22055.0 904.0 104.0 considerations

1180.0 22175.0 128.0 96.0 of
1352.0 22200.0 76.0 72.0 w
1464.0 22171.0 248.0 100.0 hlcli
1760.0 22192.0 232.0 80.0 was
2036.0 22171.0 236.0 100.0 tint
2324.0 22196.0 72.0 76.0 w
2428.0 22167.0 212.0 104.0 hen
2696.0 22175.0 188.0 96.0 the
2972.0 22183.0 524.0 128.0 property
3540.0 22200.0 228.0 76.0 was
3816.0 22175.0 112.0 100.0 di-

1184.0 22283.0 376.0 108.0 verted
1612.0 22287.0 284.0 100.0 from
1948.0 22287.0 144.0 100.0 Its
2132.0 22307.0 248.0 80.0 uses
2468.0 22287.0 88.0 100.0 It
2644.0 22272.0 368.0 120.0 would
3104.0 22299.0 360.0 92.0 revert
3572.0 22295.0 116.0 96.0 to
3780.0 22291.0 184.0 100.0 the

1188.0 22408.0 388.0 100.0 donor.
1716.0 22400.0 172.0 104.0 He
1932.0 22400.0 256.0 104.0 held
2276.0 22400.0 240.0 104.0 lhat
2628.0 22400.0 320.0 108.0 when
3020.0 22404.0 432.0 100.0 Omaha
3536.0 22404.0 444.0 104.0 wanted

1184.0 22532.0 116.0 92.0 to
1340.0 22548.0 140.0 88.0 go
1524.0 22519.0 436.0 100.0 outside
2008.0 22527.0 176.0 96.0 tor
2220.0 22548.0 68.0 76.0 a
2372.0 22515.0 280.0 128.0 park
2740.0 22519.0 84.0 104.0 it
2932.0 22523.0 368.0 104.0 would
3408.0 22523.0 284.0 104.0 have
3792.0 22523.0 188.0 104.0 the

1184.0 22619.0 276.0 144.0 park
1508.0 22631.0 528.0 108.0 donated.

1288.0 22755.0 244.0 100.0 The
1576.0 22755.0 420.0 100.0 motion
2048.0 22755.0 108.0 96.0 to
2232.0 22752.0 640.0 108.0 reconsider
2972.0 22775.0 236.0 84.0 was
3316.0 22752.0 216.0 108.0 lost
3648.0 22752.0 144.0 128.0 by
3880.0 22779.0 68.0 80.0 a

1196.0 22876.0 424.0 104.0 \otoof
1656.0 22876.0 56.0 92.0 4
1736.0 22876.0 192.0 96.0 ito
1964.0 22872.0 152.0 104.0 154.

1308.0 22987.0 452.0 104.0 Section
1808.0 22991.0 120.0 100.0 79
1972.0 22987.0 116.0 104.0 In
2140.0 22987.0 188.0 100.0 the
2376.0 22987.0 732.0 104.0 amendment
3156.0 22983.0 96.0 108.0 Is
3296.0 23012.0 124.0 80.0 as
3472.0 22987.0 444.0 104.0 follows
3948.0 23012.0 24.0 76.0 :

1204.0 23103.0 416.0 124.0 "Upon
1660.0 23111.0 192.0 100.0 the
1896.0 23103.0 680.0 120.0 completion
2628.0 23107.0 124.0 96.0 of
2792.0 23107.0 268.0 104.0 such
3148.0 23131.0 284.0 84.0 copy
3524.0 23107.0 124.0 100.0 of
3732.0 23103.0 244.0 104.0 said

1192.0 23235.0 684.0 92.0 assessment
1920.0 23224.0 204.0 104.0 roll
2196.0 23224.0 188.0 100.0 the
2464.0 23220.0 232.0 124.0 city
2780.0 23220.0 308.0 104.0 clerk
3172.0 23220.0 288.0 104.0 .shall
3552.0 23220.0 220.0 104.0 add
3860.0 23235.0 116.0 88.0 to

1184.0 23344.0 272.0 96.0 such
1504.0 23340.0 204.0 104.0 roll
1752.0 23340.0 148.0 104.0 nil
1944.0 23344.0 712.0 96.0 storehouses
2664.0 23412.0 28.0 48.0 ,
2792.0 23335.0 708.0 104.0 warehoused
3500.0 23408.0 28.0 44.0 ,
3624.0 23340.0 344.0 124.0 shops

1188.0 23455.0 224.0 100.0 and
1456.0 23455.0 312.0 100.0 other
1796.0 23455.0 572.0 116.0 buildings
2412.0 23455.0 404.0 104.0 within
2872.0 23455.0 188.0 104.0 the
3104.0 23455.0 304.0 120.0 right
3496.0 23451.0 124.0 100.0 of
3672.0 23480.0 248.0 80.0 wav
3924.0 23523.0 28.0 44.0 ,

1188.0 23591.0 128.0 72.0 or
1356.0 23567.0 340.0 108.0 along
1696.0 23639.0 28.0 40.0 ,
1812.0 23595.0 128.0 72.0 or
2020.0 23571.0 600.0 120.0 adjoining
2700.0 23595.0 124.0 80.0 or
2904.0 23567.0 532.0 124.0 adjacent
3540.0 23571.0 116.0 100.0 to
3744.0 23591.0 228.0 100.0 any

1188.0 23676.0 560.0 108.0 sidetrack
1788.0 23684.0 120.0 100.0 ot
1952.0 23692.0 264.0 96.0 such
2272.0 23688.0 476.0 104.0 ralliojid
2796.0 23711.0 124.0 80.0 or
2964.0 23692.0 404.0 100.0 within
3424.0 23688.0 188.0 104.0 the
3660.0 23688.0 304.0 120.0 right

1192.0 23795.0 120.0 96.0 of
1360.0 23816.0 240.0 96.0 way
1644.0 23799.0 120.0 96.0 of
1808.0 23799.0 260.0 96.0 such
2120.0 23799.0 564.0 116.0 telegraph
2772.0 23828.0 560.0 104.0 company
3416.0 23807.0 276.0 100.0 used
3784.0 23807.0 180.0 100.0 for

1196.0 23931.0 192.0 92.0 pin
1416.0 23931.0 256.0 80.0 pose
1716.0 23911.0 120.0 100.0 of
1884.0 23919.0 244.0 96.0 rent
2176.0 23915.0 136.0 116.0 by
2360.0 23919.0 240.0 100.0 said
2684.0 23943.0 552.0 100.0 company
3240.0 23995.0 28.0 44.0 ,
3320.0 23948.0 124.0 76.0 or
3492.0 23919.0 180.0 104.0 for
3716.0 23943.0 204.0 100.0 pur-

1196.0 24047.0 328.0 96.0 poses
1568.0 24024.0 316.0 104.0 other
1928.0 24032.0 268.0 96.0 than
2272.0 24028.0 184.0 100.0 the
2500.0 24032.0 532.0 124.0 ordinary
3112.0 24039.0 640.0 116.0 operations
3844.0 24043.0 124.0 92.0 of

1212.0 24139.0 248.0 100.0 said
1524.0 24160.0 552.0 104.0 company
2084.0 24211.0 28.0 44.0 ,
2184.0 24143.0 224.0 100.0 and
2456.0 24152.0 196.0 96.0 not
2700.0 24156.0 612.0 116.0 appearing
3396.0 24179.0 304.0 96.0 upon
3796.0 24156.0 180.0 100.0 thfl

1208.0 24259.0 420.0 108.0 county
1696.0 24255.0 268.0 100.0 rolls
2048.0 24255.0 140.0 120.0 by
2272.0 24279.0 392.0 80.0 reason
2752.0 24271.0 120.0 92.0 ot
2956.0 24263.0 420.0 124.0 having
3460.0 24271.0 280.0 100.0 been
3808.0 24296.0 120.0 80.0 re

1216.0 24375.0 404.0 96.0 turned
1664.0 24375.0 116.0 96.0 to
1844.0 24371.0 184.0 104.0 the
2112.0 24375.0 284.0 96.0 state
2472.0 24375.0 332.0 100.0 board
2820.0 24447.0 28.0 44.0 ,
2936.0 24403.0 124.0 76.0 or
3144.0 24387.0 592.0 100.0 otherwise
3796.0 24411.0 180.0 80.0 as-

1208.0 24507.0 120.0 80.0 se
1396.0 24479.0 192.0 108.0 sed
1636.0 24492.0 184.0 96.0 the
1852.0 24511.0 304.0 76.0 same
2200.0 24511.0 120.0 76.0 as
2368.0 24492.0 520.0 120.0 personal
2976.0 24503.0 524.0 116.0 proiwrty
3540.0 24523.0 124.0 76.0 as
3712.0 24523.0 264.0 80.0 near

1200.0 24628.0 124.0 76.0 as
1372.0 24624.0 252.0 92.0 may
1672.0 24603.0 132.0 96.0 bo
1872.0 24611.0 116.0 92.0 to
2068.0 24607.0 672.0 120.0 correspond
2832.0 24607.0 272.0 104.0 witli
3192.0 24611.0 188.0 100.0 the
3468.0 24620.0 508.0 104.0 assessed

1200.0 24727.0 324.0 96.0 value
1568.0 24719.0 124.0 100.0 of
1736.0 24715.0 236.0 108.0 like
2012.0 24731.0 516.0 108.0 property
2568.0 24747.0 152.0 80.0 011
2788.0 24743.0 244.0 84.0 saia
3072.0 24739.0 420.0 96.0 county
3544.0 24731.0 200.0 100.0 roll
3800.0 24735.0 176.0 100.0 for

1200.0 24836.0 192.0 104.0 the
1436.0 24855.0 480.0 100.0 purpose
1984.0 24836.0 120.0 96.0 of
2168.0 24840.0 504.0 104.0 taxation
2768.0 24840.0 176.0 104.0 for
3028.0 24843.0 612.0 116.0 municipal
3732.0 24867.0 204.0 88.0 pur-

1200.0 24975.0 324.0 96.0 poses
1568.0 24951.0 228.0 104.0 and
1844.0 24947.0 272.0 104.0 such
2164.0 24964.0 676.0 96.0 assessment
2880.0 24955.0 292.0 108.0 shall
3220.0 24972.0 132.0 92.0 bo
3392.0 24960.0 432.0 124.0 subject
3868.0 24972.0 108.0 92.0 to

1208.0 25063.0 748.0 124.0 equalisation
2012.0 25067.0 144.0 120.0 by
2200.0 25067.0 188.0 104.0 the
2428.0 25071.0 224.0 112.0 city
2700.0 25075.0 444.0 100.0 council
3220.0 25075.0 188.0 100.0 the
3492.0 25100.0 308.0 76.0 same
3864.0 25104.0 112.0 76.0 as

1220.0 25179.0 332.0 108.0 oilier
1596.0 25187.0 520.0 132.0 properly
2204.0 25183.0 324.0 108.0 when
2608.0 25187.0 400.0 124.0 hitting
3084.0 25211.0 124.0 80.0 as
3292.0 25219.0 64.0 76.0 a
3444.0 25191.0 344.0 104.0 board
3872.0 25199.0 104.0 96.0 ol

1200.0 25296.0 784.0 124.0 equalization.
1996.0 25296.0 76.0 56.0 "

1356.0 25411.0 220.0 112.0 For
1624.0 25415.0 224.0 104.0 this
1892.0 25415.0 188.0 104.0 the
2124.0 25415.0 492.0 128.0 Douglas
2676.0 25415.0 636.0 112.0 defecation
3388.0 25423.0 588.0 124.0 supported

1208.0 25527.0 192.0 108.0 the
1504.0 25531.0 428.0 108.0 section
2024.0 25531.0 124.0 100.0 of
2216.0 25535.0 184.0 100.0 the
2484.0 25535.0 480.0 120.0 original
3052.0 25543.0 196.0 104.0 bill
3316.0 25568.0 124.0 76.0 as
3488.0 25543.0 444.0 100.0 follows
3952.0 25568.0 24.0 76.0 :

1216.0 25647.0 416.0 128.0 "Upon
1684.0 25651.0 188.0 104.0 the
1912.0 25651.0 676.0 120.0 completion
2672.0 25655.0 124.0 100.0 ot
2860.0 25659.0 268.0 100.0 such
3212.0 25683.0 280.0 108.0 copy
3556.0 25659.0 128.0 100.0 of
3744.0 25659.0 232.0 100.0 said

1208.0 25772.0 684.0 100.0 assessment
1972.0 25768.0 204.0 104.0 roll
2264.0 25763.0 184.0 108.0 the
2528.0 25768.0 228.0 124.0 city
2836.0 25772.0 300.0 104.0 clerk
3224.0 25768.0 284.0 108.0 shall
3560.0 25772.0 216.0 104.0 add
3868.0 25776.0 108.0 100.0 to

1208.0 25879.0 244.0 108.0 said
1540.0 25883.0 204.0 104.0 roll
1828.0 25908.0 228.0 112.0 any
2140.0 25895.0 224.0 88.0 ami
2432.0 25883.0 148.0 100.0 all
2628.0 25883.0 224.0 104.0 real
2896.0 25895.0 348.0 96.0 estate
3296.0 25891.0 116.0 100.0 In
3464.0 25887.0 244.0 104.0 smd
3752.0 25883.0 224.0 128.0 city

1212.0 25999.0 616.0 120.0 belonging
1876.0 26011.0 112.0 92.0 to
2072.0 26019.0 228.0 84.0 nnv
2348.0 25999.0 472.0 104.0 railroad
2868.0 26027.0 128.0 76.0 or
3076.0 26007.0 568.0 116.0 telegraph
3708.0 26031.0 244.0 80.0 com-

1208.0 26135.0 308.0 104.0 pany
1520.0 26187.0 28.0 48.0 ,
1636.0 26123.0 224.0 96.0 nnd
1948.0 26123.0 196.0 96.0 not
2228.0 26116.0 612.0 124.0 appearing
2928.0 26139.0 300.0 104.0 upon
3308.0 26123.0 184.0 100.0 the
3576.0 26127.0 396.0 116.0 county

1212.0 26231.0 204.0 104.0 roll
1468.0 26231.0 140.0 128.0 Liy
1644.0 26255.0 392.0 84.0 reason
2088.0 26231.0 128.0 104.0 of
2276.0 26231.0 424.0 120.0 having
2740.0 26231.0 276.0 108.0 boon
3060.0 26244.0 376.0 96.0 return
3468.0 26231.0 136.0 108.0 cd
3648.0 26255.0 116.0 84.0 to
3812.0 26244.0 160.0 96.0 tin

1208.0 26351.0 292.0 104.0 state
1600.0 26347.0 332.0 104.0 board
1944.0 26419.0 32.0 52.0 ,
2080.0 26376.0 132.0 76.0 or
2304.0 26351.0 592.0 104.0 otherwise
2900.0 26423.0 28.0 40.0 ,
3036.0 26351.0 224.0 104.0 and
3348.0 26376.0 360.0 76.0 assess
3808.0 26351.0 164.0 104.0 the

1212.0 26491.0 312.0 84.0 Fame
1528.0 26539.0 28.0 52.0 ,
1628.0 26491.0 124.0 80.0 ns
1800.0 26487.0 272.0 84.0 near
2112.0 26487.0 124.0 80.0 as
2288.0 26491.0 252.0 92.0 may
2592.0 26467.0 164.0 104.0 be.
2808.0 26471.0 116.0 92.0 to
3004.0 26467.0 672.0 116.0 correspond
3724.0 26467.0 236.0 104.0 will
3964.0 26495.0 8.0 68.0 :

1208.0 26588.0 188.0 108.0 the
1484.0 26580.0 508.0 112.0 ft.sset.vd
2080.0 26584.0 328.0 104.0 value
2496.0 26584.0 124.0 100.0 of
2684.0 26567.0 228.0 116.0 like
2956.0 26591.0 524.0 112.0 property
3524.0 26607.0 144.0 80.0 on
3756.0 26584.0 196.0 104.0 salt
3960.0 26588.0 12.0 92.0 !

1200.0 26712.0 432.0 100.0 countv
1712.0 26699.0 204.0 112.0 roll
1928.0 26780.0 28.0 44.0 ,
2012.0 26699.0 176.0 104.0 for
2272.0 26699.0 188.0 104.0 the
2524.0 26724.0 484.0 92.0 pmposo
3088.0 26716.0 120.0 84.0 ot
3276.0 26699.0 500.0 104.0 taxation
3828.0 26699.0 144.0 104.0 foi

1212.0 26819.0 616.0 124.0 municipal
1936.0 26839.0 568.0 112.0 puiposes.
2612.0 26815.0 224.0 100.0 and
2940.0 26819.0 276.0 100.0 such
3316.0 26823.0 656.0 96.0 assossmenl

1208.0 26939.0 288.0 104.0 shall
1584.0 26943.0 132.0 100.0 bo
1800.0 26935.0 440.0 124.0 subject
2320.0 26935.0 116.0 100.0 to
2516.0 26927.0 744.0 128.0 equalization
3332.0 26931.0 140.0 120.0 by
3536.0 26931.0 192.0 104.0 the
3768.0 26931.0 204.0 124.0 dtj

1208.0 27056.0 440.0 104.0 council
1692.0 27056.0 188.0 120.0 the
1924.0 27079.0 312.0 80.0 same
2280.0 27075.0 120.0 80.0 ns
2444.0 27048.0 320.0 108.0 other
2840.0 27063.0 524.0 128.0 property
3412.0 27048.0 324.0 100.0 when
3792.0 27048.0 148.0 104.0 sit-

1216.0 27163.0 252.0 112.0 ting
1540.0 27195.0 124.0 76.0 as
1744.0 27199.0 64.0 76.0 a
1896.0 27171.0 340.0 108.0 board
2320.0 27171.0 124.0 104.0 of
2504.0 27151.0 792.0 120.0 eniallratlon.
3424.0 27163.0 548.0 104.0 Provided

1216.0 27279.0 432.0 104.0 further
1648.0 27351.0 32.0 48.0 ,
1732.0 27291.0 232.0 100.0 that
2008.0 27311.0 336.0 96.0 cvrry
2388.0 27311.0 404.0 84.0 person
2844.0 27279.0 288.0 108.0 shall
3180.0 27283.0 132.0 100.0 be
3356.0 27279.0 472.0 104.0 entitled
3880.0 27287.0 92.0 96.0 to

1216.0 27392.0 268.0 108.0 hold
1584.0 27411.0 516.0 116.0 property
2200.0 27407.0 124.0 104.0 of
2388.0 27407.0 192.0 100.0 the
2684.0 27399.0 324.0 112.0 value
3108.0 27399.0 124.0 104.0 of
3292.0 27399.0 256.0 108.0 $300
3640.0 27396.0 332.0 108.0 whlct

1212.0 27507.0 292.0 108.0 shall
1608.0 27515.0 132.0 100.0 bo
1840.0 27528.0 448.0 120.0 exempt
2372.0 27524.0 292.0 104.0 from
2752.0 27515.0 508.0 112.0 taxation
3332.0 27520.0 180.0 104.0 for
3552.0 27539.0 408.0 100.0 genera

1204.0 27627.0 620.0 124.0 .municipal
1876.0 27656.0 580.0 120.0 purposes.
2472.0 27635.0 68.0 60.0 "

1344.0 27743.0 176.0 104.0 Mr
1520.0 27815.0 32.0 44.0 ,
1596.0 27735.0 400.0 116.0 iMtivlb
2040.0 27755.0 348.0 120.0 spoke
2432.0 27751.0 116.0 108.0 In
2600.0 27755.0 324.0 108.0 favor
2980.0 27755.0 128.0 104.0 of
3192.0 27751.0 188.0 108.0 tha
3464.0 27743.0 508.0 120.0 adoptlor

1212.0 27860.0 128.0 104.0 of
1380.0 27860.0 192.0 104.0 the
1612.0 27864.0 476.0 116.0 orlglntl
2132.0 27871.0 468.0 108.0 section.
2776.0 27871.0 288.0 124.0 Why
3108.0 27868.0 412.0 108.0 should
3564.0 27871.0 204.0 100.0 not
3812.0 27860.0 120.0 108.0 th
3944.0 27891.0 28.0 76.0 <

1208.0 27971.0 496.0 116.0 railroad
1740.0 28000.0 552.0 116.0 company
2344.0 27983.0 132.0 108.0 be
2536.0 27992.0 344.0 104.0 taxed
2960.0 28015.0 128.0 80.0 as
3192.0 27983.0 260.0 116.0 well
3552.0 28007.0 128.0 84.0 as
3780.0 28007.0 144.0 84.0 an
3936.0 28007.0 36.0 100.0 :

4000.0 2628.0 320.0 108.0 other
4368.0 2644.0 516.0 124.0 property
4932.0 2668.0 380.0 84.0 owner
5324.0 2652.0 56.0 100.0 ?
5500.0 2652.0 316.0 124.0 They
5884.0 2676.0 260.0 80.0 now
6192.0 2676.0 216.0 104.0 pay
6452.0 2656.0 64.0 100.0 S
6592.0 2656.0 216.0 116.0 ,000

4004.0 2752.0 320.0 100.0 when
4376.0 2756.0 264.0 120.0 they
4680.0 2760.0 352.0 120.0 ought
5076.0 2776.0 112.0 88.0 to
5240.0 2768.0 128.0 100.0 bi
5412.0 2792.0 188.0 100.0 paj
5640.0 2772.0 196.0 112.0 Ins
5892.0 2776.0 440.0 104.0 5VJ.OOO.
6464.0 2768.0 328.0 124.0 Tuny

4000.0 2864.0 432.0 124.0 require
4476.0 2872.0 188.0 100.0 the
4716.0 2880.0 612.0 112.0 protection
5384.0 2892.0 120.0 96.0 of
5588.0 2908.0 332.0 96.0 every
6024.0 2868.0 228.0 140.0 clly
6364.0 2880.0 440.0 132.0 dopirt-

4012.0 2988.0 312.0 96.0 meiit
4368.0 2988.0 364.0 108.0 which
4788.0 2992.0 184.0 104.0 the
5008.0 3000.0 320.0 100.0 other
5372.0 3004.0 188.0 100.0 tax
5608.0 3024.0 396.0 88.0 pavers
6040.0 3028.0 264.0 76.0 now
6336.0 3008.0 464.0 120.0 require.

4020.0 3096.0 172.0 104.0 Ho
4240.0 3096.0 360.0 128.0 hoped
4648.0 3108.0 188.0 100.0 the
4888.0 3108.0 564.0 128.0 judlclaiy
5496.0 3120.0 644.0 104.0 commltteo
6188.0 3120.0 368.0 104.0 would
6612.0 3132.0 200.0 92.0 not

4016.0 3216.0 132.0 96.0 bo
4192.0 3224.0 524.0 116.0 accepted
4728.0 3296.0 24.0 40.0 ,
4812.0 3224.0 468.0 108.0 because
5372.0 3244.0 84.0 88.0 It
5560.0 3256.0 232.0 84.0 was
5892.0 3236.0 368.0 120.0 Illegal
6272.0 3308.0 28.0 48.0 ,
6372.0 3248.0 224.0 92.0 nnd
6648.0 3240.0 128.0 96.0 be-

4012.0 3352.0 332.0 80.0 cause
4400.0 3336.0 84.0 100.0 It
4572.0 3340.0 368.0 104.0 would
5008.0 3348.0 456.0 120.0 deprive
5568.0 3348.0 432.0 108.0 Omaha
6104.0 3360.0 124.0 92.0 of
6336.0 3380.0 64.0 76.0 a
6504.0 3360.0 312.0 108.0 great

4004.0 3448.0 252.0 100.0 deal
4300.0 3452.0 120.0 100.0 of
4472.0 3452.0 140.0 104.0 Its
4656.0 3452.0 616.0 124.0 legltlmalo
5384.0 3492.0 484.0 80.0 revenue
5876.0 3544.0 24.0 44.0 ,
5980.0 3468.0 360.0 108.0 which
6440.0 3472.0 376.0 104.0 would

4008.0 3572.0 464.0 96.0 amount
4520.0 3568.0 408.0 112.0 almost
4972.0 3584.0 112.0 96.0 to
5128.0 3584.0 752.0 104.0 annullment.

4128.0 3680.0 208.0 104.0 Mr.
4468.0 3688.0 316.0 124.0 Agco
4904.0 3692.0 508.0 112.0 declared
5576.0 3704.0 244.0 100.0 that
6000.0 3700.0 188.0 104.0 the
6376.0 3696.0 424.0 108.0 section

4012.0 3800.0 120.0 96.0 of
4336.0 3800.0 188.0 104.0 the
4764.0 3812.0 484.0 116.0 original
5488.0 3812.0 188.0 108.0 bill
5924.0 3840.0 236.0 80.0 was
6404.0 3816.0 372.0 120.0 illegal
6792.0 3884.0 24.0 48.0 ,

4016.0 3920.0 1028.0 112.0 unconstitutional
5056.0 4000.0 24.0 52.0 ,
5192.0 3956.0 124.0 80.0 as
5428.0 3928.0 88.0 108.0 It
5600.0 3928.0 376.0 112.0 would
6064.0 3936.0 116.0 100.0 lu
6296.0 3940.0 328.0 100.0 effect
6688.0 3932.0 136.0 104.0 be

4016.0 4028.0 412.0 108.0 dotibln
4476.0 4044.0 540.0 108.0 taxation.

4140.0 4148.0 200.0 104.0 Mr.
4404.0 4152.0 428.0 112.0 Kussell
4884.0 4160.0 420.0 116.0 replied
5392.0 4164.0 460.0 128.0 warmly
5900.0 4168.0 116.0 100.0 to
6064.0 4164.0 220.0 104.0 Mr.
6344.0 4160.0 408.0 128.0 Smyth
6764.0 4236.0 28.0 44.0 ,

4020.0 4264.0 516.0 112.0 showing
4624.0 4276.0 300.0 104.0 what
4972.0 4280.0 136.0 100.0 ho
5148.0 4280.0 432.0 116.0 allezed
5672.0 4292.0 112.0 92.0 to
5836.0 4288.0 128.0 96.0 bo
6056.0 4284.0 760.0 104.0 Inconsistent

4024.0 4380.0 112.0 100.0 In
4192.0 4383.0 188.0 104.0 the
4428.0 4388.0 420.0 104.0 lattcr's
4892.0 4412.0 472.0 84.0 conduct
5380.0 4468.0 24.0 44.0 ,
5460.0 4400.0 224.0 100.0 nnd
5772.0 4400.0 496.0 104.0 referred
6344.0 4404.0 112.0 96.0 to
6500.0 4424.0 68.0 76.0 a
6612.0 4396.0 212.0 104.0 roll

4024.0 4500.0 120.0 96.0 of
4248.0 4508.0 732.0 116.0 seventy-live
5064.0 4512.0 460.0 108.0 leading
5624.0 4516.0 472.0 104.0 citi/ens
6180.0 4516.0 256.0 104.0 who
6524.0 4540.0 300.0 80.0 were

4024.0 4628.0 488.0 112.0 opposed
4564.0 4628.0 112.0 96.0 to
4720.0 4628.0 188.0 100.0 the
4956.0 4628.0 496.0 100.0 taxation
5508.0 4632.0 120.0 100.0 of
5696.0 4632.0 188.0 104.0 the
5928.0 4632.0 588.0 104.0 railroads.

4140.0 4732.0 204.0 104.0 Mr.
4400.0 4740.0 396.0 100.0 Smvth
4844.0 4744.0 420.0 140.0 replied
5316.0 4760.0 112.0 88.0 to
5472.0 4744.0 208.0 104.0 Mr.
5740.0 4748.0 432.0 104.0 Russell
6188.0 4820.0 24.0 40.0 ,
6268.0 4752.0 340.0 108.0 uslnj
6652.0 4772.0 144.0 80.0 an

4024.0 4848.0 504.0 104.0 inuendo
4576.0 4852.0 244.0 104.0 that
4904.0 4852.0 192.0 108.0 the
5188.0 4860.0 332.0 104.0 latter
5564.0 4868.0 228.0 100.0 and
5844.0 4868.0 188.0 100.0 the
6124.0 4864.0 548.0 104.0 members
6712.0 4864.0 124.0 100.0 of

4028.0 4960.0 188.0 108.0 the
4312.0 4964.0 564.0 128.0 judiciary
4956.0 4984.0 644.0 100.0 committee
5644.0 4980.0 216.0 104.0 had
5936.0 4992.0 276.0 92.0 been
6300.0 4984.0 312.0 116.0 dally
6656.0 5004.0 116.0 76.0 responding

4024.0 5084.0 580.0 120.0 spending
4688.0 5096.0 116.0 96.0 to
4888.0 5088.0 332.0 128.0 lobby
5304.0 5096.0 272.0 100.0 calls
5660.0 5096.0 228.0 104.0 and
5976.0 5100.0 448.0 120.0 nightly
6508.0 5120.0 260.0 76.0 asso-

4028.0 5200.0 428.0 116.0 ciating
4504.0 5200.0 272.0 108.0 with
4860.0 5204.0 564.0 108.0 hummers
5432.0 5284.0 24.0 48.0 ,
5516.0 5208.0 332.0 112.0 while
5892.0 5212.0 180.0 108.0 Ills
6132.0 5240.0 260.0 80.0 own
6448.0 5212.0 368.0 104.0 hablu

4028.0 5312.0 216.0 104.0 had
4300.0 5320.0 276.0 100.0 been
4624.0 5327.0 432.0 132.0 greatly
5104.0 5327.0 564.0 104.0 different.

4148.0 5428.0 276.0 104.0 This
4464.0 5436.0 476.0 108.0 brought
4988.0 5428.0 208.0 120.0 Mr.
5252.0 5444.0 436.0 104.0 Russell
5736.0 5452.0 112.0 96.0 to
5892.0 5444.0 176.0 108.0 his
6136.0 5444.0 224.0 104.0 feet
6408.0 5440.0 276.0 108.0 with
6752.0 5472.0 68.0 76.0 a

4028.0 5544.0 496.0 108.0 demand
4612.0 5552.0 172.0 108.0 for
4880.0 5560.0 188.0 100.0 the
5160.0 5584.0 332.0 80.0 name
5532.0 5568.0 120.0 96.0 of
5740.0 5564.0 188.0 104.0 the
6008.0 5560.0 576.0 120.0 speaker's
6672.0 5560.0 116.0 104.0 in

4032.0 5668.0 536.0 100.0 formant.

4152.0 5784.0 208.0 100.0 Mr.
4452.0 5784.0 368.0 108.0 Slater
4964.0 5792.0 324.0 104.0 made
5380.0 5820.0 64.0 76.0 n
5544.0 5792.0 436.0 108.0 similar
6080.0 5792.0 488.0 108.0 demand
6584.0 5863.0 24.0 52.0 ,
6720.0 5799.0 120.0 96.0 to

4036.0 5896.0 364.0 108.0 which
4448.0 5900.0 200.0 108.0 Mr.
4704.0 5912.0 400.0 100.0 Smvth
5156.0 5912.0 444.0 104.0 refused
5656.0 5924.0 112.0 92.0 to
5808.0 5916.0 432.0 100.0 accede.

4156.0 6012.0 244.0 104.0 The
4484.0 6020.0 308.0 104.0 clinlr
4876.0 6024.0 344.0 104.0 asked
5288.0 6032.0 200.0 96.0 Mi.
5548.0 6032.0 440.0 100.0 Ruasoll
6040.0 6032.0 88.0 100.0 If
6220.0 6032.0 132.0 100.0 he
6400.0 6024.0 440.0 108.0 desired

4036.0 6128.0 188.0 104.0 the
4312.0 6132.0 812.0 124.0 objectionnhlo
5212.0 6152.0 368.0 96.0 words
5624.0 6156.0 116.0 92.0 to
5828.0 6148.0 132.0 100.0 bo
6048.0 6144.0 344.0 104.0 taken
6440.0 6144.0 332.0 100.0 down
6792.0 6216.0 24.0 48.0 ,

4036.0 6248.0 224.0 104.0 and
4272.0 6320.0 24.0 40.0 ,
4348.0 6276.0 304.0 96.0 upon
4704.0 6256.0 340.0 124.0 being
5084.0 6276.0 584.0 88.0 answered
5720.0 6264.0 116.0 100.0 In
5888.0 6264.0 188.0 100.0 the
6124.0 6260.0 668.0 104.0 affirmative
6800.0 6332.0 24.0 48.0 ,

4036.0 6368.0 468.0 100.0 ordered
4624.0 6372.0 188.0 104.0 the
4964.0 6376.0 308.0 100.0 clerk
5396.0 6396.0 116.0 84.0 to
5616.0 6384.0 264.0 96.0 take
6004.0 6384.0 304.0 96.0 them
6456.0 6380.0 380.0 100.0 down.

4040.0 6480.0 516.0 120.0 Nothing
4596.0 6492.0 432.0 100.0 further
5076.0 6516.0 76.0 76.0 w
5184.0 6520.0 120.0 76.0 as
5348.0 6496.0 300.0 100.0 done
5696.0 6496.0 116.0 100.0 In
5864.0 6492.0 188.0 104.0 the
6104.0 6496.0 432.0 104.0 matter.

4156.0 6600.0 208.0 100.0 Mr.
4420.0 6603.0 368.0 104.0 blater
4876.0 6603.0 348.0 128.0 spoke
5320.0 6612.0 460.0 120.0 warmly
5872.0 6612.0 452.0 112.0 against
6392.0 6612.0 188.0 100.0 the
6628.0 6607.0 220.0 104.0 last

4040.0 6716.0 232.0 100.0 two
4324.0 6716.0 296.0 108.0 lines
4664.0 6728.0 120.0 92.0 of
4852.0 6724.0 188.0 100.0 the
5092.0 6724.0 496.0 120.0 Douglas
5632.0 6724.0 608.0 104.0 substitute
6284.0 6728.0 560.0 116.0 referring

4008.0 6836.0 148.0 124.0 .to
4200.0 6836.0 640.0 100.0 exomntion
4896.0 6844.0 292.0 96.0 fiom
5224.0 6852.0 312.0 92.0 taxes
5584.0 6848.0 120.0 96.0 of
5752.0 6848.0 248.0 104.0 SUOO
6044.0 6848.0 120.0 96.0 of
6208.0 6844.0 264.0 100.0 each
6528.0 6868.0 320.0 96.0 prop-

4036.0 6952.0 708.0 108.0 city-holder.

4156.0 7064.0 216.0 100.0 Mr.
4440.0 7064.0 468.0 108.0 Hlmrod
5012.0 7068.0 536.0 124.0 appealed
5600.0 7075.0 116.0 96.0 to
5768.0 7072.0 152.0 104.0 all
5968.0 7072.0 372.0 100.0 lovers
6428.0 7072.0 124.0 100.0 of
6596.0 7068.0 204.0 104.0 rail-

4040.0 7180.0 260.0 100.0 road
4376.0 7180.0 632.0 120.0 legislation
5064.0 7200.0 112.0 84.0 to
5224.0 7200.0 264.0 92.0 note
5532.0 7192.0 336.0 96.0 down
5952.0 7188.0 184.0 100.0 the
6180.0 7184.0 664.0 124.0 judiciary's

4036.0 7296.0 760.0 104.0 amendment.
4928.0 7300.0 244.0 104.0 The
5216.0 7304.0 732.0 100.0 amendment
6052.0 7328.0 228.0 76.0 wis
6372.0 7300.0 424.0 104.0 carried
6812.0 7368.0 24.0 36.0 ,

4152.0 7411.0 452.0 100.0 bcctlon
4652.0 7420.0 108.0 88.0 U"
4740.0 7452.0 28.0 60.0 )
4776.0 7488.0 24.0 44.0 ,
4876.0 7415.0 364.0 104.0 which
5288.0 7420.0 520.0 116.0 provides
5896.0 7415.0 244.0 104.0 that
6184.0 7420.0 188.0 100.0 the
6460.0 7424.0 376.0 108.0 report

4036.0 7528.0 124.0 92.0 of
4204.0 7528.0 188.0 96.0 the
4436.0 7528.0 224.0 120.0 city
4716.0 7536.0 552.0 96.0 treasurer
5308.0 7532.0 288.0 104.0 shall
5700.0 7536.0 424.0 100.0 nhvavs
6172.0 7536.0 132.0 100.0 bo
6360.0 7560.0 288.0 100.0 open
6704.0 7544.0 116.0 92.0 to

4040.0 7636.0 632.0 120.0 Inspection
4776.0 7648.0 596.0 104.0 ofollicera
5472.0 7648.0 232.0 108.0 and
5768.0 7652.0 468.0 104.0 citizens
6248.0 7724.0 24.0 44.0 ,
6328.0 7676.0 232.0 84.0 was
6608.0 7652.0 236.0 104.0 also

4036.0 7751.0 516.0 124.0 adopted.

4156.0 7872.0 448.0 104.0 Section
4660.0 7876.0 108.0 100.0 10
4836.0 7951.0 24.0 44.0 ,
4912.0 7876.0 600.0 124.0 providing
5560.0 7883.0 176.0 100.0 lor
5776.0 7912.0 64.0 72.0 a
5876.0 7883.0 344.0 104.0 board
6304.0 7883.0 124.0 100.0 of
6476.0 7880.0 376.0 116.0 public

4056.0 7988.0 372.0 100.0 works
4476.0 7996.0 120.0 96.0 of
4640.0 7996.0 308.0 104.0 throe
5000.0 8004.0 544.0 96.0 members
5552.0 8076.0 24.0 40.0 ,
5692.0 8004.0 268.0 100.0 vvltli
6012.0 8000.0 428.0 104.0 several
6532.0 8004.0 320.0 96.0 other

4068.0 8108.0 820.0 120.0 requirements
4888.0 8188.0 28.0 44.0 ,
5032.0 8140.0 232.0 76.0 was
5376.0 8120.0 292.0 100.0 read.
5796.0 8120.0 244.0 100.0 The
6084.0 8124.0 372.0 104.0 report
6500.0 8120.0 124.0 96.0 of
6668.0 8116.0 184.0 104.0 tiio

4040.0 8216.0 500.0 116.0 Douglas
4580.0 8223.0 632.0 116.0 delegation
5272.0 8236.0 460.0 100.0 favored
5780.0 8236.0 188.0 100.0 the
6056.0 8236.0 488.0 116.0 original
6600.0 8232.0 192.0 104.0 bill
6804.0 8304.0 24.0 44.0 ,

4064.0 8340.0 364.0 104.0 which
4484.0 8344.0 520.0 104.0 provides
5052.0 8348.0 172.0 100.0 for
5272.0 8359.0 208.0 92.0 live
5512.0 8355.0 572.0 100.0 members.

4164.0 8456.0 204.0 104.0 Mr.
4428.0 8456.0 616.0 108.0 Whltmoro
5096.0 8464.0 396.0 104.0 moved
5596.0 8468.0 244.0 104.0 that
5888.0 8468.0 200.0 104.0 Mr.
6164.0 8468.0 664.0 104.0 Connellbo

4048.0 8568.0 472.0 108.0 allowed
4564.0 8588.0 116.0 88.0 to
4728.0 8580.0 460.0 104.0 addicss
5232.0 8584.0 188.0 100.0 the
5468.0 8584.0 348.0 104.0 house
5860.0 8588.0 176.0 100.0 for
6076.0 8588.0 196.0 100.0 ton
6328.0 8588.0 504.0 100.0 minutes

4044.0 8712.0 148.0 76.0 on
4244.0 8688.0 224.0 104.0 tills
4516.0 8695.0 460.0 104.0 section.
5104.0 8699.0 244.0 100.0 The
5400.0 8699.0 416.0 104.0 motion
5876.0 8728.0 232.0 76.0 was
6184.0 8704.0 248.0 104.0 lost

4160.0 8804.0 244.0 104.0 The
4512.0 8808.0 536.0 128.0 minority
5168.0 8816.0 488.0 120.0 Douglas
5784.0 8827.0 372.0 116.0 report
6272.0 8844.0 232.0 76.0 was
6592.0 8816.0 268.0 104.0 read

4052.0 8924.0 272.0 100.0 with
4376.0 8924.0 188.0 104.0 the
4604.0 8932.0 348.0 100.0 otiier.
5084.0 8932.0 204.0 104.0 Mr.
5344.0 8928.0 424.0 128.0 Young
5812.0 8936.0 248.0 100.0 said
6112.0 8932.0 244.0 104.0 that
6416.0 8936.0 136.0 100.0 ho
6592.0 8959.0 264.0 76.0 now

4052.0 9035.0 208.0 104.0 felt
4308.0 9040.0 228.0 104.0 like
4580.0 9064.0 336.0 100.0 every
4996.0 9048.0 320.0 100.0 other
5364.0 9052.0 472.0 100.0 memboi
5892.0 9056.0 124.0 96.0 of
6064.0 9052.0 184.0 100.0 the
6360.0 9052.0 496.0 116.0 Douglas

4052.0 9156.0 628.0 124.0 delegation
4696.0 9231.0 24.0 48.0 ,
4772.0 9160.0 528.0 108.0 absolved
5372.0 9167.0 288.0 100.0 fiom
5708.0 9167.0 444.0 100.0 further
6232.0 9163.0 624.0 124.0 allegiance

4052.0 9272.0 124.0 100.0 of
4220.0 9276.0 396.0 120.0 voting
4664.0 9280.0 268.0 100.0 wiih
4968.0 9280.0 184.0 100.0 llio
5200.0 9280.0 528.0 124.0 majority
5768.0 9288.0 124.0 96.0 of
5940.0 9284.0 244.0 100.0 that
6228.0 9284.0 292.0 124.0 body
6528.0 9348.0 32.0 44.0 ,
6612.0 9280.0 228.0 104.0 and

4072.0 9396.0 140.0 92.0 he
4316.0 9388.0 360.0 124.0 hoped
4788.0 9404.0 244.0 92.0 that
5136.0 9396.0 188.0 100.0 the
5372.0 9396.0 1028.0 104.0 recommendation
6504.0 9404.0 116.0 92.0 ot
6672.0 9400.0 188.0 100.0 the

4048.0 9499.0 560.0 124.0 judiciary
4708.0 9507.0 644.0 108.0 commltteo
5412.0 9540.0 124.0 76.0 as
5640.0 9516.0 456.0 116.0 regards
6156.0 9512.0 432.0 104.0 section
6692.0 9520.0 176.0 92.0 101

4056.0 9620.0 372.0 104.0 would
4480.0 9628.0 128.0 92.0 bo
4648.0 9628.0 516.0 120.0 adopted.

4176.0 9736.0 204.0 104.0 Mr.
4500.0 9732.0 608.0 116.0 Whltmoro
5216.0 9744.0 244.0 104.0 said
5564.0 9744.0 240.0 104.0 that
5812.0 9820.0 24.0 40.0 ,
5892.0 9744.0 360.0 104.0 under
6360.0 9744.0 188.0 104.0 the
6664.0 9744.0 200.0 104.0 old

4056.0 9852.0 340.0 104.0 boaid
4440.0 9860.0 124.0 96.0 of
4608.0 9860.0 368.0 116.0 public
5020.0 9864.0 364.0 100.0 works
5428.0 9864.0 376.0 100.0 clause
5812.0 9936.0 24.0 44.0 ,
5888.0 9868.0 692.0 104.0 contractors
6628.0 9864.0 240.0 100.0 had

4060.0 9971.0 324.0 100.0 made
4492.0 9971.0 304.0 124.0 largo
4904.0 9975.0 512.0 104.0 fortunes
5424.0 10052.0 24.0 48.0 ,
5560.0 9984.0 520.0 108.0 showing
6164.0 9984.0 248.0 100.0 that
6456.0 9979.0 84.0 104.0 It
6636.0 10004.0 232.0 80.0 was

4060.0 10088.0 488.0 124.0 possible
4596.0 10092.0 172.0 100.0 for
4812.0 10096.0 304.0 100.0 them
5160.0 10103.0 116.0 92.0 to
5320.0 10100.0 500.0 96.0 override
5864.0 10100.0 188.0 96.0 the
6100.0 10096.0 424.0 120.0 people.

4180.0 10204.0 204.0 100.0 Mr.
4440.0 10208.0 312.0 116.0 Ageo
4792.0 10212.0 352.0 120.0 spoke
5188.0 10212.0 448.0 116.0 against
5740.0 10216.0 188.0 96.0 the
6024.0 10212.0 480.0 108.0 oiiglnal
6616.0 10236.0 180.0 76.0 sec-

4060.0 10315.0 240.0 104.0 tion
4408.0 10320.0 228.0 108.0 and
4684.0 10324.0 260.0 104.0 read
5052.0 10328.0 592.0 100.0 telegrams
5716.0 10328.0 292.0 100.0 fiom
6060.0 10328.0 392.0 124.0 Mayor
6500.0 10324.0 312.0 124.0 Boyd
6824.0 10400.0 24.0 44.0 ,

4060.0 10436.0 220.0 100.0 Mr.
4352.0 10436.0 608.0 132.0 Poppleton
4980.0 10511.0 24.0 44.0 ,
5060.0 10439.0 168.0 104.0 W.
5288.0 10439.0 136.0 104.0 V.
5480.0 10443.0 400.0 112.0 Morso.
5928.0 10443.0 144.0 100.0 T.
6196.0 10443.0 112.0 100.0 C.
6428.0 10439.0 444.0 104.0 Bruuer

4064.0 10552.0 220.0 100.0 and
4340.0 10556.0 252.0 120.0 Guy
4648.0 10556.0 412.0 100.0 Barton
5108.0 10560.0 672.0 112.0 supporting
5832.0 10556.0 168.0 104.0 his
6048.0 10556.0 372.0 104.0 stand.

4180.0 10668.0 208.0 100.0 Mr.
4444.0 10676.0 452.0 100.0 Andres
4980.0 10680.0 224.0 92.0 nnd
5288.0 10676.0 196.0 100.0 Mr.
5604.0 10672.0 540.0 104.0 Heimrod
6256.0 10672.0 604.0 104.0 wondered

4068.0 10783.0 256.0 124.0 why
4368.0 10783.0 208.0 104.0 Mr.
4620.0 10792.0 312.0 116.0 Agee
4980.0 10787.0 216.0 100.0 had
5240.0 10792.0 256.0 96.0 sent
5532.0 10808.0 116.0 80.0 to
5732.0 10792.0 432.0 100.0 Omaha
6272.0 10792.0 180.0 96.0 for
6556.0 10787.0 268.0 108.0 opin-

4068.0 10900.0 252.0 100.0 ions
4368.0 10908.0 328.0 96.0 when
4744.0 10908.0 264.0 104.0 they
5060.0 10908.0 352.0 104.0 might
5456.0 10908.0 284.0 100.0 have
5780.0 10911.0 380.0 116.0 gotten
6216.0 10904.0 304.0 104.0 them
6568.0 10904.0 292.0 104.0 from

4064.0 11020.0 192.0 96.0 the
4308.0 11016.0 496.0 108.0 Douglas
4848.0 11020.0 672.0 144.0 delegation.

4184.0 11132.0 204.0 104.0 Mr.
4500.0 11136.0 396.0 116.0 Smyth
5004.0 11123.0 248.0 116.0 sa'd
5136.0 11123.0 24.0 64.0 '
5356.0 11140.0 264.0 120.0 they
5724.0 11136.0 328.0 104.0 stood
6120.0 11136.0 312.0 104.0 there
6488.0 11140.0 200.0 100.0 not
6732.0 11160.0 128.0 80.0 so

4068.0 11255.0 328.0 96.0 much
4444.0 11247.0 112.0 104.0 In
4612.0 11251.0 324.0 100.0 favor
4972.0 11255.0 124.0 96.0 of
5128.0 11255.0 188.0 100.0 the
5360.0 11251.0 572.0 104.0 ex-olliclo
5976.0 11263.0 244.0 112.0 part
6264.0 11259.0 124.0 96.0 of
6424.0 11255.0 188.0 100.0 the
6644.0 11280.0 184.0 76.0 sec-

4064.0 11368.0 236.0 96.0 tion
4320.0 11436.0 20.0 48.0 ,
4380.0 11368.0 228.0 104.0 and
4656.0 11368.0 400.0 104.0 moved
5096.0 11395.0 144.0 76.0 an
5292.0 11372.0 732.0 104.0 amendment
6072.0 11380.0 112.0 96.0 to
6268.0 11372.0 356.0 104.0 strike
6668.0 11380.0 192.0 92.0 the

4068.0 11508.0 308.0 76.0 same
4420.0 11492.0 220.0 100.0 out

4188.0 11599.0 200.0 104.0 Mr.
4452.0 11599.0 436.0 108.0 Russell
4932.0 11599.0 240.0 104.0 said
5224.0 11604.0 236.0 100.0 that
5508.0 11604.0 136.0 100.0 he
5692.0 11599.0 500.0 108.0 believed
6240.0 11604.0 192.0 100.0 the
6516.0 11604.0 336.0 116.0 hasty

4076.0 11740.0 476.0 80.0 manner
4596.0 11719.0 116.0 104.0 In
4768.0 11719.0 360.0 100.0 which
5176.0 11719.0 188.0 100.0 the
5416.0 11719.0 492.0 120.0 Douglas
5952.0 11719.0 632.0 120.0 delegation
6644.0 11719.0 216.0 100.0 had

4068.0 11832.0 516.0 120.0 changed
4632.0 11836.0 292.0 100.0 their
4964.0 11840.0 436.0 96.0 charter
5440.0 11836.0 460.0 104.0 showed
5944.0 11836.0 244.0 104.0 that
6232.0 11840.0 268.0 116.0 they
6568.0 11863.0 292.0 76.0 wore

4072.0 11948.0 580.0 104.0 dishonest
4712.0 11952.0 116.0 100.0 In
4904.0 11952.0 296.0 100.0 their
5240.0 11952.0 252.0 104.0 aim.
5624.0 11952.0 316.0 120.0 They
5992.0 11956.0 216.0 100.0 had
6284.0 11952.0 248.0 104.0 said
6620.0 11956.0 244.0 100.0 that

4076.0 12063.0 92.0 100.0 it
4212.0 12071.0 264.0 132.0 they
4524.0 12092.0 288.0 80.0 wcio
4856.0 12071.0 328.0 116.0 given
5236.0 12071.0 424.0 100.0 section
5720.0 12076.0 164.0 92.0 104
5932.0 12067.0 260.0 124.0 they
6272.0 12067.0 376.0 108.0 would
6720.0 12071.0 132.0 100.0 bo

4072.0 12184.0 500.0 104.0 satlshod
4624.0 12184.0 268.0 104.0 with
4940.0 12212.0 304.0 88.0 evert
5276.0 12188.0 324.0 120.0 tiling
5660.0 12188.0 260.0 100.0 else.

4196.0 12300.0 204.0 100.0 Mr.
4492.0 12304.0 452.0 100.0 Andres
5072.0 12300.0 292.0 108.0 Who
5460.0 12304.0 252.0 104.0 said
5816.0 12327.0 120.0 76.0 so
5944.0 12304.0 52.0 100.0 ?
6116.0 12300.0 556.0 108.0 Members
6740.0 12300.0 120.0 104.0 of

4084.0 12412.0 188.0 104.0 the
4320.0 12416.0 428.0 104.0 Omaha
4792.0 12420.0 644.0 100.0 delegation
5448.0 12424.0 56.0 96.0 ?

4200.0 12531.0 204.0 104.0 Mr.
4468.0 12535.0 436.0 104.0 Russell
5044.0 12535.0 220.0 100.0 Yes
5272.0 12611.0 24.0 40.0 ,
5348.0 12535.0 184.0 100.0 sir.

4200.0 12652.0 204.0 104.0 Mr.
4460.0 12652.0 452.0 104.0 Andres
5040.0 12652.0 204.0 104.0 It's
5292.0 12660.0 200.0 92.0 not
5528.0 12663.0 276.0 92.0 true.

4204.0 12768.0 200.0 100.0 Mr.
4528.0 12764.0 620.0 112.0 Whltmoro
5248.0 12768.0 244.0 104.0 said
5588.0 12772.0 240.0 100.0 that
5924.0 12776.0 696.0 96.0 contractors
6756.0 12768.0 112.0 104.0 In

4080.0 12884.0 432.0 104.0 Omaha
4560.0 12884.0 356.0 104.0 under
5016.0 12888.0 188.0 100.0 the
5244.0 12888.0 184.0 100.0 old
5496.0 12888.0 220.0 100.0 law
5820.0 12888.0 220.0 100.0 had
6144.0 12888.0 392.0 124.0 pooled
6592.0 12884.0 288.0 104.0 their

4084.0 13003.0 352.0 96.0 Issues
4444.0 13075.0 28.0 44.0 ,
4520.0 13003.0 224.0 100.0 and
4792.0 12999.0 440.0 104.0 crealetl
5280.0 13028.0 64.0 72.0 a
5448.0 13003.0 600.0 120.0 monopoly
6156.0 13003.0 124.0 100.0 of
6324.0 13003.0 188.0 100.0 the
6620.0 13024.0 212.0 84.0 con

4080.0 13124.0 368.0 96.0 tracts.
4572.0 13112.0 248.0 108.0 The
4864.0 13143.0 256.0 76.0 now
5160.0 13116.0 440.0 104.0 charter
5704.0 13120.0 220.0 100.0 had
6012.0 13124.0 276.0 96.0 been
6380.0 13120.0 328.0 100.0 undo
6752.0 13124.0 116.0 96.0 to

4080.0 13236.0 468.0 132.0 prevent
4592.0 13236.0 240.0 104.0 that
4872.0 13236.0 592.0 116.0 occurring
5504.0 13236.0 388.0 108.0 again.
6032.0 13236.0 180.0 100.0 Ho
6252.0 13232.0 484.0 116.0 thought
6792.0 13236.0 92.0 100.0 if

4076.0 13335.0 204.0 116.0 Mr.
4336.0 13351.0 496.0 116.0 Smyth's
4940.0 13351.0 732.0 100.0 amendment
5776.0 13351.0 400.0 100.0 should
6252.0 13351.0 384.0 100.0 obtain
6688.0 13351.0 188.0 100.0 thu

4076.0 13471.0 228.0 96.0 rest
4344.0 13467.0 124.0 96.0 of
4536.0 13467.0 184.0 100.0 the
4764.0 13467.0 424.0 100.0 section
5244.0 13475.0 88.0 92.0 it
5380.0 13464.0 368.0 104.0 would
5796.0 13467.0 132.0 100.0 bo
5996.0 13467.0 756.0 124.0 satisfactory.

4200.0 13584.0 200.0 100.0 Mr.
4512.0 13580.0 460.0 108.0 Watson
5060.0 13588.0 124.0 96.0 of
5248.0 13584.0 280.0 100.0 Otoo
5632.0 13584.0 200.0 100.0 did
5944.0 13596.0 204.0 88.0 not
6228.0 13584.0 348.0 104.0 know
6620.0 13584.0 124.0 104.0 of
6808.0 13611.0 64.0 72.0 n

4080.0 13696.0 344.0 104.0 board
4472.0 13700.0 120.0 96.0 of
4656.0 13700.0 372.0 120.0 public
5072.0 13712.0 376.0 88.0 works
5492.0 13696.0 124.0 100.0 of
5680.0 13700.0 364.0 104.0 which
6152.0 13700.0 188.0 100.0 the
6408.0 13700.0 228.0 120.0 city
6680.0 13728.0 144.0 76.0 en-

4080.0 13815.0 396.0 112.0 gineer
4532.0 13836.0 224.0 84.0 was
4808.0 13828.0 200.0 88.0 not
5052.0 13840.0 64.0 72.0 a
5160.0 13811.0 524.0 104.0 momber.
5816.0 13815.0 132.0 96.0 In
6004.0 13811.0 188.0 104.0 the
6240.0 13828.0 448.0 92.0 records
6732.0 13819.0 136.0 100.0 of

4088.0 13936.0 188.0 92.0 the
4380.0 13924.0 392.0 108.0 boodle
4876.0 13928.0 568.0 104.0 aldermen
5600.0 13932.0 116.0 96.0 In
5832.0 13932.0 284.0 100.0 Now
6220.0 13932.0 324.0 100.0 York
6652.0 13936.0 228.0 100.0 nnd

4092.0 14044.0 484.0 120.0 Chicago
4624.0 14048.0 84.0 100.0 It
4756.0 14072.0 228.0 76.0 was
5036.0 14056.0 192.0 92.0 not
5280.0 14048.0 184.0 96.0 the
5508.0 14044.0 344.0 104.0 heads
5896.0 14048.0 124.0 96.0 of
6080.0 14052.0 780.0 112.0 departments

4092.0 14159.0 252.0 104.0 who
4388.0 14184.0 284.0 80.0 wore
4716.0 14163.0 584.0 120.0 corrupted
5316.0 14236.0 24.0 44.0 ,
5396.0 14163.0 192.0 96.0 but
5636.0 14159.0 184.0 100.0 the
5864.0 14168.0 756.0 100.0 councilinen.
6768.0 14163.0 104.0 104.0 U

4092.0 14279.0 324.0 100.0 made
4460.0 14300.0 148.0 76.0 no
4652.0 14279.0 604.0 100.0 difference
5304.0 14287.0 112.0 88.0 to
5456.0 14279.0 228.0 96.0 him
5740.0 14304.0 72.0 76.0 w
5844.0 14279.0 392.0 100.0 hotter
6324.0 14279.0 208.0 104.0 Mr.
6640.0 14279.0 184.0 100.0 An-

4084.0 14392.0 308.0 100.0 drew
4496.0 14392.0 648.0 100.0 Rosewater
5244.0 14415.0 232.0 76.0 was
5580.0 14392.0 188.0 96.0 the
5840.0 14392.0 228.0 116.0 city
6176.0 14396.0 548.0 104.0 engineer
6764.0 14396.0 120.0 96.0 of

4084.0 14504.0 416.0 96.0 Om.ahn
4516.0 14572.0 28.0 52.0 ,
4600.0 14504.0 420.0 100.0 though
5072.0 14504.0 136.0 100.0 ho
5312.0 14504.0 372.0 100.0 would
5732.0 14528.0 200.0 96.0 say
6040.0 14504.0 240.0 104.0 that
6328.0 14508.0 244.0 100.0 that
6612.0 14532.0 216.0 92.0 gen-

4084.0 14615.0 416.0 100.0 tleman
4556.0 14615.0 212.0 104.0 had
4820.0 14619.0 300.0 100.0 tilled
5168.0 14619.0 188.0 96.0 the
5456.0 14619.0 488.0 116.0 position
6060.0 14619.0 176.0 100.0 for
6300.0 14631.0 192.0 92.0 ten
6548.0 14648.0 40.0 92.0 j
6624.0 14648.0 244.0 72.0 ears

4080.0 14732.0 360.0 104.0 under
4480.0 14728.0 624.0 108.0 democrats
5152.0 14732.0 228.0 104.0 and
5480.0 14732.0 716.0 140.0 republicans
6304.0 14740.0 228.0 100.0 and
6628.0 14736.0 244.0 104.0 that

4084.0 14852.0 232.0 96.0 fnot
4360.0 14848.0 328.0 104.0 alone
4740.0 14876.0 228.0 76.0 was
5016.0 14876.0 64.0 76.0 a
5124.0 14848.0 332.0 124.0 proof
5520.0 14860.0 116.0 88.0 ot
5708.0 14852.0 180.0 96.0 his
5932.0 14852.0 432.0 120.0 ability.
6500.0 14852.0 312.0 104.0 More-

4084.0 14992.0 264.0 76.0 over
4348.0 15035.0 28.0 48.0 ,
4432.0 14967.0 136.0 96.0 he
4616.0 14963.0 220.0 112.0 had
4884.0 14963.0 340.0 104.0 heard
5272.0 14967.0 244.0 96.0 that
5572.0 14963.0 640.0 104.0 Rosewnter
6260.0 14967.0 372.0 100.0 would
6684.0 14971.0 200.0 100.0 not

4084.0 15087.0 384.0 108.0 accept
4512.0 15083.0 188.0 96.0 the
4744.0 15083.0 492.0 116.0 position
5284.0 15080.0 332.0 116.0 again
5672.0 15080.0 364.0 104.0 under
6120.0 15083.0 188.0 100.0 the
6396.0 15083.0 184.0 100.0 old
6624.0 15083.0 248.0 104.0 law.

4092.0 15196.0 172.0 100.0 Ho
4316.0 15196.0 684.0 104.0 understood
5100.0 15196.0 248.0 100.0 that
5392.0 15196.0 372.0 120.0 public
5872.0 15196.0 364.0 100.0 works
6344.0 15196.0 220.0 104.0 had
6632.0 15204.0 244.0 96.0 cost

4092.0 15307.0 620.0 108.0 thousands
4744.0 15312.0 124.0 100.0 of
4932.0 15312.0 416.0 100.0 dollars
5396.0 15336.0 300.0 76.0 moro
5784.0 15312.0 276.0 104.0 than
6120.0 15340.0 228.0 72.0 was
6416.0 15316.0 464.0 104.0 needed.

4208.0 15427.0 204.0 104.0 Mr.
4508.0 15423.0 500.0 108.0 Smvth's
5088.0 15431.0 736.0 96.0 amendment
5908.0 15435.0 116.0 92.0 to
6132.0 15431.0 188.0 96.0 the
6424.0 15431.0 412.0 104.0 amend-

4096.0 15555.0 312.0 92.0 ment
4452.0 15567.0 228.0 80.0 was
4724.0 15544.0 220.0 104.0 lost
4984.0 15544.0 232.0 100.0 and
5264.0 15548.0 240.0 100.0 that
5544.0 15552.0 124.0 96.0 ot
5756.0 15544.0 192.0 104.0 the
5984.0 15544.0 568.0 128.0 judiciary
6592.0 15571.0 248.0 80.0 com-

4092.0 15664.0 392.0 100.0 mittee
4536.0 15684.0 228.0 84.0 vvus
4808.0 15660.0 516.0 124.0 adopted.

4212.0 15775.0 452.0 104.0 Section
4772.0 15779.0 176.0 96.0 lOo
5048.0 15771.0 468.0 116.0 making
5620.0 15775.0 188.0 104.0 the
5916.0 15775.0 228.0 120.0 city
6232.0 15775.0 644.0 120.0 engineer's

4096.0 15891.0 304.0 104.0 bond
4472.0 15895.0 412.0 108.0 SW.OOO
4964.0 15895.0 228.0 100.0 and
5300.0 15895.0 240.0 100.0 that
5644.0 15895.0 124.0 100.0 of
5836.0 15895.0 188.0 104.0 the
6128.0 15895.0 552.0 104.0 assistant
6764.0 15911.0 116.0 88.0 at

4100.0 16016.0 64.0 104.0 $
4268.0 16047.0 28.0 56.0 >
4304.0 16016.0 212.0 108.0 ,000
4560.0 16035.0 228.0 80.0 was
4824.0 16004.0 512.0 128.0 adopted.

4216.0 16124.0 452.0 108.0 Section
4720.0 16132.0 176.0 92.0 110
4940.0 16132.0 504.0 116.0 destroys
5484.0 16128.0 192.0 100.0 the
5716.0 16128.0 500.0 100.0 creation
6268.0 16132.0 124.0 96.0 of
6480.0 16128.0 188.0 104.0 the
6708.0 16132.0 164.0 100.0 of-

4104.0 16239.0 196.0 108.0 lien
4344.0 16243.0 124.0 100.0 of
4508.0 16243.0 740.0 120.0 comptiollor.
5380.0 16239.0 108.0 104.0 It
5532.0 16272.0 232.0 72.0 was
5808.0 16247.0 472.0 104.0 Ciurled.

4220.0 16360.0 452.0 104.0 Section
4724.0 16363.0 172.0 92.0 116
4944.0 16383.0 228.0 76.0 was
5216.0 16356.0 484.0 128.0 adopted
5784.0 16360.0 600.0 124.0 providing
6476.0 16363.0 180.0 100.0 for
6700.0 16360.0 188.0 104.0 the

4100.0 16480.0 476.0 100.0 consent
4672.0 16480.0 124.0 92.0 of
4868.0 16476.0 192.0 104.0 the
5140.0 16480.0 516.0 116.0 property
5808.0 16499.0 452.0 80.0 owners
6432.0 16476.0 448.0 104.0 instead

4104.0 16596.0 120.0 96.0 of
4268.0 16600.0 224.0 92.0 two
4536.0 16591.0 360.0 104.0 thirds
4940.0 16596.0 116.0 96.0 ol
5104.0 16596.0 188.0 96.0 the
5336.0 16591.0 440.0 104.0 council
5824.0 16591.0 384.0 104.0 before
6292.0 16620.0 68.0 76.0 a
6448.0 16600.0 436.0 116.0 change

4104.0 16711.0 124.0 96.0 ot
4260.0 16707.0 340.0 112.0 grade
4644.0 16732.0 204.0 80.0 can
4904.0 16707.0 128.0 104.0 be
5076.0 16707.0 504.0 104.0 nlfected.

4224.0 16824.0 244.0 104.0 The
4508.0 16828.0 228.0 100.0 citv
4780.0 16824.0 512.0 120.0 printing
5344.0 16851.0 228.0 76.0 was
5616.0 16828.0 212.0 100.0 left
5872.0 16851.0 284.0 96.0 open
6216.0 16828.0 180.0 104.0 for
6472.0 16828.0 256.0 104.0 bids
6780.0 16832.0 116.0 100.0 to

4108.0 16940.0 148.0 104.0 all
4292.0 16952.0 400.0 112.0 papers
4736.0 16944.0 424.0 120.0 having
5240.0 16967.0 68.0 76.0 a
5384.0 16956.0 60.0 112.0 {
5448.0 16944.0 660.0 116.0 circulation
6200.0 16948.0 116.0 96.0 ot
6408.0 16948.0 284.0 116.0 2,000
6780.0 16948.0 116.0 100.0 in

4124.0 17059.0 188.0 104.0 the
4356.0 17063.0 264.0 116.0 city.

4228.0 17175.0 448.0 100.0 Section
4728.0 17175.0 176.0 96.0 172
4948.0 17195.0 228.0 80.0 was
5216.0 17175.0 484.0 120.0 adopted
5788.0 17175.0 468.0 112.0 unking
6348.0 17175.0 84.0 104.0 It
6520.0 17204.0 148.0 76.0 nn
6724.0 17175.0 124.0 100.0 of-

4116.0 17292.0 320.0 100.0 fense
4484.0 17288.0 660.0 128.0 punishable
5188.0 17292.0 272.0 100.0 with
5508.0 17319.0 64.0 72.0 a
5620.0 17296.0 220.0 96.0 line
5932.0 17296.0 172.0 100.0 for
6184.0 17315.0 232.0 100.0 any
6460.0 17296.0 228.0 120.0 city
6736.0 17296.0 160.0 100.0 of-

4120.0 17408.0 256.0 100.0 tlcer
4416.0 17416.0 116.0 92.0 to
4580.0 17412.0 128.0 100.0 bo
4756.0 17408.0 112.0 100.0 in
4888.0 17416.0 280.0 92.0 tores
5180.0 17412.0 180.0 96.0 teil
5412.0 17408.0 112.0 104.0 In
5576.0 17408.0 292.0 104.0 sales
5912.0 17424.0 112.0 84.0 lo
6072.0 17408.0 188.0 100.0 the
6324.0 17408.0 272.0 124.0 city.

4232.0 17523.0 448.0 108.0 Several
4724.0 17527.0 320.0 96.0 other
5080.0 17523.0 488.0 100.0 sections
5656.0 17552.0 292.0 80.0 were
6056.0 17527.0 560.0 100.0 amended
6700.0 17527.0 200.0 100.0 but

4116.0 17643.0 264.0 132.0 they
4428.0 17663.0 288.0 80.0 were
4768.0 17639.0 812.0 120.0 unlmpoitant.

4232.0 17760.0 244.0 96.0 The
4516.0 17756.0 376.0 100.0 clause
4940.0 17779.0 48.0 76.0 r
4992.0 17779.0 28.0 56.0 <
5024.0 17779.0 28.0 40.0 >
5060.0 17756.0 324.0 112.0 Intlni
5388.0 17779.0 36.0 92.0 ;
5464.0 17764.0 120.0 92.0 to
5668.0 17760.0 336.0 120.0 parks
6096.0 17783.0 228.0 76.0 was
6396.0 17756.0 504.0 108.0 recalled.

4116.0 17871.0 204.0 104.0 Mr.
4376.0 17871.0 192.0 104.0 Sm
4580.0 17900.0 44.0 96.0 >
4660.0 17871.0 116.0 100.0 th
4824.0 17871.0 492.0 100.0 referred
5368.0 17888.0 112.0 88.0 lo
5568.0 17871.0 188.0 100.0 the
5840.0 17871.0 436.0 124.0 subject
6320.0 17900.0 128.0 76.0 ns
6492.0 17876.0 424.0 120.0 having

4112.0 18016.0 316.0 76.0 come
4476.0 18012.0 144.0 100.0 up
4668.0 17987.0 376.0 100.0 betore
5048.0 18059.0 28.0 40.0 ,
5128.0 17991.0 220.0 100.0 and
5392.0 17991.0 188.0 100.0 the
5624.0 17991.0 316.0 100.0 chair
5980.0 17991.0 684.0 100.0 announced
6712.0 17991.0 192.0 100.0 the

4112.0 18131.0 308.0 76.0 same
4464.0 18104.0 324.0 116.0 thing
4792.0 18176.0 28.0 44.0 ,
4872.0 18108.0 224.0 96.0 and
5144.0 18104.0 224.0 100.0 this
5452.0 18108.0 408.0 100.0 caused
5964.0 18108.0 204.0 100.0 Mr.
6284.0 18104.0 448.0 108.0 Russell
6776.0 18111.0 124.0 92.0 ot

4116.0 18224.0 408.0 100.0 Colfax
4628.0 18228.0 112.0 96.0 to
4836.0 18220.0 552.0 124.0 ejaculate
5392.0 18296.0 28.0 52.0 ,
5536.0 18220.0 304.0 104.0 "Yes
5848.0 18296.0 24.0 52.0 ,
6020.0 18224.0 192.0 104.0 the
6316.0 18247.0 308.0 80.0 same
6724.0 18224.0 188.0 104.0 old

4112.0 18339.0 560.0 100.0 chestnut.
4684.0 18335.0 68.0 56.0 "

4236.0 18455.0 168.0 100.0 Hr
4408.0 18527.0 28.0 44.0 ,
4488.0 18451.0 400.0 136.0 Smyth
4936.0 18447.0 220.0 104.0 had
5244.0 18451.0 188.0 100.0 the
5536.0 18451.0 272.0 104.0 floor
5912.0 18451.0 228.0 104.0 and
6252.0 18451.0 656.0 124.0 sneenngly

4116.0 18572.0 244.0 100.0 said
4376.0 18591.0 24.0 76.0 :
4544.0 18568.0 308.0 100.0 "ies
4860.0 18640.0 28.0 40.0 ,
4936.0 18572.0 524.0 96.0 chestnut
5588.0 18595.0 64.0 76.0 a
5692.0 18572.0 532.0 96.0 chestnut
6268.0 18568.0 368.0 104.0 which
6688.0 18595.0 224.0 96.0 jon

4120.0 18684.0 324.0 100.0 don't
4488.0 18679.0 228.0 104.0 like
4760.0 18688.0 116.0 96.0 to
4920.0 18679.0 260.0 100.0 take
5244.0 18684.0 472.0 100.0 because
5800.0 18684.0 316.0 100.0 those
6204.0 18684.0 252.0 100.0 who
6564.0 18684.0 360.0 104.0 dliect

4120.0 18824.0 220.0 96.0 you
4388.0 18803.0 280.0 92.0 have
4708.0 18795.0 464.0 100.0 ordered
5220.0 18820.0 220.0 92.0 you
5484.0 18799.0 200.0 100.0 not
5728.0 18807.0 116.0 88.0 to
5884.0 18795.0 264.0 104.0 take
6196.0 18795.0 200.0 108.0 It"

4236.0 18912.0 208.0 104.0 Mr.
4496.0 18908.0 896.0 108.0 Kussell-Well.

4248.0 19032.0 204.0 96.0 Mr.
4504.0 19024.0 400.0 120.0 Smyth
5032.0 19024.0 232.0 104.0 Yes
5272.0 19100.0 24.0 40.0 ,
5348.0 19024.0 228.0 104.0 and
5624.0 19024.0 92.0 104.0 if
5792.0 19048.0 232.0 104.0 you
6100.0 19028.0 220.0 100.0 had
6368.0 19028.0 188.0 104.0 the
6600.0 19032.0 328.0 108.0 spirit

4128.0 19143.0 124.0 100.0 of
4292.0 19172.0 68.0 76.0 a
4404.0 19164.0 256.0 84.0 man
4676.0 19211.0 24.0 44.0 ,
4748.0 19164.0 128.0 88.0 or
4916.0 19139.0 192.0 104.0 the
5196.0 19143.0 536.0 104.0 Instincts
5836.0 19143.0 124.0 100.0 of
6044.0 19172.0 68.0 76.0 a
6232.0 19156.0 644.0 104.0 gentleman
6892.0 19224.0 28.0 44.0 ,

4128.0 19287.0 44.0 92.0 }
4204.0 19283.0 144.0 76.0 on
4392.0 19259.0 376.0 100.0 would
4816.0 19267.0 192.0 92.0 not
5056.0 19279.0 196.0 80.0 use
5292.0 19267.0 272.0 96.0 such
5648.0 19287.0 68.0 76.0 u
5800.0 19259.0 308.0 104.0 word
6196.0 19283.0 148.0 80.0 on
6396.0 19263.0 188.0 100.0 the
6628.0 19263.0 280.0 104.0 iloor

4128.0 19380.0 124.0 96.0 of
4296.0 19380.0 188.0 96.0 the
4532.0 19380.0 392.0 92.0 house.

4252.0 19491.0 200.0 100.0 Mr.
4552.0 19487.0 436.0 104.0 Russell
5076.0 19487.0 264.0 104.0 hero
5424.0 19512.0 312.0 80.0 arose
5824.0 19496.0 224.0 100.0 and
6120.0 19491.0 324.0 104.0 stood
6532.0 19491.0 116.0 104.0 in
6740.0 19496.0 188.0 100.0 the

4132.0 19607.0 276.0 104.0 aisle
4448.0 19607.0 384.0 112.0 facing
4880.0 19603.0 208.0 100.0 Mr.
5140.0 19603.0 396.0 124.0 Smyth
5548.0 19679.0 28.0 40.0 ,
5624.0 19607.0 688.0 104.0 nndscvernl
6368.0 19611.0 544.0 100.0 members

4128.0 19747.0 248.0 80.0 rose
4420.0 19743.0 120.0 80.0 in
4596.0 19720.0 284.0 108.0 tholr
4964.0 19724.0 368.0 124.0 places
5376.0 19747.0 120.0 76.0 as
5544.0 19727.0 92.0 100.0 If
5720.0 19747.0 148.0 80.0 an
5944.0 19724.0 384.0 108.0 attack
6408.0 19751.0 292.0 80.0 wore
6748.0 19727.0 120.0 104.0 in

4132.0 19840.0 464.0 104.0 tended.

4252.0 19955.0 200.0 112.0 Mr.
4508.0 19951.0 400.0 128.0 Snijth
4992.0 19951.0 616.0 108.0 continued
5636.0 19980.0 28.0 80.0 :
5800.0 19955.0 296.0 104.0 "Hut
6168.0 19955.0 84.0 104.0 It
6304.0 19955.0 92.0 104.0 is
6440.0 19959.0 476.0 104.0 became

4132.0 20095.0 452.0 96.0 jouare
4668.0 20095.0 64.0 76.0 a
4812.0 20071.0 476.0 104.0 coward.
5424.0 20071.0 204.0 104.0 I'm
5696.0 20075.0 340.0 112.0 ready
6124.0 20079.0 112.0 92.0 to
6324.0 20087.0 292.0 88.0 meet
6704.0 20099.0 220.0 96.0 you

4132.0 20192.0 360.0 100.0 either
4576.0 20188.0 256.0 104.0 here
4880.0 20215.0 120.0 72.0 or
5040.0 20211.0 148.0 76.0 on
5260.0 20188.0 188.0 100.0 the
5528.0 20192.0 440.0 100.0 outside
5972.0 20267.0 24.0 32.0 ,
6048.0 20192.0 364.0 100.0 either
6496.0 20215.0 260.0 80.0 now
6804.0 20219.0 120.0 76.0 or

4140.0 20308.0 320.0 104.0 when
4516.0 20304.0 224.0 104.0 this
4792.0 20304.0 92.0 100.0 Is
4928.0 20328.0 300.0 80.0 over.
5364.0 20304.0 232.0 108.0 I've
5640.0 20308.0 192.0 128.0 got
5916.0 20308.0 188.0 100.0 the
6148.0 20308.0 300.0 104.0 floor.
6468.0 20304.0 48.0 56.0 "

4256.0 20423.0 200.0 104.0 Mr.
4256.0 20423.0 36.0 100.0 :
4332.0 20423.0 28.0 100.0 :
4556.0 20419.0 476.0 108.0 Randall
5168.0 20419.0 224.0 104.0 Yes
5396.0 20495.0 28.0 44.0 ,
5492.0 20423.0 232.0 104.0 nnd
5812.0 20427.0 96.0 96.0 If
5992.0 20423.0 188.0 104.0 the
6264.0 20423.0 656.0 120.0 gentleman

4136.0 20539.0 200.0 104.0 has
4412.0 20539.0 188.0 104.0 the
4644.0 20539.0 272.0 100.0 floor
4956.0 20539.0 84.0 100.0 It
5088.0 20539.0 372.0 104.0 would
5548.0 20539.0 128.0 104.0 be
5724.0 20535.0 252.0 108.0 well
6068.0 20539.0 176.0 100.0 for
6312.0 20532.0 232.0 112.0 him
6592.0 20547.0 120.0 96.0 to
6756.0 20567.0 168.0 80.0 re-

4140.0 20664.0 288.0 96.0 Irani
4488.0 20664.0 284.0 96.0 from
4820.0 20656.0 812.0 124.0 personalities.

4248.0 20776.0 244.0 104.0 Tiio
4536.0 20780.0 340.0 96.0 storm
4928.0 20776.0 264.0 100.0 then
5244.0 20771.0 284.0 104.0 blew
5576.0 20800.0 292.0 80.0 over.

4356.0 20907.0 584.0 84.0 crilBhNT
5004.0 20912.0 568.0 84.0 KM'KNSn
5640.0 20907.0 1032.0 88.0 AI'I'IIOI'HI.VTION'
6676.0 20963.0 28.0 32.0 .

4252.0 21004.0 248.0 104.0 The
4544.0 21007.0 836.0 140.0 appropiiatlon
5472.0 21011.0 176.0 96.0 for
5692.0 21019.0 456.0 96.0 current
6204.0 21035.0 556.0 88.0 expenses
6808.0 21007.0 116.0 100.0 of

4140.0 21120.0 188.0 100.0 the
4432.0 21128.0 288.0 92.0 state
4848.0 21107.0 172.0 116.0 till
5104.0 21120.0 384.0 104.0 March
5600.0 21128.0 36.0 96.0 1
5656.0 21196.0 24.0 44.0 ,
5816.0 21132.0 236.0 92.0 lbU
6056.0 21200.0 24.0 44.0 ,
6196.0 21128.0 728.0 120.0 nggregailng

4144.0 21235.0 728.0 116.0 81,241,1152.10
4880.0 21307.0 24.0 44.0 ,
4956.0 21260.0 120.0 76.0 ns
5124.0 21235.0 460.0 104.0 ordeied
5648.0 21248.0 608.0 100.0 engiossed
6348.0 21243.0 576.0 120.0 yesterday

4140.0 21359.0 596.0 96.0 afternoon
4788.0 21351.0 140.0 120.0 by
4968.0 21351.0 188.0 100.0 llio
5204.0 21355.0 340.0 100.0 house
5552.0 21427.0 28.0 44.0 ,
5616.0 21355.0 608.0 124.0 comprises
6272.0 21355.0 188.0 104.0 the
6512.0 21359.0 364.0 104.0 follow-

4148.0 21472.0 196.0 100.0 ing
4392.0 21468.0 324.0 104.0 Items
4740.0 21491.0 28.0 80.0 :

4264.0 21579.0 676.0 108.0 Governor's
5044.0 21584.0 312.0 100.0 ofllco
5360.0 21660.0 28.0 36.0 ,
5496.0 21584.0 352.0 116.0 SO.OOO
5872.0 21608.0 28.0 100.0 ;
6012.0 21584.0 528.0 116.0 adjutant
6652.0 21611.0 212.0 92.0 gen

4148.0 21699.0 368.0 104.0 eral's.
4576.0 21695.0 588.0 112.0 including
5248.0 21699.0 584.0 104.0 Ncbiaska
5920.0 21699.0 540.0 108.0 National
6544.0 21703.0 348.0 104.0 gunid
6904.0 21775.0 20.0 44.0 ,

4148.0 21815.0 416.0 104.0 S2eiOO
4384.0 21819.0 32.0 92.0 (
4588.0 21839.0 28.0 84.0 :
4684.0 21823.0 556.0 112.0 secretary
5316.0 21823.0 120.0 92.0 ot
5544.0 21815.0 320.0 104.0 state1
5876.0 21856.0 28.0 64.0 !
5904.0 21843.0 20.0 52.0 "
5932.0 21891.0 28.0 48.0 ,
6016.0 21819.0 352.0 116.0 S1.UM
6392.0 21843.0 28.0 92.0 ;
6492.0 21819.0 432.0 104.0 nudltoi

4148.0 21940.0 116.0 92.0 of
4340.0 21932.0 368.0 124.0 public
4756.0 21944.0 528.0 88.0 accounts
5292.0 22008.0 24.0 44.0 ,
5368.0 21936.0 356.0 108.0 Sl.s'iO
5748.0 21959.0 24.0 108.0 ;
5880.0 21932.0 684.0 112.0 treasurer's.
6612.0 21936.0 256.0 104.0 STW
6892.0 21959.0 28.0 88.0 ;

4152.0 22047.0 940.0 116.0 superintendent
5136.0 22055.0 124.0 92.0 ot
5324.0 22047.0 372.0 116.0 public
5744.0 22035.0 28.0 116.0 (
5792.0 22051.0 1016.0 116.0 nstiuotionSll,0"
6792.0 22087.0 24.0 60.0 >
6820.0 22055.0 60.0 92.0 0
6904.0 22076.0 20.0 92.0 ;

4152.0 22167.0 512.0 112.0 attorney
4712.0 22159.0 552.0 116.0 general's
5264.0 22235.0 28.0 40.0 ,
5384.0 22163.0 352.0 108.0 Si.OOO
5760.0 22192.0 28.0 88.0 ;
5892.0 22167.0 844.0 100.0 commlsslonoi
6796.0 22167.0 120.0 100.0 of

4156.0 22276.0 368.0 120.0 public
4568.0 22276.0 328.0 104.0 lands
4936.0 22280.0 232.0 100.0 nnd
5272.0 22276.0 568.0 112.0 buildings
5852.0 22351.0 24.0 40.0 ,
5928.0 22283.0 356.0 116.0 SJ.SOO
6304.0 22307.0 32.0 88.0 ;
6408.0 22283.0 516.0 100.0 boaidot

4160.0 22396.0 536.0 124.0 purchase
4736.0 22391.0 228.0 104.0 nnd
5028.0 22396.0 492.0 120.0 supplies
5532.0 22472.0 24.0 40.0 ,
5680.0 22400.0 168.0 92.0 500
5872.0 22419.0 28.0 80.0 :
5980.0 22400.0 336.0 100.0 board
6364.0 22400.0 124.0 104.0 of
6552.0 22400.0 372.0 112.0 public

4156.0 22499.0 332.0 112.0 lands
4692.0 22507.0 224.0 104.0 and
5124.0 22507.0 568.0 112.0 buildings
5704.0 22587.0 24.0 36.0 ,
5928.0 22515.0 408.0 112.0 SiO.W
6364.0 22540.0 28.0 92.0 ;
6584.0 22515.0 340.0 100.0 board

4160.0 22627.0 120.0 96.0 ot
4516.0 22619.0 708.0 108.0 educational
5508.0 22627.0 332.0 104.0 lands
6072.0 22627.0 228.0 104.0 and
6556.0 22631.0 348.0 100.0 funds

4156.0 22740.0 412.0 108.0 S35.000
4588.0 22767.0 28.0 100.0 ;
4944.0 22767.0 516.0 100.0 supreme
5796.0 22755.0 308.0 92.0 court
6116.0 22816.0 28.0 52.0 ,
6472.0 22748.0 412.0 112.0 514,100
6904.0 22771.0 20.0 84.0 ;

4156.0 22863.0 288.0 96.0 state
4640.0 22855.0 448.0 112.0 library.
5332.0 22859.0 352.0 104.0 S2fX)0
5600.0 22863.0 24.0 88.0 )
5708.0 22884.0 32.0 96.0 ;
5968.0 22859.0 432.0 104.0 normal
6568.0 22863.0 356.0 100.0 school

4164.0 22979.0 112.0 96.0 at
4332.0 22975.0 280.0 100.0 1'eru
4624.0 23047.0 24.0 48.0 ,
4760.0 22979.0 412.0 108.0 S1MW
5192.0 22999.0 28.0 96.0 ;
5332.0 22975.0 800.0 124.0 penitentiary.
6256.0 22979.0 632.0 120.0 SJOl.-i'J'.i.lS
6912.0 23004.0 8.0 80.0 !

4160.0 23091.0 472.0 100.0 Lincoln
4692.0 23088.0 404.0 108.0 tnsano
5196.0 23095.0 436.0 100.0 asvlutn
5644.0 23167.0 24.0 36.0 ,
5788.0 23095.0 64.0 104.0 S
5872.0 23099.0 196.0 100.0 174.
6084.0 23095.0 176.0 96.0 400
6288.0 23119.0 28.0 84.0 ;
6424.0 23119.0 308.0 80.0 same
6836.0 23123.0 64.0 72.0 a

4160.0 23204.0 480.0 108.0 Norfolk
4652.0 23276.0 24.0 44.0 ,
4792.0 23208.0 408.0 112.0 S75.KOO
5224.0 23235.0 28.0 84.0 ;
5392.0 23212.0 520.0 100.0 institute
6016.0 23216.0 176.0 96.0 for
6296.0 23212.0 188.0 104.0 the
6592.0 23208.0 328.0 104.0 blind

4156.0 23327.0 412.0 116.0 b24,700
4588.0 23344.0 32.0 96.0 ;
4672.0 23323.0 516.0 104.0 Institute
5232.0 23327.0 176.0 96.0 for
5484.0 23327.0 268.0 100.0 deaf
5796.0 23327.0 224.0 104.0 and
6064.0 23327.0 344.0 100.0 dumb
6412.0 23403.0 24.0 40.0 ,
6492.0 23327.0 116.0 108.0 Sp
6596.0 23363.0 28.0 60.0 >
6624.0 23331.0 276.0 116.0 3,250

4160.0 23443.0 412.0 100.0 reform
4620.0 23439.0 372.0 100.0 school
5004.0 23511.0 24.0 36.0 ,
5080.0 23443.0 408.0 120.0 Sb5,040
5512.0 23463.0 28.0 92.0 ;
5592.0 23443.0 328.0 100.0 home
6024.0 23439.0 336.0 104.0 forth
6368.0 23467.0 68.0 80.0 *
6540.0 23439.0 376.0 104.0 friend-

4160.0 23556.0 216.0 100.0 less
4380.0 23631.0 24.0 36.0 ,
4464.0 23556.0 184.0 100.0 S24
4696.0 23560.0 176.0 88.0 Mn
4908.0 23560.0 124.0 88.0 30
5052.0 23579.0 32.0 88.0 ;
5136.0 23556.0 512.0 104.0 Institute
5736.0 23563.0 172.0 92.0 for
5992.0 23560.0 360.0 100.0 feeble
6456.0 23560.0 456.0 100.0 minded

4160.0 23676.0 396.0 104.0 S'iO.454
4604.0 23671.0 52.0 92.0 r
4744.0 23696.0 32.0 88.0 ;
4884.0 23671.0 284.0 100.0 sinte
5332.0 23671.0 628.0 120.0 university
5968.0 23744.0 28.0 40.0 ,
6132.0 23676.0 68.0 104.0 (
6220.0 23676.0 388.0 108.0 IM.OOO
6628.0 23699.0 32.0 96.0 ;
6752.0 23676.0 164.0 100.0 tlsl

4156.0 23787.0 720.0 104.0 commission
4892.0 23859.0 24.0 40.0 ,
4972.0 23787.0 412.0 104.0 S10.100
5404.0 23812.0 32.0 96.0 ;
5484.0 23787.0 216.0 104.0 live
5748.0 23787.0 320.0 104.0 stock
6116.0 23795.0 508.0 96.0 sanitarv
6672.0 23816.0 244.0 76.0 com-

4156.0 23903.0 468.0 108.0 mission
4640.0 23975.0 24.0 44.0 ,
4816.0 23903.0 420.0 108.0 S2-1.000
5252.0 23927.0 32.0 92.0 ;
5516.0 23903.0 484.0 104.0 railroad
6188.0 23907.0 720.0 104.0 commission

4168.0 24024.0 356.0 112.0 S5HQ
4548.0 24047.0 28.0 96.0 ;
4628.0 24020.0 860.0 108.0 miscellaneous
5496.0 24092.0 28.0 52.0 ,
5576.0 24024.0 436.0 112.0 S2UV3.V
6012.0 24024.0 40.0 96.0 )
6052.0 24092.0 28.0 36.0 .

4832.0 24235.0 496.0 96.0 Senate
5376.0 24232.0 936.0 116.0 Proceedings.

4276.0 24387.0 596.0 96.0 LINCOLN.
4924.0 24371.0 276.0 108.0 Neb.
5216.0 24443.0 24.0 52.0 ,
5316.0 24368.0 380.0 108.0 March
5796.0 24371.0 140.0 104.0 10.
6084.0 24375.0 24.0 108.0 |
6132.0 24368.0 444.0 128.0 Special
6644.0 24368.0 272.0 108.0 Tele-

4152.0 24547.0 316.0 96.0 gram
4544.0 24519.0 112.0 104.0 to
4728.0 24515.0 188.0 104.0 the
5008.0 24515.0 140.0 104.0 Hi
5156.0 24539.0 24.0 76.0 :
5200.0 24515.0 156.0 120.0 E.I
5488.0 24511.0 244.0 104.0 The
5840.0 24511.0 192.0 104.0 bill
6148.0 24511.0 516.0 124.0 defining
6772.0 24511.0 148.0 104.0 tin

4156.0 24659.0 672.0 108.0 boundaries
4876.0 24663.0 124.0 100.0 of
5048.0 24659.0 428.0 104.0 Arthur
5516.0 24663.0 420.0 112.0 county
5948.0 24731.0 28.0 44.0 ,
6064.0 24655.0 404.0 108.0 carved
6556.0 24655.0 192.0 104.0 out
6840.0 24683.0 64.0 72.0 o

4156.0 24803.0 188.0 104.0 the
4444.0 24799.0 772.0 128.0 unorganized
5356.0 24799.0 520.0 124.0 territory
5956.0 24799.0 324.0 124.0 Ijliig
6388.0 24803.0 340.0 100.0 north
6836.0 24824.0 64.0 80.0 o

4160.0 24939.0 340.0 108.0 Keith
4548.0 24947.0 228.0 104.0 and
4860.0 24947.0 240.0 100.0 east
5184.0 24939.0 124.0 104.0 ot
5396.0 24943.0 616.0 112.0 Cheyenne
6100.0 24939.0 520.0 108.0 counties
6716.0 24964.0 204.0 84.0 was

4160.0 25092.0 400.0 116.0 passed
4604.0 25083.0 144.0 128.0 by
4792.0 25087.0 192.0 104.0 the
5024.0 25096.0 424.0 96.0 senate.
5576.0 25083.0 248.0 104.0 The
5892.0 25083.0 192.0 104.0 bill
6168.0 25083.0 516.0 124.0 defining
6768.0 25083.0 152.0 104.0 tin

4164.0 25232.0 672.0 104.0 boundaries
4880.0 25232.0 124.0 104.0 of
5048.0 25232.0 688.0 104.0 Md'tierson
5784.0 25232.0 424.0 116.0 county
6208.0 25300.0 32.0 44.0 ,
6312.0 25228.0 324.0 120.0 lying
6720.0 25251.0 192.0 80.0 eas

4160.0 25372.0 124.0 100.0 of
4332.0 25372.0 428.0 108.0 Aithur
4800.0 25383.0 424.0 112.0 county
5272.0 25399.0 228.0 80.0 was
5548.0 25368.0 448.0 128.0 passed.
6168.0 25368.0 248.0 104.0 The
6484.0 25368.0 260.0 104.0 bills
6784.0 25368.0 136.0 104.0 defining

4168.0 25512.0 360.0 120.0 fining
4572.0 25512.0 188.0 104.0 the
4804.0 25515.0 672.0 104.0 boundaries
5540.0 25515.0 132.0 104.0 of
5752.0 25515.0 360.0 104.0 Grant
6116.0 25587.0 24.0 52.0 ,
6204.0 25508.0 464.0 108.0 Hooker
6732.0 25535.0 188.0 76.0 ttui

4172.0 25651.0 744.0 116.0 Washington
4968.0 25659.0 512.0 104.0 counties
5532.0 25683.0 288.0 80.0 were
5868.0 25655.0 440.0 128.0 passed.

4280.0 25795.0 192.0 104.0 An
4544.0 25803.0 472.0 116.0 attempt
5100.0 25823.0 232.0 80.0 was
5424.0 25799.0 320.0 108.0 made
5836.0 25803.0 116.0 100.0 to
6040.0 25795.0 460.0 108.0 throttle
6576.0 25799.0 344.0 100.0 senat

4168.0 25935.0 184.0 104.0 tile
4392.0 25939.0 120.0 96.0 49
4512.0 26011.0 28.0 48.0 ,
4596.0 25935.0 360.0 108.0 which
5004.0 25939.0 200.0 104.0 Mr.
5264.0 25939.0 696.0 132.0 Meiklejohn
6012.0 25939.0 668.0 108.0 introduced
6732.0 25963.0 188.0 80.0 am

4168.0 26079.0 608.0 108.0 advocated
4820.0 26104.0 128.0 80.0 go
4992.0 26087.0 752.0 116.0 strenuously.
5872.0 26083.0 244.0 104.0 Tne
6196.0 26083.0 192.0 108.0 bill
6436.0 26108.0 320.0 80.0 came
6808.0 26108.0 64.0 80.0 u
6888.0 26108.0 28.0 100.0 ]

4168.0 26248.0 148.0 80.0 on
4364.0 26215.0 300.0 112.0 tnlrd
4712.0 26219.0 464.0 112.0 reading
5220.0 26227.0 224.0 104.0 nnd
5520.0 26255.0 68.0 76.0 a
5636.0 26227.0 428.0 104.0 motion
6160.0 26227.0 116.0 104.0 to
6368.0 26223.0 528.0 108.0 recomml

4168.0 26371.0 120.0 96.0 to
4324.0 26359.0 640.0 108.0 committee
5012.0 26363.0 120.0 104.0 of
5180.0 26367.0 188.0 100.0 the
5420.0 26367.0 376.0 108.0 whole
5844.0 26363.0 440.0 128.0 opened
6376.0 26391.0 152.0 104.0 up
6572.0 26363.0 332.0 108.0 dcbat

4168.0 26531.0 152.0 80.0 on
4384.0 26503.0 192.0 108.0 the
4664.0 26503.0 380.0 104.0 merits
5120.0 26503.0 128.0 104.0 ot
5328.0 26503.0 192.0 108.0 the
5600.0 26508.0 196.0 104.0 bill
5808.0 26584.0 28.0 52.0 ,
5944.0 26508.0 376.0 108.0 which
6428.0 26512.0 488.0 128.0 occuplei

4168.0 26675.0 268.0 80.0 over
4476.0 26671.0 144.0 84.0 an
4676.0 26652.0 312.0 100.0 hour.
5116.0 26648.0 248.0 104.0 The
5428.0 26648.0 544.0 124.0 lobbyists
5976.0 26727.0 28.0 52.0 ,
6060.0 26652.0 528.0 108.0 however
6592.0 26727.0 24.0 48.0 ,
6676.0 26675.0 240.0 80.0 wen

4168.0 26784.0 464.0 112.0 snowed
4680.0 26788.0 360.0 104.0 under
5080.0 26788.0 224.0 108.0 and
5352.0 26788.0 188.0 108.0 the
5588.0 26788.0 188.0 108.0 bill
5868.0 26819.0 236.0 80.0 was
6196.0 26795.0 420.0 124.0 passed
6704.0 26795.0 192.0 104.0 wit

4172.0 26959.0 72.0 76.0 a
4284.0 26927.0 288.0 120.0 good
4620.0 26931.0 560.0 124.0 majority.
5300.0 26927.0 248.0 108.0 The
5592.0 26935.0 252.0 104.0 vote
5892.0 26955.0 304.0 92.0 upon
6236.0 26935.0 192.0 104.0 the
6476.0 26931.0 216.0 108.0 bill
6736.0 26959.0 180.0 80.0 wa

4176.0 27075.0 124.0 76.0 as
4348.0 27048.0 444.0 108.0 follows
4816.0 27071.0 36.0 96.0 ;

4312.0 27163.0 816.0 108.0 Yeas-Brown
5148.0 27243.0 24.0 48.0 ,
5324.0 27163.0 500.0 116.0 Calkins.
5980.0 27167.0 452.0 132.0 Casper.
6580.0 27167.0 336.0 104.0 Dura1

4184.0 27275.0 376.0 112.0 Fuller
4556.0 27355.0 28.0 48.0 ,
4648.0 27279.0 488.0 128.0 HlgKius
5176.0 27283.0 124.0 104.0 of
5360.0 27287.0 276.0 100.0 Cass
5640.0 27363.0 28.0 36.0 ,
5732.0 27279.0 488.0 116.0 Hlggins
6288.0 27287.0 124.0 104.0 of
6536.0 27287.0 380.0 104.0 Colfan

4192.0 27396.0 452.0 104.0 Holmes
4648.0 27475.0 28.0 40.0 ,
4744.0 27399.0 492.0 104.0 Kecklev
5236.0 27471.0 32.0 44.0 ,
5328.0 27399.0 288.0 108.0 Llnd
5688.0 27427.0 140.0 80.0 av
5832.0 27475.0 28.0 44.0 ,
5932.0 27403.0 584.0 116.0 Lininger.
6632.0 27403.0 284.0 100.0 Lnn
6736.0 27403.0 24.0 120.0 |

4184.0 27511.0 640.0 108.0 McNannr.
4876.0 27515.0 688.0 124.0 Meiklejohn
5580.0 27592.0 24.0 48.0 ,
5676.0 27520.0 540.0 120.0 Robbing
6328.0 27507.0 584.0 116.0 Sohmlnki

4180.0 27631.0 480.0 108.0 Hhervln
4676.0 27703.0 24.0 52.0 ,
4752.0 27623.0 308.0 112.0 Snull
5072.0 27703.0 28.0 56.0 ,
5168.0 27631.0 400.0 128.0 Sprlck
5576.0 27707.0 28.0 52.0 ,
5716.0 27635.0 500.0 120.0 Sterling
6224.0 27703.0 28.0 56.0 ,
6356.0 27631.0 560.0 108.0 Tzsclmcl

4184.0 27743.0 448.0 116.0 Wriiiht
4748.0 27759.0 24.0 36.0 '
4784.0 27751.0 88.0 52.0 "

4304.0 27868.0 308.0 120.0 .Nays
4748.0 27864.0 624.0 108.0 Uonested.
5424.0 27864.0 576.0 112.0 Burubatu
6008.0 27939.0 28.0 52.0 ,
6092.0 27871.0 440.0 124.0 Conger
6532.0 27939.0 32.0 56.0 ,
6636.0 27864.0 280.0 112.0 Keul

4192.0 27979.0 368.0 108.0 Moore
4564.0 28055.0 28.0 52.0 ,
4644.0 27979.0 920.0 116.0 \audemafk-G
5564.0 28051.0 28.0 44.0 ,

7092.0 2656.0 112.0 100.0 A
7252.0 2680.0 360.0 80.0 recess
7660.0 2680.0 228.0 80.0 was
7936.0 2656.0 272.0 108.0 then
8260.0 2656.0 344.0 108.0 taken
8652.0 2656.0 296.0 108.0 until
8996.0 2664.0 60.0 92.0 2
9100.0 2652.0 456.0 112.0 o'clock.

7684.0 2792.0 768.0 88.0 AFIHII.NOO.V
8568.0 2796.0 520.0 88.0 BF.bSlO.V.

7104.0 2884.0 160.0 104.0 At
7304.0 2892.0 60.0 96.0 2
7404.0 2880.0 424.0 116.0 o'clock
7880.0 2892.0 188.0 104.0 the
8112.0 2900.0 392.0 96.0 senate
8616.0 2892.0 512.0 104.0 icsumed
9220.0 2888.0 188.0 108.0 the
9480.0 2892.0 324.0 104.0 order

6984.0 3004.0 124.0 100.0 of
7156.0 3004.0 252.0 100.0 bills
7452.0 3032.0 144.0 76.0 on
7652.0 3008.0 300.0 100.0 third
8004.0 2992.0 472.0 136.0 reading
8512.0 2992.0 224.0 120.0 and
8828.0 3008.0 396.0 124.0 passed
9320.0 3008.0 188.0 104.0 the
9596.0 3008.0 200.0 104.0 bill

6984.0 3120.0 600.0 124.0 providing
7632.0 3124.0 524.0 104.0 bounties
8208.0 3128.0 180.0 100.0 for
8432.0 3124.0 188.0 104.0 Ihe
8684.0 3124.0 368.0 120.0 scalps
9156.0 3124.0 124.0 100.0 of
9364.0 3124.0 432.0 104.0 certain

6988.0 3236.0 264.0 104.0 wild
7304.0 3236.0 480.0 104.0 animals
7812.0 3260.0 28.0 92.0 ;
7908.0 3244.0 240.0 100.0 also
8192.0 3244.0 188.0 100.0 the
8428.0 3240.0 188.0 104.0 bill
8672.0 3240.0 488.0 124.0 relating
9212.0 3244.0 112.0 100.0 to
9372.0 3240.0 380.0 128.0 assign-

6992.0 3356.0 308.0 100.0 ment
7348.0 3356.0 120.0 96.0 of
7512.0 3368.0 524.0 108.0 property
8088.0 3360.0 176.0 100.0 for
8308.0 3356.0 544.0 108.0 taxation.

7104.0 3468.0 244.0 104.0 The
7392.0 3476.0 392.0 100.0 senate
7872.0 3480.0 304.0 96.0 wont
8288.0 3472.0 240.0 108.0 Into
8632.0 3468.0 640.0 112.0 commltteo
9380.0 3472.0 124.0 108.0 of
9612.0 3472.0 192.0 104.0 the

6992.0 3584.0 368.0 104.0 whole
7400.0 3588.0 228.0 104.0 and
7696.0 3592.0 860.0 104.0 recommended
8604.0 3592.0 188.0 100.0 the
8864.0 3616.0 464.0 88.0 passage
9404.0 3592.0 124.0 100.0 of
9616.0 3596.0 188.0 96.0 the

6992.0 3700.0 196.0 104.0 bill
7240.0 3708.0 176.0 96.0 for
7516.0 3704.0 668.0 132.0 oiganklng
8244.0 3716.0 748.0 116.0 government
9076.0 3712.0 124.0 100.0 of
9284.0 3704.0 324.0 112.0 cities
9684.0 3708.0 124.0 104.0 of

6996.0 3820.0 188.0 100.0 the
7228.0 3824.0 412.0 100.0 second
7688.0 3824.0 316.0 104.0 class.

7112.0 3932.0 240.0 108.0 The
7400.0 3936.0 192.0 104.0 bill
7636.0 3944.0 512.0 120.0 creating
8196.0 3936.0 188.0 112.0 the
8444.0 3940.0 312.0 108.0 odlco
8804.0 3944.0 120.0 100.0 of
9012.0 3936.0 616.0 112.0 abstinctor
9672.0 3940.0 124.0 104.0 ot

6996.0 4044.0 248.0 108.0 tttlo
7308.0 4056.0 228.0 100.0 and
7632.0 4060.0 112.0 96.0 to
7824.0 4056.0 368.0 108.0 deilno
8280.0 4068.0 188.0 96.0 the
8556.0 4088.0 432.0 96.0 powers
9076.0 4072.0 232.0 96.0 and
9416.0 4056.0 376.0 112.0 duties

7000.0 4164.0 428.0 108.0 thereof
7484.0 4192.0 228.0 84.0 vv.as
7764.0 4168.0 380.0 112.0 killed.

7116.0 4284.0 240.0 104.0 The
7424.0 4284.0 192.0 104.0 bill
7660.0 4284.0 512.0 112.0 dollninc
8216.0 4292.0 188.0 104.0 the
8452.0 4288.0 676.0 112.0 boundaries
9176.0 4292.0 120.0 108.0 of
9380.0 4292.0 420.0 108.0 Thurs-

7000.0 4404.0 196.0 100.0 ton
7244.0 4412.0 420.0 116.0 county
7712.0 4432.0 232.0 76.0 was
7992.0 4400.0 384.0 116.0 killed.

7124.0 4516.0 200.0 108.0 Mr.
7384.0 4516.0 592.0 128.0 Sterling's
8044.0 4528.0 196.0 100.0 bill
8308.0 4524.0 596.0 124.0 providing
8980.0 4528.0 172.0 104.0 for
9244.0 4528.0 188.0 108.0 the
9516.0 4552.0 216.0 100.0 pay-

7004.0 4644.0 312.0 92.0 ment
7360.0 4640.0 120.0 100.0 of
7524.0 4636.0 360.0 108.0 bonds
7928.0 4660.0 196.0 84.0 out
8212.0 4632.0 120.0 112.0 of
8400.0 4648.0 188.0 100.0 the
8672.0 4632.0 476.0 132.0 sinking
9236.0 4644.0 288.0 104.0 fund
9620.0 4652.0 176.0 96.0 for

7008.0 4752.0 484.0 104.0 Internal
7556.0 4756.0 820.0 120.0 Impiovcinetit
8444.0 4787.0 228.0 80.0 was
8740.0 4764.0 864.0 104.0 recommended
9688.0 4768.0 116.0 96.0 to

7008.0 4892.0 308.0 100.0 pass.

7120.0 4984.0 240.0 100.0 The
7404.0 4984.0 188.0 104.0 bill
7648.0 4988.0 464.0 112.0 making
8156.0 4988.0 520.0 124.0 personal
8728.0 4992.0 320.0 104.0 taxes
9120.0 4992.0 676.0 128.0 delinquent

7008.0 5096.0 184.0 104.0 the
7248.0 5108.0 152.0 96.0 1st
7444.0 5123.0 224.0 96.0 nay
7708.0 5112.0 124.0 92.0 of
7876.0 5108.0 264.0 120.0 May
8188.0 5132.0 232.0 80.0 was
8468.0 5112.0 856.0 104.0 recommended
9352.0 5120.0 116.0 92.0 to
9504.0 5136.0 296.0 80.0 p.ass.

7132.0 5212.0 380.0 108.0 House
7616.0 5220.0 196.0 104.0 bill
7928.0 5228.0 168.0 92.0 110
8104.0 5296.0 24.0 40.0 ,
8236.0 5232.0 120.0 96.0 to
8476.0 5228.0 564.0 104.0 maintain
9144.0 5228.0 232.0 104.0 nnd
9488.0 5224.0 316.0 104.0 build

7008.0 5327.0 444.0 116.0 bridges
7516.0 5336.0 620.0 120.0 exceeding
8212.0 5348.0 184.0 92.0 WO
8496.0 5352.0 232.0 96.0 loot
8828.0 5348.0 144.0 112.0 by
9076.0 5344.0 192.0 104.0 the
9376.0 5352.0 428.0 112.0 county

7004.0 5452.0 340.0 100.0 board
7360.0 5520.0 24.0 52.0 ,
7440.0 5476.0 232.0 76.0 was
7712.0 5456.0 856.0 108.0 recommended
8616.0 5464.0 112.0 96.0 to
8776.0 5484.0 308.0 108.0 pass.

7128.0 5568.0 288.0 100.0 Bills
7464.0 5572.0 172.0 96.0 for
7680.0 5572.0 432.0 104.0 normal
8196.0 5576.0 380.0 104.0 school
8644.0 5576.0 572.0 120.0 buildings
9304.0 5588.0 120.0 92.0 at
9504.0 5572.0 304.0 108.0 Fair-

7008.0 5680.0 284.0 124.0 bury
7296.0 5756.0 28.0 48.0 ,
7416.0 5684.0 220.0 104.0 Ord
7652.0 5756.0 24.0 52.0 ,
7780.0 5684.0 464.0 120.0 Wayne.
8348.0 5692.0 316.0 100.0 Plum
8736.0 5692.0 352.0 104.0 Creek
9092.0 5764.0 32.0 44.0 ,
9212.0 5692.0 556.0 104.0 Franklin
9784.0 5764.0 28.0 44.0 ,

7020.0 5799.0 312.0 120.0 Loup
7380.0 5799.0 252.0 116.0 City
7676.0 5804.0 228.0 104.0 nnd
7956.0 5808.0 528.0 104.0 Fremont
8492.0 5884.0 28.0 48.0 ,
8572.0 5836.0 288.0 80.0 were
8940.0 5812.0 872.0 104.0 recommended

7016.0 5928.0 116.0 92.0 lo
7180.0 5944.0 292.0 80.0 pass.

7128.0 6032.0 244.0 104.0 The
7452.0 6032.0 196.0 108.0 bill
7736.0 6040.0 656.0 128.0 excmpllnz
8480.0 6040.0 504.0 108.0 disabled
9076.0 6056.0 516.0 92.0 veterans
9684.0 6040.0 128.0 104.0 ot

7016.0 6148.0 188.0 104.0 the
7252.0 6152.0 216.0 104.0 Into
7520.0 6180.0 208.0 76.0 wni
7792.0 6160.0 284.0 100.0 from
8124.0 6164.0 424.0 120.0 paying
8600.0 6160.0 228.0 112.0 poll
8872.0 6172.0 196.0 92.0 tax
9116.0 6188.0 228.0 80.0 was
9392.0 6184.0 368.0 84.0 recom-

7016.0 6267.0 480.0 104.0 mended
7548.0 6284.0 116.0 84.0 to
7708.0 6296.0 296.0 100.0 pass.

7132.0 6384.0 244.0 100.0 The
7464.0 6388.0 188.0 100.0 bill
7740.0 6388.0 652.0 124.0 exempting
8456.0 6392.0 476.0 124.0 pension
9028.0 6416.0 420.0 100.0 money
9524.0 6392.0 296.0 104.0 from

7016.0 6500.0 692.0 108.0 attachment
7756.0 6528.0 224.0 80.0 wns
8028.0 6508.0 856.0 104.0 iccommcnded
8940.0 6512.0 112.0 96.0 to
9100.0 6536.0 296.0 88.0 pass.

7132.0 6616.0 244.0 104.0 The
7424.0 6620.0 188.0 100.0 bill
7664.0 6624.0 708.0 116.0 authoring
8436.0 6632.0 420.0 112.0 county
8896.0 6620.0 928.0 108.0 commissioners

7016.0 6728.0 116.0 100.0 to
7220.0 6732.0 448.0 104.0 furnish
7756.0 6736.0 348.0 104.0 books
8176.0 6739.0 224.0 104.0 and
8488.0 6739.0 628.0 124.0 stationery
9180.0 6752.0 120.0 96.0 to
9388.0 6748.0 428.0 116.0 county

7016.0 6848.0 580.0 104.0 nttornevs
7644.0 6875.0 228.0 80.0 was
7924.0 6856.0 376.0 104.0 killed.

7132.0 6960.0 244.0 108.0 The
7424.0 6964.0 192.0 104.0 bill
7704.0 6968.0 468.0 124.0 making
8256.0 6972.0 404.0 124.0 pocket
8740.0 6968.0 472.0 128.0 picking
9260.0 7000.0 64.0 76.0 a
9372.0 6972.0 396.0 116.0 felony
9772.0 7040.0 32.0 52.0 ,

7024.0 7075.0 268.0 104.0 with
7344.0 7079.0 456.0 124.0 penalty
7848.0 7088.0 124.0 96.0 of
8056.0 7092.0 204.0 96.0 not
8304.0 7092.0 216.0 100.0 less
8568.0 7092.0 272.0 100.0 than
8892.0 7116.0 216.0 76.0 ono
9196.0 7116.0 48.0 96.0 j
9276.0 7088.0 292.0 108.0 car's
9628.0 7092.0 152.0 100.0 Im-

7020.0 7200.0 700.0 108.0 prisonment
7732.0 7272.0 20.0 44.0 ,
7808.0 7224.0 232.0 80.0 was
8088.0 7208.0 856.0 100.0 lecommonded
9000.0 7220.0 116.0 88.0 to
9164.0 7232.0 296.0 96.0 pass.

7132.0 7312.0 248.0 104.0 The
7480.0 7316.0 644.0 108.0 committee
8184.0 7347.0 316.0 80.0 arose
8588.0 7324.0 228.0 104.0 and
8884.0 7328.0 188.0 100.0 the
9136.0 7332.0 396.0 96.0 senate
9644.0 7320.0 144.0 108.0 ad

7020.0 7420.0 516.0 128.0 journed.

7720.0 7652.0 676.0 100.0 Teachers
8468.0 7660.0 704.0 112.0 Organize.

7144.0 7784.0 432.0 104.0 DAVID
7624.0 7784.0 312.0 108.0 CITV
7940.0 7864.0 28.0 40.0 ,
8060.0 7792.0 384.0 104.0 March
8532.0 7796.0 96.0 100.0 8.
8780.0 7792.0 36.0 128.0 [
8828.0 7792.0 996.0 128.0 Correspondence

7024.0 7928.0 120.0 96.0 of
7184.0 7928.0 184.0 100.0 llio
7420.0 7924.0 344.0 128.0 Bei.J
7652.0 7951.0 24.0 80.0 :
7904.0 7932.0 244.0 104.0 The
8256.0 7932.0 500.0 108.0 tcacheia
8864.0 7936.0 124.0 100.0 of
9088.0 7936.0 432.0 104.0 central
9616.0 7936.0 172.0 108.0 Ne-

7028.0 8068.0 404.0 104.0 braska
7480.0 8072.0 376.0 108.0 metln
7928.0 8076.0 684.0 104.0 couvenllon
8688.0 8084.0 116.0 100.0 at
8892.0 8076.0 368.0 104.0 David
9352.0 8080.0 256.0 128.0 City
9676.0 8084.0 116.0 100.0 to-

7028.0 8208.0 220.0 124.0 day
7252.0 8284.0 28.0 40.0 ,
7388.0 8219.0 116.0 96.0 to
7604.0 8227.0 528.0 104.0 organize
8264.0 8223.0 188.0 100.0 the
8620.0 8219.0 456.0 104.0 Central
9240.0 8219.0 596.0 108.0 Nebraska

7032.0 8352.0 588.0 108.0 Teachers'
7672.0 8355.0 712.0 108.0 association.
8556.0 8359.0 384.0 108.0 About
9024.0 8392.0 216.0 76.0 one
9312.0 8364.0 520.0 108.0 hundred

7032.0 8495.0 500.0 104.0 teachers
7584.0 8500.0 284.0 104.0 from
7920.0 8500.0 188.0 108.0 the
8196.0 8504.0 276.0 104.0 nine
8556.0 8504.0 512.0 104.0 counties
9136.0 8504.0 528.0 108.0 Included
9716.0 8508.0 116.0 104.0 In

7032.0 8636.0 192.0 104.0 the
7264.0 8640.0 444.0 108.0 district
7756.0 8668.0 288.0 80.0 were
8152.0 8648.0 484.0 124.0 present.
8828.0 8644.0 244.0 108.0 The
9160.0 8648.0 672.0 104.0 association

7040.0 8808.0 228.0 76.0 was
7432.0 8784.0 356.0 108.0 called
7952.0 8792.0 116.0 96.0 to
8232.0 8788.0 332.0 104.0 order
8644.0 8788.0 144.0 124.0 by
8864.0 8788.0 976.0 128.0 Superintendent

7044.0 8924.0 412.0 120.0 Coolcy
7500.0 8928.0 120.0 100.0 of
7668.0 8924.0 396.0 108.0 Butler
8064.0 9004.0 28.0 48.0 ,
8164.0 8928.0 228.0 104.0 nnd
8504.0 8928.0 612.0 128.0 proceeded
9204.0 8936.0 116.0 104.0 at
9400.0 8959.0 284.0 80.0 once
9728.0 8940.0 116.0 96.0 to

7040.0 9068.0 188.0 100.0 the
7276.0 9076.0 664.0 116.0 permanent
8020.0 9072.0 816.0 116.0 organl/atlon.
9012.0 9092.0 124.0 88.0 u
9236.0 9076.0 560.0 108.0 D.David

7032.0 9235.0 204.0 76.0 son
7252.0 9284.0 24.0 40.0 ,
7332.0 9212.0 124.0 100.0 of
7492.0 9212.0 720.0 128.0 Stromsburg
8216.0 9288.0 24.0 48.0 ,
8296.0 9244.0 232.0 76.0 was
8572.0 9220.0 804.0 120.0 unanimously
9424.0 9220.0 416.0 108.0 chosen

7036.0 9352.0 576.0 124.0 president
7656.0 9352.0 228.0 108.0 and
7936.0 9356.0 168.0 108.0 W.
8196.0 9360.0 108.0 104.0 J.
8392.0 9356.0 308.0 108.0 Wire
8708.0 9435.0 24.0 40.0 ,
8784.0 9363.0 124.0 96.0 of
8952.0 9363.0 452.0 104.0 Seward
9420.0 9435.0 24.0 48.0 ,
9500.0 9388.0 312.0 80.0 secre

7036.0 9488.0 276.0 84.0 tary.
7448.0 9472.0 600.0 104.0 President
8104.0 9476.0 572.0 104.0 Davidson
8756.0 9480.0 508.0 104.0 thanked
9316.0 9484.0 184.0 96.0 the
9544.0 9507.0 260.0 76.0 asso-

7036.0 9588.0 416.0 100.0 ciation
7508.0 9592.0 176.0 100.0 for
7728.0 9588.0 188.0 104.0 the
7964.0 9596.0 364.0 100.0 honor
8356.0 9596.0 596.0 100.0 conferred
8992.0 9620.0 292.0 116.0 upon
9332.0 9596.0 232.0 104.0 him
9612.0 9596.0 228.0 104.0 and

7040.0 9703.0 616.0 120.0 pioceeded
7704.0 9724.0 112.0 84.0 at
7864.0 9732.0 276.0 80.0 once
8188.0 9711.0 116.0 96.0 to
8388.0 9711.0 292.0 100.0 state
8732.0 9711.0 288.0 120.0 fully
9064.0 9711.0 192.0 104.0 the
9300.0 9711.0 376.0 120.0 object
9720.0 9716.0 124.0 96.0 of

7040.0 9816.0 188.0 104.0 the
7272.0 9824.0 724.0 104.0 association.
8136.0 9824.0 240.0 104.0 Thn
8448.0 9852.0 700.0 96.0 programme
9200.0 9852.0 244.0 96.0 prcv
9480.0 9832.0 368.0 116.0 lously

7040.0 9936.0 540.0 124.0 prepared
7636.0 9960.0 228.0 80.0 was
7904.0 9944.0 432.0 100.0 carried
8424.0 9948.0 196.0 96.0 out
8704.0 9948.0 228.0 96.0 and
8980.0 9944.0 480.0 120.0 brought
9508.0 9948.0 336.0 100.0 about

7040.0 10080.0 68.0 72.0 n
7148.0 10056.0 252.0 100.0 deal
7444.0 10060.0 120.0 92.0 of
7608.0 10052.0 340.0 124.0 lively
8016.0 10056.0 668.0 108.0 discussion.
8852.0 10060.0 248.0 104.0 The
9192.0 10068.0 276.0 96.0 next
9516.0 10068.0 288.0 96.0 meetIng
9812.0 10111.0 36.0 24.0 -

7048.0 10168.0 196.0 116.0 Ing
7324.0 10171.0 92.0 96.0 is
7496.0 10179.0 116.0 88.0 to
7704.0 10171.0 132.0 100.0 bo
7952.0 10171.0 256.0 104.0 held
8280.0 10179.0 112.0 96.0 at
8440.0 10175.0 232.0 100.0 Sew
8700.0 10175.0 200.0 104.0 ard
8948.0 10175.0 268.0 124.0 May
9268.0 10183.0 104.0 92.0 ii
9316.0 10188.0 20.0 80.0 :
9416.0 10179.0 232.0 100.0 and
9700.0 10183.0 140.0 96.0 14.

7048.0 10284.0 296.0 100.0 Over
7388.0 10284.0 308.0 104.0 three
7744.0 10288.0 532.0 100.0 hundaed
8324.0 10288.0 500.0 104.0 teachers
8912.0 10320.0 184.0 76.0 are
9148.0 10292.0 536.0 120.0 expected
9736.0 10300.0 116.0 96.0 to

7040.0 10400.0 432.0 104.0 attend.
7604.0 10396.0 592.0 108.0 Nebraska
8232.0 10404.0 196.0 104.0 has
8480.0 10428.0 148.0 80.0 no
8672.0 10412.0 288.0 100.0 need
9008.0 10420.0 112.0 92.0 to
9160.0 10424.0 128.0 88.0 DC
9316.0 10412.0 536.0 100.0 ashamed

7044.0 10515.0 124.0 100.0 of
7208.0 10524.0 200.0 96.0 her
7448.0 10511.0 616.0 112.0 educators.

7384.0 10756.0 272.0 96.0 The
7728.0 10760.0 404.0 100.0 Cldnr
8204.0 10764.0 304.0 96.0 Was
8584.0 10768.0 944.0 120.0 Intoxicating.

7160.0 10892.0 504.0 104.0 SUTTOX
7668.0 10968.0 24.0 52.0 ,
7784.0 10896.0 276.0 104.0 Neb.
8076.0 10972.0 28.0 44.0 ,
8200.0 10900.0 384.0 104.0 March
8676.0 10908.0 144.0 96.0 10.
8972.0 10908.0 20.0 112.0 (
9016.0 10908.0 444.0 116.0 special
9552.0 10908.0 272.0 104.0 Tele-

7044.0 11064.0 308.0 92.0 gram
7468.0 11051.0 112.0 92.0 lo
7676.0 11040.0 192.0 104.0 the
7952.0 11044.0 220.0 100.0 BI.I
8184.0 11068.0 28.0 76.0 :
8224.0 11115.0 24.0 32.0 .
8276.0 11040.0 24.0 124.0 )
8444.0 11044.0 240.0 104.0 'ihe
8772.0 11047.0 260.0 100.0 trial
9120.0 11047.0 120.0 100.0 of
9352.0 11044.0 512.0 108.0 William

7052.0 11179.0 312.0 124.0 Ryan
7384.0 11251.0 24.0 48.0 ,
7460.0 11208.0 64.0 76.0 a
7624.0 11183.0 816.0 128.0 saloonkeeper
8444.0 11259.0 24.0 44.0 ,
8568.0 11191.0 180.0 100.0 for
8856.0 11187.0 412.0 124.0 selling
9380.0 11191.0 484.0 104.0 without

7048.0 11319.0 416.0 108.0 license
7468.0 11400.0 28.0 48.0 ,
7544.0 11323.0 380.0 108.0 before
8016.0 11327.0 380.0 124.0 Judge
8448.0 11327.0 344.0 108.0 Weed
8804.0 11404.0 24.0 48.0 ,
8924.0 11336.0 496.0 104.0 resulted
9492.0 11336.0 112.0 100.0 in
9688.0 11332.0 176.0 108.0 his

7044.0 11463.0 636.0 108.0 conviction
7696.0 11544.0 24.0 44.0 ,
7772.0 11472.0 228.0 104.0 and
8052.0 11476.0 136.0 100.0 ho
8236.0 11500.0 232.0 76.0 was
8516.0 11480.0 300.0 96.0 lined
8848.0 11480.0 192.0 100.0 S53
9072.0 11488.0 228.0 92.0 and
9348.0 11484.0 332.0 108.0 costs.
9728.0 11480.0 132.0 104.0 G.

7052.0 11604.0 168.0 112.0 W.
7280.0 11608.0 444.0 104.0 Beemls
7808.0 11616.0 228.0 100.0 and
8112.0 11612.0 372.0 124.0 Judge
8572.0 11616.0 472.0 104.0 Burnell
9136.0 11620.0 736.0 124.0 prosecuting

7048.0 11752.0 228.0 104.0 nnd
7324.0 11752.0 116.0 104.0 C.
7496.0 11752.0 156.0 104.0 II.
7728.0 11756.0 472.0 104.0 Tanner
8240.0 11756.0 684.0 120.0 defending.
9100.0 11764.0 248.0 100.0 Ono
9400.0 11760.0 468.0 108.0 witness

7052.0 11896.0 480.0 104.0 testified
7580.0 11900.0 248.0 104.0 that
7920.0 11900.0 140.0 104.0 ho
8148.0 11900.0 220.0 104.0 had
8460.0 11900.0 448.0 104.0 became
8960.0 11900.0 692.0 112.0 Intoxicitcd
9724.0 11908.0 148.0 120.0 by

7052.0 12040.0 552.0 120.0 dunking
7644.0 12040.0 336.0 108.0 elder.
8168.0 12044.0 244.0 104.0 The
8496.0 12044.0 476.0 104.0 defense
9068.0 12048.0 552.0 104.0 admitted
9688.0 12052.0 188.0 100.0 the

7048.0 12156.0 304.0 100.0 cider
7352.0 12228.0 28.0 48.0 ,
7436.0 12156.0 192.0 100.0 but
7672.0 12160.0 476.0 104.0 claimed
8196.0 12160.0 244.0 104.0 that
8488.0 12168.0 92.0 96.0 It
8672.0 12188.0 232.0 80.0 was
8996.0 12164.0 484.0 104.0 stialt-lit
9528.0 12172.0 352.0 100.0 goods

7052.0 12276.0 228.0 96.0 and
7328.0 12280.0 200.0 96.0 not
7580.0 12276.0 784.0 104.0 Intoxicating.
8536.0 12280.0 224.0 100.0 Mr.
8832.0 12280.0 444.0 100.0 Beomls
9328.0 12284.0 324.0 100.0 made
9716.0 12308.0 148.0 76.0 an

7052.0 12388.0 248.0 100.0 able
7344.0 12399.0 588.0 108.0 argument
7940.0 12467.0 28.0 68.0 ,
8024.0 12395.0 516.0 116.0 showing
8588.0 12399.0 248.0 96.0 that
8880.0 12395.0 312.0 100.0 cider
9192.0 12467.0 28.0 52.0 ,
9280.0 12407.0 328.0 92.0 when
9668.0 12403.0 168.0 96.0 fer-

7056.0 12508.0 444.0 100.0 mented
7516.0 12580.0 24.0 44.0 ,
7592.0 12496.0 528.0 116.0 contains
8164.0 12512.0 440.0 100.0 alcohol
8692.0 12512.0 228.0 104.0 and
9036.0 12512.0 96.0 100.0 Is
9216.0 12535.0 144.0 80.0 an
9460.0 12516.0 364.0 100.0 Intoxi-

7052.0 12624.0 384.0 116.0 cating
7484.0 12628.0 532.0 104.0 bovernge
8020.0 12700.0 28.0 44.0 ,
8100.0 12624.0 228.0 104.0 and
8380.0 12628.0 188.0 100.0 the
8616.0 12632.0 232.0 96.0 sale
8892.0 12628.0 124.0 100.0 of
9092.0 12632.0 84.0 100.0 It
9228.0 12632.0 640.0 136.0 prohibited

7052.0 12739.0 364.0 100.0 under
7456.0 12739.0 188.0 100.0 Ihe
7692.0 12743.0 620.0 100.0 ordinance
8408.0 12743.0 692.0 136.0 prohibiting
9184.0 12727.0 188.0 120.0 the
9436.0 12760.0 236.0 88.0 sale
9740.0 12760.0 120.0 88.0 ot

7060.0 12856.0 748.0 124.0 intoxicating
7904.0 12860.0 432.0 100.0 drinks.
8540.0 12848.0 528.0 116.0 Unusual
9176.0 12863.0 472.0 100.0 Interest
9776.0 12867.0 96.0 100.0 Is

7056.0 12968.0 680.0 108.0 manifested
7824.0 12972.0 144.0 120.0 by
8056.0 12976.0 468.0 100.0 dll/ens
8616.0 12976.0 260.0 104.0 heio
8964.0 12980.0 116.0 96.0 In
9160.0 12980.0 316.0 104.0 these
9520.0 13007.0 312.0 76.0 cases
9848.0 13052.0 24.0 48.0 ,

7060.0 13088.0 576.0 100.0 ministers
7720.0 13088.0 224.0 104.0 and
8028.0 13088.0 520.0 104.0 business
8640.0 13120.0 256.0 76.0 men
9008.0 13096.0 612.0 116.0 attending
9688.0 13100.0 192.0 100.0 thn

7052.0 13203.0 316.0 100.0 trials
7416.0 13203.0 224.0 104.0 and
7696.0 13203.0 472.0 108.0 lending
8204.0 13207.0 344.0 100.0 moral
8584.0 13215.0 468.0 108.0 support
9104.0 13215.0 116.0 96.0 to
9260.0 13215.0 192.0 100.0 the
9496.0 13240.0 368.0 80.0 ma\oi

7052.0 13320.0 228.0 100.0 and
7324.0 13324.0 320.0 96.0 other
7688.0 13324.0 712.0 124.0 temperance
8448.0 13328.0 396.0 120.0 people
8916.0 13343.0 256.0 88.0 who
9256.0 13356.0 192.0 76.0 are
9536.0 13332.0 288.0 124.0 push-

7072.0 13440.0 196.0 120.0 ing
7316.0 13440.0 188.0 100.0 the
7552.0 13440.0 304.0 128.0 light
8448.0 13576.0 56.0 8.0 _

7180.0 13656.0 612.0 120.0 Pushing
7864.0 13656.0 1048.0 124.0 Improvements
9004.0 13675.0 148.0 84.0 at
9220.0 13668.0 528.0 92.0 Button.

7176.0 13792.0 504.0 104.0 SUTTOV
7688.0 13860.0 24.0 56.0 ,
7824.0 13792.0 272.0 108.0 Neb.
8116.0 13871.0 24.0 40.0 ,
8252.0 13796.0 384.0 104.0 March
8732.0 13804.0 136.0 100.0 10.
9012.0 13807.0 24.0 112.0 [
9064.0 13800.0 444.0 124.0 Special
9552.0 13800.0 324.0 104.0 Toln-

7060.0 13959.0 308.0 96.0 gram
7416.0 13947.0 120.0 88.0 to
7580.0 13936.0 188.0 104.0 the
7820.0 13936.0 288.0 104.0 Br.K.
8144.0 13939.0 20.0 120.0 |
8300.0 13936.0 244.0 104.0 The
8592.0 13936.0 332.0 104.0 board
8960.0 13943.0 124.0 96.0 of
9188.0 13943.0 316.0 100.0 trade
9640.0 13972.0 232.0 76.0 was

7060.0 14075.0 116.0 100.0 In
7228.0 14075.0 432.0 100.0 session
7700.0 14079.0 516.0 124.0 to-night
8252.0 14083.0 656.0 120.0 conferring
8956.0 14079.0 276.0 108.0 with
9284.0 14083.0 208.0 104.0 Mr.
9548.0 14083.0 272.0 104.0 Bird
9836.0 14163.0 20.0 32.0 ,

7056.0 14219.0 124.0 96.0 of
7228.0 14215.0 748.0 112.0 Plattsmouth
7988.0 14295.0 24.0 48.0 ,
8068.0 14223.0 228.0 104.0 and
8336.0 14223.0 468.0 120.0 making
8848.0 14232.0 860.0 112.0 arrangements
9756.0 14232.0 120.0 100.0 to

7056.0 14363.0 284.0 96.0 start
7380.0 14388.0 64.0 72.0 a
7488.0 14359.0 512.0 120.0 canning
8048.0 14363.0 432.0 116.0 factory
8588.0 14368.0 116.0 96.0 at
8808.0 14363.0 232.0 100.0 tills
9144.0 14372.0 360.0 116.0 point.
9632.0 14368.0 248.0 100.0 The

7052.0 14499.0 408.0 120.0 capital
7500.0 14499.0 324.0 100.0 stock
7872.0 14504.0 92.0 96.0 is
8012.0 14508.0 116.0 92.0 to
8176.0 14504.0 596.0 108.0 bo810OW.
8904.0 14504.0 244.0 100.0 The
9192.0 14504.0 396.0 128.0 people
9640.0 14508.0 232.0 100.0 will

7052.0 14635.0 564.0 108.0 subscribe
7664.0 14635.0 508.0 132.0 liberally
8216.0 14640.0 228.0 104.0 and
8488.0 14668.0 336.0 92.0 every
8908.0 14656.0 956.0 112.0 encouragement

7056.0 14780.0 232.0 108.0 will
7336.0 14780.0 132.0 104.0 be
7512.0 14780.0 336.0 120.0 given
7904.0 14784.0 116.0 100.0 to
8064.0 14784.0 284.0 144.0 push
8400.0 14784.0 192.0 104.0 the
8680.0 14784.0 452.0 104.0 scheme
9236.0 14792.0 228.0 100.0 and
9576.0 14815.0 252.0 80.0 com-

7056.0 14924.0 396.0 76.0 mence
7504.0 14899.0 312.0 100.0 work
7860.0 14928.0 144.0 72.0 on
8060.0 14899.0 188.0 100.0 the
8332.0 14903.0 320.0 112.0 plant
8756.0 14908.0 116.0 96.0 at
8972.0 14928.0 312.0 80.0 once.
9424.0 14903.0 464.0 108.0 Several

7060.0 15039.0 256.0 76.0 now
7364.0 15015.0 308.0 100.0 brick
7720.0 15015.0 392.0 100.0 block"
8156.0 15039.0 188.0 80.0 arc
8412.0 15015.0 340.0 104.0 being
8796.0 15000.0 508.0 140.0 planned
9408.0 15023.0 184.0 100.0 for
9696.0 15031.0 188.0 92.0 the

7056.0 15128.0 452.0 112.0 coining
7552.0 15155.0 528.0 76.0 summer.
8212.0 15132.0 452.0 104.0 Samuel
8716.0 15132.0 316.0 104.0 Conn
9052.0 15204.0 24.0 36.0 ,
9192.0 15140.0 188.0 100.0 the
9492.0 15144.0 396.0 100.0 recent

7060.0 15248.0 604.0 120.0 purchaser
7788.0 15248.0 120.0 100.0 of
8036.0 15252.0 188.0 96.0 the
8336.0 15256.0 28.0 92.0 (
8376.0 15248.0 448.0 120.0 louring
8932.0 15248.0 304.0 104.0 mills
9348.0 15260.0 264.0 96.0 heic
9616.0 15332.0 28.0 48.0 ,
9780.0 15256.0 96.0 100.0 is

7064.0 15359.0 560.0 124.0 planning
7668.0 15355.0 172.0 108.0 for
7880.0 15392.0 68.0 72.0 a
7996.0 15363.0 596.0 120.0 four-story
8640.0 15363.0 316.0 104.0 bilck
9004.0 15371.0 560.0 100.0 stiucture
9568.0 15448.0 24.0 40.0 ,
9652.0 15371.0 232.0 104.0 and

7060.0 15507.0 68.0 72.0 a
7172.0 15468.0 460.0 128.0 general
7676.0 15480.0 784.0 116.0 enlargement
8500.0 15480.0 124.0 100.0 of
8672.0 15484.0 196.0 100.0 the.
8900.0 15487.0 516.0 116.0 capacity
9460.0 15491.0 124.0 96.0 of
9704.0 15491.0 192.0 100.0 the

7068.0 15596.0 272.0 100.0 null.
7472.0 15596.0 108.0 100.0 It
7628.0 15596.0 232.0 104.0 will
7912.0 15600.0 268.0 100.0 then
8236.0 15608.0 132.0 92.0 bo
8408.0 15623.0 220.0 76.0 ono
8672.0 15600.0 124.0 96.0 of
8844.0 15600.0 192.0 100.0 the
9064.0 15604.0 420.0 116.0 largest
9532.0 15604.0 116.0 100.0 In
9696.0 15616.0 196.0 92.0 the

7068.0 15716.0 320.0 96.0 state.
7520.0 15711.0 516.0 100.0 Farmers
8080.0 15716.0 580.0 112.0 geneially
8712.0 15716.0 112.0 96.0 In
8872.0 15716.0 188.0 100.0 the
9108.0 15720.0 772.0 112.0 surrounding

7068.0 15831.0 476.0 112.0 country
7592.0 15852.0 184.0 80.0 are
7824.0 15827.0 468.0 120.0 spoiling
8336.0 15831.0 228.0 100.0 and
8616.0 15827.0 184.0 104.0 the
8840.0 15831.0 392.0 124.0 spring
9296.0 15835.0 312.0 104.0 work
9696.0 15835.0 200.0 104.0 has

7068.0 15944.0 728.0 104.0 comiiioncud
7864.0 15944.0 116.0 104.0 in
8052.0 15952.0 488.0 96.0 earnest

7276.0 16183.0 308.0 100.0 Now
7652.0 16188.0 432.0 96.0 Silver
8156.0 16192.0 564.0 96.0 District
8784.0 16192.0 828.0 104.0 Discovered.

7200.0 16324.0 416.0 100.0 Ku'iii
7728.0 16328.0 340.0 112.0 CITV.
8184.0 16324.0 300.0 108.0 Dak.
8504.0 16400.0 28.0 48.0 ,
8580.0 16328.0 36.0 108.0 (
8632.0 16328.0 376.0 104.0 March
9104.0 16336.0 144.0 100.0 10.
9412.0 16332.0 32.0 116.0 [
9460.0 16332.0 440.0 124.0 Special

7072.0 16464.0 588.0 124.0 Telegram
7756.0 16484.0 112.0 84.0 to
7976.0 16472.0 188.0 100.0 the
8280.0 16468.0 296.0 108.0 Br.K.
8592.0 16472.0 36.0 124.0 ]
8776.0 16472.0 340.0 104.0 Great
9224.0 16476.0 680.0 104.0 exeilemont

7076.0 16608.0 564.0 120.0 prevailed
7692.0 16608.0 256.0 104.0 hoio
7996.0 16612.0 408.0 124.0 to-day
8448.0 16612.0 404.0 104.0 caused
8900.0 16612.0 148.0 124.0 by
9096.0 16616.0 184.0 104.0 the
9324.0 16616.0 584.0 124.0 discovery

7076.0 16748.0 124.0 104.0 of
7260.0 16779.0 68.0 76.0 a
7404.0 16775.0 304.0 96.0 now.
7744.0 16752.0 344.0 104.0 silver
8172.0 16752.0 452.0 104.0 district
8748.0 16752.0 428.0 108.0 located
9272.0 16760.0 340.0 104.0 about
9700.0 16760.0 208.0 104.0 live

7080.0 16892.0 324.0 104.0 miles
7440.0 16896.0 276.0 100.0 west
7760.0 16896.0 124.0 100.0 of
7968.0 16911.0 336.0 88.0 town.
8436.0 16896.0 280.0 104.0 This
8808.0 16899.0 96.0 104.0 Is
8992.0 16907.0 344.0 96.0 about
9472.0 16907.0 436.0 116.0 twenty

7080.0 17032.0 320.0 108.0 miles
7444.0 17063.0 376.0 80.0 nearei
7880.0 17035.0 224.0 104.0 tills
8148.0 17039.0 260.0 116.0 city
8488.0 17039.0 272.0 104.0 than
8856.0 17068.0 232.0 100.0 any
9172.0 17043.0 320.0 104.0 other
9572.0 17043.0 340.0 108.0 silver

7080.0 17175.0 548.0 108.0 locations
7668.0 17179.0 224.0 104.0 and
7948.0 17179.0 92.0 104.0 Is
8084.0 17183.0 668.0 104.0 considered
8864.0 17183.0 140.0 116.0 by
9108.0 17183.0 320.0 108.0 those
9512.0 17195.0 392.0 120.0 posted

7084.0 17323.0 400.0 100.0 tobon
7528.0 17344.0 268.0 104.0 very
7844.0 17323.0 520.0 104.0 valuable
8416.0 17323.0 268.0 108.0 find.
8828.0 17323.0 108.0 104.0 It
9016.0 17352.0 236.0 76.0 was
9344.0 17331.0 240.0 100.0 first
9668.0 17327.0 176.0 104.0 dis-

7084.0 17439.0 464.0 100.0 covered
7592.0 17439.0 144.0 124.0 by
7784.0 17443.0 224.0 96.0 two
8060.0 17467.0 256.0 76.0 men
8372.0 17443.0 600.0 100.0 moplo\ed
9032.0 17443.0 112.0 100.0 in
9236.0 17472.0 64.0 72.0 a
9388.0 17447.0 476.0 100.0 sawmill
9876.0 17523.0 24.0 36.0 ,

7084.0 17556.0 256.0 100.0 who
7384.0 17556.0 236.0 100.0 told
7668.0 17579.0 220.0 76.0 one
7940.0 17560.0 432.0 112.0 George
8460.0 17556.0 352.0 104.0 Bisscl
8828.0 17632.0 24.0 48.0 ,
8940.0 17564.0 252.0 96.0 who
9244.0 17560.0 432.0 104.0 located
9724.0 17568.0 188.0 96.0 the
9896.0 17591.0 16.0 72.0 i

7084.0 17672.0 312.0 100.0 shaft
7460.0 17672.0 224.0 100.0 nnd
7732.0 17676.0 388.0 100.0 struck
8168.0 17700.0 64.0 76.0 n
8284.0 17672.0 252.0 104.0 vein
8600.0 17680.0 224.0 96.0 two
8876.0 17676.0 228.0 100.0 feet
9152.0 17676.0 112.0 100.0 In
9320.0 17680.0 592.0 100.0 thickness
9896.0 17707.0 16.0 72.0 i

7088.0 17787.0 356.0 100.0 which
7460.0 17859.0 24.0 44.0 ,
7540.0 17783.0 340.0 120.0 being
7960.0 17791.0 548.0 120.0 analysed
8524.0 17863.0 24.0 40.0 ,
8604.0 17791.0 452.0 124.0 yielded
9104.0 17795.0 176.0 92.0 100
9324.0 17820.0 424.0 76.0 ounces
9796.0 17803.0 116.0 92.0 to
9896.0 17832.0 16.0 60.0 ,

7084.0 17908.0 192.0 96.0 thn
7320.0 17911.0 232.0 92.0 ton.
7684.0 17904.0 104.0 104.0 A
7840.0 17919.0 312.0 100.0 great
8204.0 17927.0 348.0 80.0 many
8556.0 17979.0 28.0 44.0 ,
8668.0 17904.0 596.0 116.0 Including
9308.0 17935.0 68.0 76.0 a
9420.0 17911.0 480.0 100.0 number

7088.0 18020.0 124.0 100.0 of
7256.0 18024.0 188.0 96.0 the
7488.0 18020.0 244.0 100.0 best
7780.0 18020.0 516.0 104.0 business
8368.0 18047.0 248.0 76.0 turn
8632.0 18096.0 28.0 44.0 ,
8764.0 18047.0 292.0 76.0 were
9148.0 18040.0 196.0 88.0 out
9428.0 18028.0 232.0 100.0 and
9772.0 18032.0 108.0 100.0 lo-

7080.0 18135.0 324.0 104.0 cated
7448.0 18135.0 392.0 108.0 claims
7892.0 18143.0 112.0 96.0 to
8048.0 18143.0 256.0 112.0 day.

7340.0 18376.0 644.0 100.0 Railroad
8044.0 18380.0 420.0 100.0 AVork
8512.0 18391.0 148.0 84.0 nt
8748.0 18387.0 912.0 112.0 Strnmsbiirz.

7208.0 18512.0 824.0 108.0 STitovisiiuna
8044.0 18591.0 28.0 52.0 ,
8128.0 18515.0 728.0 108.0 Neb.March
8900.0 18523.0 88.0 100.0 7.
9148.0 18523.0 32.0 124.0 [
9196.0 18523.0 712.0 124.0 Correspon-

7092.0 18655.0 588.0 124.0 pondence
7720.0 18659.0 124.0 96.0 of
7896.0 18659.0 192.0 100.0 the
8144.0 18659.0 348.0 124.0 BKE.J
8632.0 18659.0 236.0 104.0 Our
8960.0 18667.0 312.0 100.0 town
9344.0 18663.0 96.0 104.0 Is
9532.0 18663.0 212.0 108.0 full
9792.0 18667.0 124.0 100.0 of

7096.0 18795.0 476.0 104.0 railroad
7644.0 18820.0 296.0 84.0 men.
8092.0 18799.0 300.0 104.0 Over
8436.0 18807.0 252.0 96.0 four
8772.0 18803.0 520.0 108.0 hundred
9368.0 18832.0 192.0 80.0 are
9644.0 18836.0 264.0 76.0 now

7096.0 18939.0 508.0 116.0 engaged
7648.0 18964.0 144.0 80.0 on
7844.0 18943.0 188.0 100.0 the
8100.0 18943.0 432.0 104.0 Omaha
8576.0 18947.0 100.0 96.0 A
8728.0 18943.0 452.0 108.0 Kansas
9296.0 18947.0 256.0 124.0 City
9640.0 18951.0 272.0 104.0 road
9896.0 18951.0 16.0 104.0 i

7100.0 19044.0 496.0 112.0 between
7648.0 19067.0 264.0 92.0 here
7956.0 19059.0 228.0 104.0 and
8296.0 19059.0 344.0 104.0 York.
8780.0 19063.0 520.0 124.0 Grading
9396.0 19048.0 92.0 120.0 is
9568.0 19067.0 348.0 120.0 being

7104.0 19180.0 424.0 112.0 pusheii
7576.0 19180.0 112.0 96.0 nt
7736.0 19203.0 64.0 72.0 a
7868.0 19172.0 340.0 124.0 lively
8256.0 19184.0 232.0 96.0 rnte
8496.0 19252.0 24.0 44.0 ,
8580.0 19180.0 1052.0 112.0 notwithstanding
9728.0 19184.0 188.0 104.0 the

7104.0 19296.0 280.0 92.0 trost
7428.0 19296.0 192.0 132.0 yet
7668.0 19292.0 92.0 100.0 Is
7808.0 19287.0 116.0 104.0 In
7976.0 19292.0 188.0 100.0 the
8208.0 19296.0 480.0 112.0 ground.
8820.0 19296.0 652.0 104.0 Stromsbur
9604.0 19300.0 196.0 104.0 has
9852.0 19327.0 68.0 76.0 a

7104.0 19399.0 220.0 104.0 fair
7364.0 19399.0 520.0 124.0 snowing
7928.0 19407.0 180.0 100.0 for
8156.0 19407.0 596.0 120.0 becoming
8796.0 19436.0 64.0 76.0 a
8908.0 19411.0 544.0 104.0 division.

7716.0 19671.0 304.0 96.0 Hun
8080.0 19679.0 352.0 92.0 Over
8500.0 19675.0 268.0 96.0 anil
8832.0 19675.0 488.0 100.0 Klllr.il.

7224.0 19803.0 596.0 112.0 KIMIIU.I.
7832.0 19883.0 24.0 40.0 ,
7932.0 19807.0 272.0 104.0 Neb.
8224.0 19883.0 24.0 52.0 ,
8304.0 19807.0 380.0 104.0 March
8784.0 19815.0 136.0 100.0 10.
9064.0 19815.0 460.0 104.0 Charles
9568.0 19815.0 308.0 108.0 John-

7112.0 19976.0 204.0 76.0 son
7332.0 20023.0 24.0 28.0 ,
7404.0 19980.0 64.0 72.0 a
7556.0 19947.0 400.0 108.0 Swede
7964.0 20023.0 24.0 44.0 ,
8040.0 19976.0 236.0 76.0 was
8364.0 19976.0 208.0 80.0 run
8624.0 19980.0 272.0 76.0 over
8956.0 19955.0 244.0 124.0 bya
9244.0 19984.0 396.0 96.0 wagon
9696.0 19963.0 228.0 104.0 and
9896.0 19963.0 32.0 104.0 i

7108.0 20067.0 260.0 104.0 dletl
7480.0 20067.0 228.0 104.0 this
7816.0 20079.0 644.0 92.0 ntlernoon.
8600.0 20071.0 180.0 100.0 He
8888.0 20095.0 236.0 80.0 was
9232.0 20075.0 452.0 124.0 Injured
9764.0 20104.0 120.0 80.0 in

7108.0 20180.0 528.0 116.0 ternally.

7404.0 20399.0 112.0 96.0 A
7608.0 20396.0 892.0 104.0 HOKUIUhK
8576.0 20403.0 1024.0 108.0 DISCOVERY.

7108.0 20603.0 268.0 96.0 The
7464.0 20603.0 572.0 116.0 Ghastly
8112.0 20603.0 336.0 100.0 Find
8540.0 20611.0 156.0 92.0 or
8740.0 20603.0 308.0 100.0 Now
9124.0 20611.0 488.0 116.0 Jersey
9692.0 20615.0 228.0 96.0 Of-

7880.0 20747.0 400.0 96.0 llcern
8332.0 20747.0 136.0 96.0 in
8520.0 20771.0 84.0 72.0 a.
8672.0 20747.0 476.0 104.0 Hovel.

7224.0 20879.0 308.0 108.0 NKVV
7624.0 20883.0 760.0 108.0 BP.UNSWICK
8392.0 20959.0 28.0 44.0 ,
8492.0 20883.0 136.0 108.0 N.
8720.0 20887.0 108.0 104.0 J.
8844.0 20959.0 24.0 48.0 ,
8940.0 20887.0 388.0 104.0 March
9376.0 20895.0 144.0 100.0 10.
9652.0 20891.0 244.0 104.0 The

7108.0 21027.0 576.0 108.0 Denmead
7780.0 21027.0 400.0 124.0 family
8268.0 21031.0 284.0 104.0 have
8632.0 21035.0 176.0 96.0 for
8892.0 21056.0 324.0 96.0 jeais
9316.0 21035.0 600.0 108.0 furnished
9892.0 21039.0 24.0 104.0 [

7104.0 21175.0 380.0 124.0 gossip
7572.0 21171.0 176.0 104.0 for
7832.0 21175.0 188.0 100.0 the
8112.0 21171.0 392.0 128.0 pcoplo
8592.0 21171.0 124.0 104.0 ot
8824.0 21171.0 284.0 108.0 Now
9204.0 21175.0 720.0 112.0 Brunswick.

7108.0 21316.0 580.0 112.0 Kccentrlc
7736.0 21316.0 224.0 104.0 and
8016.0 21316.0 484.0 124.0 wealthy
8500.0 21392.0 28.0 48.0 ,
8580.0 21320.0 184.0 120.0 yet
8832.0 21316.0 364.0 128.0 living
9244.0 21320.0 116.0 104.0 In
9452.0 21324.0 460.0 124.0 squalor

7108.0 21464.0 116.0 100.0 in
7280.0 21491.0 64.0 72.0 a
7388.0 21460.0 556.0 104.0 wretched
8032.0 21464.0 324.0 100.0 hovel
8400.0 21460.0 796.0 120.0 underground
9208.0 21536.0 24.0 44.0 ,
9312.0 21464.0 264.0 120.0 they
9628.0 21464.0 284.0 108.0 have

7108.0 21604.0 592.0 104.0 furnished
7788.0 21600.0 508.0 108.0 material
8404.0 21600.0 180.0 104.0 for
8668.0 21627.0 344.0 96.0 many
9104.0 21631.0 64.0 76.0 a
9248.0 21627.0 672.0 100.0 newspaper

7108.0 21763.0 336.0 104.0 story.
7580.0 21744.0 212.0 104.0 For
7836.0 21747.0 192.0 100.0 the
8076.0 21751.0 248.0 112.0 past
8372.0 21747.0 224.0 100.0 two
8664.0 21747.0 456.0 104.0 months
9172.0 21771.0 432.0 80.0 rumors
9660.0 21751.0 228.0 104.0 rela-

7112.0 21883.0 224.0 104.0 tive
7424.0 21887.0 112.0 100.0 to
7624.0 21883.0 188.0 104.0 the
7892.0 21883.0 584.0 108.0 condition
8564.0 21891.0 124.0 96.0 of
8756.0 21887.0 264.0 112.0 Mrs.
9128.0 21887.0 456.0 108.0 Samuel
9640.0 21891.0 284.0 104.0 Den-

7112.0 22027.0 324.0 104.0 mead
7540.0 22027.0 284.0 104.0 have
7924.0 22027.0 280.0 104.0 been
8340.0 22027.0 360.0 124.0 llylne
8792.0 22027.0 384.0 108.0 about.
9356.0 22031.0 108.0 104.0 It
9576.0 22035.0 344.0 124.0 being

7112.0 22167.0 416.0 120.0 utterly
7608.0 22167.0 644.0 124.0 Impossible
8320.0 22171.0 112.0 104.0 to
8480.0 22196.0 384.0 80.0 secure
8948.0 22183.0 528.0 96.0 entrance
9528.0 22179.0 116.0 100.0 to
9736.0 22179.0 188.0 100.0 the

7116.0 22307.0 324.0 108.0 hovel
7444.0 22383.0 28.0 40.0 ,
7516.0 22311.0 388.0 116.0 owing
7948.0 22315.0 112.0 96.0 to
8104.0 22311.0 192.0 104.0 the
8372.0 22311.0 320.0 104.0 fierce
8736.0 22311.0 488.0 108.0 conduct
9272.0 22319.0 120.0 100.0 of
9460.0 22319.0 456.0 104.0 Samuel

7124.0 22451.0 580.0 104.0 Denmead
7716.0 22527.0 24.0 40.0 ,
7832.0 22480.0 156.0 76.0 no
8072.0 22476.0 220.0 80.0 one
8380.0 22455.0 384.0 108.0 solved
8860.0 22459.0 724.0 124.0 themvstery
9648.0 22464.0 276.0 104.0 until

6916.0 22707.0 8.0 36.0 ,
7120.0 22600.0 112.0 100.0 to
7276.0 22596.0 252.0 120.0 day.
7664.0 22596.0 104.0 108.0 A
7820.0 22600.0 488.0 100.0 warrant
8360.0 22600.0 176.0 100.0 for
8592.0 22600.0 188.0 100.0 the
8828.0 22612.0 352.0 92.0 arrest
9228.0 22604.0 120.0 100.0 of
9416.0 22604.0 188.0 104.0 the
9652.0 22604.0 272.0 104.0 Don.

7124.0 22740.0 380.0 104.0 meads
7588.0 22763.0 232.0 76.0 was
7908.0 22740.0 376.0 104.0 Issued
8332.0 22740.0 224.0 100.0 this
8636.0 22744.0 600.0 100.0 afternoon
9296.0 22767.0 308.0 96.0 upon
9656.0 22771.0 240.0 80.0 com-

7128.0 22880.0 360.0 124.0 plaint
7592.0 22880.0 124.0 104.0 of
7780.0 22880.0 268.0 104.0 Mrs.
8164.0 22884.0 604.0 120.0 Brundage
8772.0 22955.0 28.0 44.0 ,
8912.0 22888.0 120.0 96.0 ot
9176.0 22884.0 748.0 120.0 Piscntaway.

7124.0 22999.0 228.0 104.0 and
7440.0 22995.0 332.0 104.0 Chief
7876.0 22999.0 124.0 96.0 ot
8072.0 22995.0 380.0 108.0 Police
8536.0 22999.0 464.0 100.0 Fouratt
9008.0 23072.0 24.0 44.0 ,
9144.0 22983.0 776.0 148.0 accompanied

7124.0 23111.0 148.0 120.0 by
7356.0 23111.0 432.0 104.0 officers
7792.0 23187.0 28.0 44.0 ,
7936.0 23119.0 564.0 116.0 reporlers
8604.0 23115.0 224.0 100.0 and
8936.0 23144.0 32.0 72.0 i
8992.0 23115.0 464.0 108.0 datives
9544.0 23123.0 124.0 100.0 of
9760.0 23123.0 160.0 104.0 tin

7132.0 23231.0 640.0 104.0 Denmeads
7780.0 23303.0 28.0 44.0 ,
7860.0 23231.0 608.0 120.0 proceeded
8524.0 23231.0 112.0 100.0 to
8676.0 23239.0 192.0 92.0 the
8916.0 23231.0 356.0 108.0 hovel.
9352.0 23235.0 176.0 104.0 On
9580.0 23239.0 324.0 104.0 reach

7128.0 23348.0 200.0 116.0 Ine
7372.0 23352.0 188.0 92.0 the
7624.0 23352.0 280.0 100.0 door
7984.0 23348.0 268.0 120.0 they
8344.0 23367.0 288.0 80.0 were
8676.0 23352.0 676.0 104.0 confronted
9420.0 23356.0 136.0 120.0 by
9628.0 23356.0 292.0 104.0 John

7132.0 23459.0 580.0 104.0 Denmead
7728.0 23531.0 24.0 44.0 ,
7860.0 23484.0 220.0 80.0 ono
8188.0 23459.0 120.0 100.0 of
8444.0 23463.0 208.0 100.0 tha
8736.0 23459.0 508.0 108.0 brothers
9252.0 23539.0 28.0 44.0 ,
9396.0 23480.0 256.0 92.0 who
9780.0 23480.0 120.0 96.0 at-

7132.0 23575.0 492.0 124.0 tempted
7712.0 23583.0 116.0 96.0 to
7916.0 23575.0 464.0 112.0 prevent
8484.0 23579.0 296.0 104.0 their
8864.0 23587.0 544.0 100.0 entrance
9412.0 23659.0 28.0 44.0 ,
9512.0 23587.0 196.0 104.0 but
9804.0 23591.0 116.0 100.0 he

7132.0 23719.0 236.0 76.0 was
7396.0 23692.0 360.0 116.0 easily
7804.0 23696.0 816.0 124.0 overpowered.
8752.0 23696.0 172.0 104.0 As
8968.0 23703.0 188.0 96.0 the
9204.0 23699.0 276.0 104.0 door
9508.0 23707.0 412.0 120.0 opened

7132.0 23835.0 68.0 76.0 a
7256.0 23803.0 524.0 120.0 frightful
7824.0 23812.0 392.0 100.0 stench
8256.0 23807.0 476.0 108.0 assailed
8768.0 23816.0 188.0 100.0 the
8996.0 23820.0 460.0 100.0 nostrils
9548.0 23824.0 124.0 96.0 of
9760.0 23824.0 160.0 100.0 the

7140.0 23935.0 356.0 112.0 party.
7576.0 23923.0 312.0 104.0 John
7944.0 23923.0 576.0 104.0 Denmead
8532.0 23999.0 24.0 40.0 ,
8608.0 23931.0 392.0 120.0 seeing
9044.0 23931.0 244.0 104.0 that
9332.0 23935.0 588.0 104.0 resistance

7140.0 24063.0 228.0 76.0 was
7408.0 24039.0 460.0 120.0 useless
7920.0 24043.0 536.0 116.0 piocured
8500.0 24071.0 68.0 76.0 a
8616.0 24043.0 284.0 120.0 light
8944.0 24047.0 228.0 104.0 and
9224.0 24051.0 180.0 104.0 led
9460.0 24055.0 188.0 100.0 the
9696.0 24080.0 224.0 76.0 wav

7144.0 24156.0 240.0 104.0 iuto
7548.0 24156.0 188.0 104.0 the
7900.0 24179.0 240.0 80.0 rear
8300.0 24183.0 308.0 76.0 room
8616.0 24232.0 28.0 44.0 ,
8756.0 24160.0 372.0 108.0 where
9132.0 24235.0 28.0 24.0 ,
9292.0 24187.0 300.0 104.0 upon
9756.0 24171.0 164.0 100.0 the

7136.0 24296.0 308.0 80.0 same
7592.0 24271.0 204.0 104.0 bed
7812.0 24347.0 24.0 36.0 ,
7968.0 24275.0 184.0 112.0 lay
8252.0 24275.0 188.0 100.0 the
8540.0 24275.0 288.0 104.0 dead
8912.0 24263.0 388.0 120.0 bodies
9408.0 24288.0 124.0 96.0 of
9672.0 24284.0 220.0 104.0 Cor-

7140.0 24387.0 304.0 104.0 nelia
7640.0 24387.0 228.0 108.0 nnd
8052.0 24391.0 416.0 104.0 Robert
8652.0 24391.0 580.0 108.0 Denmead
9244.0 24471.0 24.0 44.0 ,
9436.0 24399.0 484.0 124.0 hoirlblj

7140.0 24507.0 764.0 120.0 decomposed.
8100.0 24503.0 360.0 108.0 When
8572.0 24507.0 344.0 108.0 asked
9024.0 24511.0 260.0 112.0 why
9416.0 24519.0 192.0 104.0 the
9716.0 24519.0 204.0 100.0 fncl

7140.0 24624.0 124.0 96.0 of
7332.0 24624.0 172.0 100.0 his
7572.0 24620.0 552.0 108.0 relatives'
8192.0 24624.0 336.0 104.0 death
8640.0 24628.0 220.0 100.0 had
8940.0 24636.0 200.0 96.0 not
9232.0 24628.0 276.0 108.0 been
9612.0 24636.0 308.0 104.0 made

7144.0 24735.0 420.0 104.0 known
7580.0 24811.0 24.0 40.0 ,
7708.0 24739.0 316.0 100.0 John
8144.0 24739.0 240.0 100.0 Don
8408.0 24756.0 316.0 88.0 mead
8868.0 24747.0 252.0 100.0 said
9148.0 24768.0 36.0 92.0 :
9364.0 24772.0 28.0 32.0 '
9408.0 24747.0 244.0 108.0 'We
9756.0 24779.0 164.0 76.0 arc

7144.0 24851.0 364.0 104.0 nfraid
7576.0 24855.0 268.0 120.0 they
7888.0 24855.0 368.0 104.0 would
8348.0 24855.0 128.0 100.0 bo
8572.0 24855.0 340.0 104.0 taken
8988.0 24887.0 320.0 100.0 awny
9356.0 24867.0 288.0 104.0 from
9696.0 24867.0 204.0 104.0 us.1

7144.0 24972.0 456.0 100.0 Ontcers
7648.0 24995.0 288.0 80.0 were
7984.0 24972.0 380.0 116.0 placed
8436.0 24995.0 144.0 80.0 on
8652.0 24975.0 352.0 112.0 guard
9116.0 24987.0 116.0 96.0 at
9324.0 24983.0 188.0 104.0 the
9620.0 24987.0 284.0 100.0 hove

7144.0 25087.0 224.0 100.0 nnd
7408.0 25087.0 304.0 104.0 John
7768.0 25087.0 228.0 104.0 and
8040.0 25087.0 452.0 104.0 Samuel
8548.0 25087.0 576.0 112.0 Denmead
9212.0 25123.0 288.0 76.0 were
9604.0 25104.0 316.0 100.0 takur

7144.0 25203.0 252.0 104.0 into
7436.0 25203.0 504.0 116.0 custody.
8072.0 25207.0 108.0 100.0 A
8220.0 25207.0 568.0 100.0 coroner's
8848.0 25207.0 260.0 124.0 jury
9156.0 25228.0 200.0 88.0 has
9408.0 25219.0 276.0 100.0 been
9736.0 25243.0 176.0 76.0 eui

7144.0 25319.0 568.0 124.0 panneled
7760.0 25335.0 112.0 88.0 to
7916.0 25319.0 620.0 104.0 determine
8600.0 25323.0 188.0 104.0 the
8824.0 25351.0 328.0 80.0 cause
9196.0 25331.0 128.0 104.0 of
9384.0 25331.0 192.0 104.0 the
9620.0 25335.0 300.0 100.0 doatt

7148.0 25440.0 124.0 92.0 of
7316.0 25440.0 188.0 96.0 the
7560.0 25436.0 668.0 104.0 Denmeads.
8356.0 25440.0 308.0 104.0 John
8720.0 25467.0 260.0 76.0 savs
9028.0 25444.0 244.0 108.0 that
9320.0 25447.0 268.0 120.0 they
9680.0 25451.0 228.0 100.0 boll

7144.0 25551.0 264.0 100.0 died
7492.0 25551.0 212.0 104.0 live
7800.0 25555.0 380.0 100.0 weeks
8264.0 25580.0 212.0 96.0 ago
8560.0 25559.0 228.0 100.0 and
8840.0 25564.0 244.0 100.0 that
9148.0 25559.0 144.0 104.0 ho
9340.0 25564.0 452.0 104.0 wanted
9840.0 25576.0 40.0 92.0 t
9892.0 25591.0 28.0 76.0 (

7152.0 25667.0 280.0 100.0 have
7500.0 25671.0 304.0 96.0 them
7856.0 25667.0 388.0 104.0 buried
8344.0 25671.0 228.0 100.0 and
8680.0 25679.0 192.0 96.0 out
8980.0 25679.0 120.0 100.0 of
9188.0 25679.0 192.0 100.0 the
9424.0 25708.0 252.0 96.0 way
9680.0 25755.0 28.0 40.0 ,
9764.0 25687.0 140.0 96.0 bu

7148.0 25783.0 452.0 100.0 Samuel
7652.0 25783.0 368.0 104.0 would
8072.0 25791.0 196.0 96.0 not
8336.0 25783.0 332.0 108.0 listen
8724.0 25799.0 116.0 92.0 to
8928.0 25787.0 116.0 104.0 it
9236.0 25791.0 244.0 108.0 The
9556.0 25795.0 364.0 108.0 bodies

7148.0 25908.0 284.0 96.0 have
7480.0 25904.0 268.0 100.0 been
7804.0 25899.0 528.0 108.0 removed
8372.0 25899.0 488.0 120.0 oyorder
8900.0 25912.0 120.0 96.0 of
9068.0 25908.0 452.0 124.0 County
9568.0 25916.0 348.0 120.0 Phjsi

7148.0 26019.0 252.0 96.0 dan
7460.0 26011.0 296.0 108.0 Rice.
7892.0 26015.0 364.0 104.0 When
8308.0 26019.0 452.0 104.0 Samuel
8816.0 26048.0 228.0 76.0 was
9092.0 26027.0 340.0 104.0 taken
9488.0 26031.0 236.0 100.0 Into
9776.0 26036.0 144.0 100.0 tin

7152.0 26131.0 304.0 104.0 wa.sh
7504.0 26155.0 312.0 80.0 room
7860.0 26135.0 124.0 100.0 of
8028.0 26135.0 192.0 100.0 the
8260.0 26131.0 208.0 124.0 jail
8516.0 26143.0 116.0 92.0 to
8680.0 26139.0 132.0 100.0 bo
8876.0 26143.0 328.0 116.0 given
9284.0 26172.0 68.0 76.0 a
9448.0 26143.0 264.0 108.0 bath
9824.0 26147.0 92.0 100.0 In

7156.0 26248.0 400.0 120.0 fought
7616.0 26248.0 228.0 104.0 like
7888.0 26275.0 68.0 80.0 a
8000.0 26252.0 312.0 124.0 tiger.
8444.0 26252.0 244.0 108.0 The
8728.0 26259.0 560.0 104.0 coroner's
9356.0 26263.0 260.0 124.0 Jmy
9732.0 26263.0 184.0 104.0 wil

7156.0 26380.0 288.0 88.0 ii'cut
7492.0 26363.0 528.0 128.0 Monday.

7760.0 26635.0 320.0 100.0 Five
8132.0 26639.0 428.0 104.0 Years
8616.0 26644.0 212.0 104.0 Tor
9008.0 26652.0 364.0 100.0 Shot.

7268.0 26771.0 312.0 108.0 Nr.w
7624.0 26767.0 412.0 116.0 YOUK.
8092.0 26780.0 384.0 108.0 March
8560.0 26784.0 140.0 108.0 10.
8844.0 26784.0 344.0 108.0 Louis
9252.0 26784.0 356.0 108.0 Rlerel
9624.0 26859.0 28.0 48.0 ,
9720.0 26788.0 196.0 104.0 win

7156.0 26916.0 620.0 112.0 attempted
7820.0 26924.0 120.0 100.0 to
7984.0 26920.0 208.0 104.0 kill
8296.0 26924.0 724.0 124.0 Survejorof
9092.0 26927.0 192.0 104.0 the
9332.0 26927.0 272.0 104.0 Tort
9652.0 26927.0 264.0 104.0 Beat

7160.0 27060.0 152.0 104.0 tie
7320.0 27131.0 28.0 52.0 ,
7404.0 27083.0 116.0 84.0 in
7608.0 27060.0 192.0 108.0 the
7900.0 27071.0 440.0 100.0 custom
8444.0 27067.0 348.0 104.0 house
8896.0 27071.0 220.0 104.0 last
9164.0 27071.0 484.0 108.0 October
9648.0 27143.0 28.0 52.0 ,
9736.0 27099.0 168.0 76.0 wa

7156.0 27199.0 612.0 108.0 sentenced
7820.0 27203.0 380.0 120.0 to-day
8292.0 27207.0 116.0 108.0 In
8520.0 27207.0 188.0 108.0 the
8788.0 27207.0 436.0 108.0 United
9316.0 27211.0 380.0 108.0 Stales
9748.0 27215.0 168.0 104.0 dla

7160.0 27320.0 256.0 104.0 trlct
7456.0 27335.0 316.0 96.0 court
7816.0 27328.0 116.0 100.0 to
7976.0 27328.0 216.0 104.0 live
8236.0 27351.0 324.0 100.0 years
8612.0 27328.0 116.0 104.0 lu
8784.0 27331.0 288.0 100.0 state
9124.0 27328.0 420.0 124.0 prison.

8028.0 27592.0 440.0 100.0 Miner
8480.0 27619.0 60.0 68.0 *
8592.0 27596.0 492.0 108.0 Strike.

8020.0 27719.0 384.0 116.0 March
8500.0 27732.0 140.0 104.0 10.
8772.0 27728.0 824.0 124.0 Twenty-four
9700.0 27739.0 216.0 104.0 bun

7156.0 27868.0 276.0 108.0 dred
7484.0 27868.0 428.0 108.0 miners
7964.0 27871.0 284.0 108.0 have
8296.0 27871.0 380.0 108.0 struck
8732.0 27875.0 116.0 108.0 In
8900.0 27875.0 192.0 108.0 the
9156.0 27875.0 564.0 132.0 Borinago
9764.0 27879.0 112.0 108.0 ill
9888.0 27907.0 28.0 80.0 !

7160.0 27983.0 256.0 116.0 trict
7428.0 28064.0 24.0 48.0 ,

9980.0 2656.0 620.0 240.0 FRANK
10696.0 2652.0 560.0 244.0 RAINS

9980.0 3188.0 248.0 136.0 End
10328.0 3196.0 136.0 128.0 of
10520.0 3192.0 192.0 132.0 the
10816.0 3192.0 488.0 128.0 Famonj
11388.0 3184.0 456.0 140.0 Murder
11916.0 3188.0 316.0 132.0 Trial
12319.0 3204.0 124.0 116.0 at
12496.0 3184.0 292.0 132.0 Mar-

10864.0 3372.0 604.0 136.0 shalltown
11484.0 3456.0 28.0 68.0 ,
11568.0 3376.0 304.0 132.0 Iowa
11888.0 3460.0 24.0 48.0 ,

9988.0 3744.0 352.0 112.0 LIFE
10472.0 3736.0 1316.0 120.0 IMPRISONMENT
11916.0 3740.0 864.0 120.0 ORDERED.

9980.0 4128.0 384.0 116.0 Story
10432.0 4128.0 156.0 100.0 of
10640.0 4128.0 228.0 104.0 the
10960.0 4116.0 656.0 120.0 Bringing
11688.0 4136.0 140.0 88.0 to
11876.0 4124.0 552.0 104.0 Justice
12504.0 4124.0 160.0 96.0 of
12720.0 4148.0 80.0 76.0 n

10228.0 4296.0 396.0 116.0 Cane
10732.0 4296.0 348.0 104.0 That
11192.0 4288.0 628.0 108.0 Itlvutlcd
11968.0 4292.0 352.0 104.0 That
12424.0 4320.0 76.0 72.0 o

10404.0 4468.0 392.0 104.0 Jesse
10904.0 4468.0 460.0 96.0 James
11496.0 4468.0 424.0 100.0 Other
12016.0 4464.0 372.0 104.0 News

10944.0 4636.0 396.0 100.0 Prom
11460.0 4632.0 236.0 100.0 low
11732.0 4664.0 116.0 72.0 a.

10532.0 5004.0 112.0 92.0 A
10712.0 4996.0 716.0 104.0 Murderer
11480.0 4992.0 776.0 104.0 Convlctcil.

10104.0 5140.0 112.0 104.0 M
10260.0 5152.0 928.0 96.0 UISIIAU.TOWN
11196.0 5204.0 28.0 44.0 ,
11312.0 5128.0 152.0 108.0 la.
11480.0 5200.0 28.0 52.0 ,
11560.0 5132.0 380.0 108.0 March
12024.0 5140.0 140.0 100.0 10.
12316.0 5132.0 28.0 132.0 [
12360.0 5132.0 448.0 128.0 Special

9984.0 5280.0 592.0 124.0 Telegram
10688.0 5288.0 112.0 96.0 to
10908.0 5276.0 188.0 108.0 the
11184.0 5272.0 292.0 108.0 BKF.
11616.0 5280.0 152.0 100.0 At
11876.0 5280.0 60.0 100.0 C
12044.0 5272.0 428.0 112.0 o'clock
12588.0 5272.0 224.0 108.0 this

9988.0 5424.0 600.0 104.0 afternoon
10640.0 5428.0 188.0 100.0 the
10880.0 5404.0 372.0 120.0 Frank
11352.0 5416.0 760.0 132.0 Ralnsbarger
12152.0 5444.0 264.0 100.0 jury
12424.0 5492.0 24.0 48.0 ,
12504.0 5420.0 300.0 104.0 after

9996.0 5568.0 332.0 120.0 being
10432.0 5576.0 200.0 96.0 out
10704.0 5568.0 704.0 120.0 twenty-two
11496.0 5556.0 352.0 112.0 hours
11940.0 5560.0 272.0 108.0 with
12300.0 5560.0 200.0 108.0 but
12592.0 5588.0 224.0 80.0 one

9996.0 5708.0 280.0 108.0 meal
10292.0 5784.0 24.0 44.0 ,
10412.0 5708.0 356.0 108.0 found
10859.0 5708.0 188.0 104.0 the
11132.0 5700.0 624.0 112.0 defendant
11828.0 5704.0 364.0 124.0 guilty
12240.0 5704.0 232.0 104.0 and
12520.0 5704.0 296.0 104.0 fixed

9996.0 5856.0 192.0 104.0 the
10232.0 5852.0 748.0 128.0 punishment
11024.0 5852.0 116.0 100.0 at
11228.0 5844.0 872.0 116.0 Imprisonment
12175.0 5856.0 116.0 96.0 in
12348.0 5844.0 188.0 108.0 the
12588.0 5872.0 216.0 96.0 pen

10012.0 5996.0 176.0 104.0 for
10272.0 5996.0 232.0 108.0 life.
10636.0 5999.0 176.0 104.0 On
10904.0 5996.0 188.0 100.0 the
11180.0 5992.0 284.0 104.0 start
11548.0 5992.0 188.0 104.0 the
11804.0 5988.0 336.0 108.0 ballot
12208.0 5992.0 324.0 104.0 stood
12604.0 5996.0 196.0 100.0 ten

10004.0 6140.0 176.0 100.0 for
10256.0 6135.0 644.0 108.0 conviction
10916.0 6208.0 24.0 48.0 ,
11032.0 6132.0 308.0 108.0 thtce
11444.0 6132.0 336.0 116.0 being
11844.0 6135.0 188.0 104.0 the
12084.0 6135.0 412.0 112.0 largest
12544.0 6144.0 256.0 96.0 vote

10004.0 6288.0 180.0 96.0 for
10264.0 6280.0 536.0 128.0 acquittal
10892.0 6280.0 112.0 104.0 at
11088.0 6300.0 228.0 92.0 any
11420.0 6276.0 304.0 108.0 time.
11856.0 6276.0 244.0 104.0 Thn
12184.0 6276.0 636.0 104.0 defendant

10000.0 6452.0 236.0 76.0 was
10324.0 6420.0 760.0 120.0 Immediately
11172.0 6416.0 448.0 108.0 hurried
11672.0 6424.0 112.0 100.0 to
11832.0 6416.0 192.0 108.0 the
12072.0 6424.0 316.0 100.0 court
12460.0 6444.0 308.0 80.0 room
12784.0 6492.0 24.0 52.0 ,

10004.0 6568.0 516.0 120.0 showing
10572.0 6568.0 168.0 104.0 his
10792.0 6568.0 236.0 104.0 first
11072.0 6584.0 788.0 84.0 nervousness.
12044.0 6560.0 172.0 108.0 Ho
12300.0 6560.0 512.0 108.0 received

10004.0 6708.0 192.0 108.0 the
10304.0 6708.0 420.0 108.0 verdict
10728.0 6784.0 28.0 48.0 ,
10864.0 6708.0 512.0 108.0 however
11380.0 6776.0 28.0 48.0 ,
11504.0 6704.0 272.0 108.0 with
11880.0 6732.0 696.0 96.0 composure.
12716.0 6708.0 112.0 100.0 A

10004.0 6848.0 832.0 124.0 disagreement
10884.0 6875.0 228.0 80.0 was
11160.0 6848.0 584.0 128.0 populaily
11812.0 6852.0 540.0 112.0 expected
12368.0 6920.0 24.0 48.0 ,
12532.0 6844.0 296.0 108.0 Nate

10008.0 6992.0 736.0 124.0 Ralnsbargei
10768.0 7068.0 28.0 52.0 ,
10848.0 7020.0 268.0 80.0 conv
11152.0 6992.0 284.0 108.0 Icted
11516.0 7020.0 68.0 76.0 a
11628.0 7016.0 272.0 100.0 year
11944.0 7020.0 216.0 92.0 ago
12204.0 6996.0 124.0 100.0 of
12376.0 6988.0 444.0 128.0 parltcl-

10008.0 7136.0 400.0 124.0 patlng
10456.0 7136.0 116.0 104.0 In
10628.0 7136.0 188.0 108.0 the
10864.0 7160.0 308.0 80.0 same
11216.0 7128.0 340.0 112.0 crime
11564.0 7208.0 24.0 48.0 ,
11664.0 7160.0 232.0 80.0 wns
11976.0 7132.0 540.0 108.0 returned
12568.0 7132.0 264.0 104.0 here

10016.0 7283.0 292.0 100.0 from
10396.0 7279.0 192.0 104.0 the
10676.0 7300.0 220.0 104.0 pen
11000.0 7276.0 216.0 108.0 last
11292.0 7272.0 328.0 124.0 night
11628.0 7351.0 28.0 44.0 ,
11712.0 7276.0 188.0 104.0 the
11948.0 7304.0 520.0 92.0 supreme
12512.0 7279.0 316.0 100.0 court

10012.0 7420.0 424.0 124.0 having
10504.0 7420.0 520.0 108.0 reversed
11072.0 7420.0 176.0 104.0 Ills
11292.0 7444.0 256.0 76.0 case
11592.0 7444.0 144.0 80.0 on
11792.0 7448.0 64.0 76.0 n
11908.0 7415.0 788.0 116.0 technicality.

10136.0 7564.0 220.0 104.0 For
10432.0 7564.0 436.0 104.0 central
10964.0 7564.0 296.0 104.0 Iowa
11344.0 7560.0 728.0 124.0 particularly
12160.0 7560.0 188.0 108.0 the
12452.0 7560.0 392.0 104.0 Ruins-

10016.0 7708.0 404.0 120.0 barger
10464.0 7736.0 312.0 80.0 cases
10823.0 7712.0 284.0 100.0 have
11192.0 7728.0 144.0 80.0 an
11412.0 7700.0 452.0 112.0 intense
11956.0 7704.0 504.0 112.0 Interest
12592.0 7704.0 248.0 104.0 The

10024.0 7852.0 848.0 112.0 "Ralnsbarger
10904.0 7856.0 476.0 112.0 country
11388.0 7920.0 24.0 44.0 ,
11427.0 7844.0 68.0 60.0 "
11544.0 7876.0 124.0 76.0 so
11696.0 7848.0 352.0 104.0 called
12064.0 7920.0 24.0 52.0 ,
12136.0 7848.0 96.0 104.0 Is
12276.0 7876.0 68.0 76.0 a
12388.0 7848.0 288.0 124.0 strip
12716.0 7848.0 128.0 104.0 ot

10024.0 7992.0 352.0 120.0 rough
10428.0 7992.0 232.0 104.0 and
10712.0 7992.0 368.0 132.0 partly
11160.0 7988.0 540.0 108.0 timbered
11788.0 7988.0 272.0 108.0 land
12128.0 7988.0 28.0 104.0 l
12172.0 8016.0 48.0 96.0 >
12252.0 8012.0 192.0 100.0 mg
12491.0 7996.0 348.0 116.0 along

10020.0 8136.0 192.0 104.0 the
10264.0 8136.0 308.0 104.0 Iowa
10620.0 8159.0 300.0 84.0 river
10920.0 8208.0 28.0 48.0 ,
11008.0 8132.0 624.0 124.0 beginning
11676.0 8136.0 340.0 104.0 about
12067.0 8132.0 384.0 104.0 fifteen
12508.0 8128.0 328.0 108.0 miles

10020.0 8280.0 624.0 104.0 northwest
10748.0 8280.0 128.0 100.0 of
10980.0 8272.0 852.0 108.0 Marshalltown
11944.0 8280.0 228.0 100.0 nnd
12280.0 8276.0 552.0 112.0 reaching

10024.0 8420.0 392.0 124.0 nearly
10508.0 8427.0 116.0 96.0 to
10708.0 8420.0 440.0 124.0 Ackley
11236.0 8416.0 228.0 104.0 and
11592.0 8416.0 308.0 108.0 Iowa
12012.0 8416.0 304.0 104.0 Falls
12404.0 8444.0 148.0 76.0 on
12652.0 8420.0 192.0 100.0 the

10020.0 8563.0 368.0 104.0 north.
10524.0 8563.0 220.0 104.0 For
10828.0 8563.0 688.0 120.0 twenty-hvo
11620.0 8588.0 320.0 88.0 jears
12060.0 8559.0 84.0 104.0 It
12232.0 8559.0 204.0 104.0 has
12544.0 8559.0 284.0 104.0 been

10032.0 8704.0 504.0 108.0 Infested
10644.0 8699.0 272.0 112.0 with
11028.0 8699.0 432.0 108.0 thieves
11584.0 8708.0 228.0 100.0 and
11916.0 8699.0 748.0 132.0 dcsperodoes
12712.0 8708.0 112.0 96.0 to

10036.0 8848.0 372.0 104.0 whom
10452.0 8844.0 192.0 108.0 the
10692.0 8844.0 804.0 116.0 Ralnsbargers
11540.0 8848.0 36.0 120.0 (
11596.0 8848.0 204.0 104.0 five
11836.0 8848.0 500.0 104.0 brothers
12348.0 8920.0 24.0 40.0 ,
12427.0 8844.0 372.0 104.0 Frank
12812.0 8920.0 24.0 48.0 ,

10036.0 8988.0 300.0 108.0 Nate
10344.0 9068.0 24.0 44.0 ,
10428.0 8992.0 208.0 104.0 Fin
10652.0 9064.0 24.0 52.0 ,
10732.0 8988.0 336.0 108.0 Mans
11176.0 8988.0 224.0 104.0 and
11460.0 8988.0 488.0 104.0 William
11968.0 8992.0 36.0 120.0 )
12064.0 8988.0 256.0 104.0 held
12412.0 9020.0 64.0 72.0 a
12563.0 9000.0 228.0 92.0 rela-

10044.0 9132.0 240.0 104.0 tion
10340.0 9132.0 228.0 108.0 like
10656.0 9132.0 244.0 108.0 that
10984.0 9132.0 124.0 100.0 of
11168.0 9136.0 328.0 96.0 Jesse
11540.0 9128.0 224.0 104.0 nnd
11844.0 9132.0 372.0 104.0 Frank
12260.0 9132.0 388.0 104.0 James
12732.0 9136.0 116.0 96.0 to

10032.0 9276.0 292.0 104.0 their
10416.0 9299.0 308.0 100.0 gang
10728.0 9348.0 28.0 48.0 ,
10864.0 9284.0 116.0 92.0 at
11064.0 9272.0 284.0 104.0 least
11432.0 9272.0 116.0 104.0 in
11640.0 9272.0 472.0 124.0 popular
12148.0 9272.0 692.0 104.0 estimation.

10028.0 9416.0 372.0 104.0 There
10472.0 9444.0 296.0 80.0 were
10856.0 9412.0 544.0 108.0 stealings
11408.0 9488.0 24.0 52.0 ,
11520.0 9424.0 520.0 112.0 outrages
12044.0 9492.0 28.0 44.0 ,
12175.0 9420.0 668.0 116.0 mjstcrlotis

10032.0 9536.0 968.0 124.0 disappearances
11100.0 9536.0 228.0 100.0 and
11456.0 9532.0 500.0 104.0 murdeis
11968.0 9608.0 28.0 44.0 ,
12108.0 9532.0 196.0 104.0 but
12404.0 9536.0 272.0 100.0 such
12784.0 9560.0 64.0 76.0 n

10036.0 9652.0 320.0 108.0 reign
10476.0 9656.0 116.0 96.0 of
10660.0 9656.0 352.0 100.0 teiror
11092.0 9648.0 432.0 104.0 existed
11592.0 9676.0 416.0 96.0 among
12052.0 9652.0 192.0 100.0 the
12288.0 9648.0 560.0 104.0 residents

10036.0 9767.0 252.0 104.0 that
10392.0 9764.0 300.0 104.0 until
10784.0 9764.0 496.0 124.0 recently
11384.0 9764.0 484.0 112.0 nothing
11952.0 9792.0 232.0 76.0 was
12232.0 9767.0 616.0 120.0 attempted

10036.0 9888.0 400.0 116.0 except
10528.0 9880.0 648.0 108.0 Ineffectual
11260.0 9884.0 772.0 116.0 organization
12088.0 9888.0 180.0 96.0 for
12348.0 9884.0 208.0 100.0 self
12612.0 9907.0 196.0 96.0 pro

10044.0 10000.0 460.0 104.0 tection.
10632.0 10000.0 64.0 100.0 'I
10736.0 10004.0 140.0 100.0 he
10920.0 10000.0 216.0 100.0 law
11200.0 10020.0 232.0 76.0 was
11480.0 10000.0 600.0 116.0 powerless
12092.0 10072.0 24.0 40.0 ,
12244.0 9996.0 248.0 104.0 The
12536.0 10024.0 244.0 80.0 com-

10048.0 10115.0 540.0 100.0 munities
10696.0 10115.0 124.0 100.0 of
10924.0 10115.0 640.0 100.0 Steamboat
11672.0 10115.0 308.0 100.0 Rock
11988.0 10188.0 28.0 48.0 ,
12112.0 10111.0 424.0 104.0 Abbott
12620.0 10111.0 228.0 108.0 and

10044.0 10232.0 420.0 100.0 Kldora
10512.0 10251.0 284.0 84.0 were
10884.0 10236.0 188.0 96.0 the
11132.0 10236.0 440.0 96.0 centers
11620.0 10236.0 120.0 96.0 of
11788.0 10232.0 188.0 104.0 the
12024.0 10228.0 812.0 104.0 disturbances.

10044.0 10352.0 140.0 100.0 In
10276.0 10352.0 228.0 96.0 1870
10592.0 10348.0 240.0 104.0 Bob
10920.0 10348.0 392.0 100.0 Flskln
11328.0 10416.0 28.0 44.0 ,
11448.0 10348.0 336.0 120.0 depot
11848.0 10356.0 344.0 112.0 agent
12260.0 10356.0 116.0 92.0 at
12420.0 10348.0 384.0 104.0 Steam-

10048.0 10472.0 256.0 96.0 boat
10352.0 10464.0 304.0 104.0 Rock
10664.0 10536.0 28.0 44.0 ,
10744.0 10460.0 252.0 104.0 who
11044.0 10488.0 224.0 76.0 was
11320.0 10464.0 416.0 100.0 known
11816.0 10468.0 112.0 96.0 to
11976.0 10464.0 280.0 100.0 have
12304.0 10464.0 348.0 104.0 SI-00
12696.0 10488.0 144.0 76.0 on

10044.0 10579.0 176.0 100.0 his
10300.0 10604.0 400.0 100.0 person
10716.0 10651.0 24.0 28.0 ,
10828.0 10579.0 732.0 120.0 disappeared
11607.0 10592.0 224.0 88.0 and
11888.0 10604.0 144.0 76.0 no
12076.0 10587.0 300.0 96.0 trace
12412.0 10583.0 124.0 96.0 of
12616.0 10579.0 228.0 104.0 him

10044.0 10696.0 204.0 104.0 has
10348.0 10719.0 260.0 76.0 ever
10708.0 10680.0 276.0 124.0 boon
11080.0 10692.0 360.0 104.0 found
11532.0 10696.0 140.0 120.0 by
11740.0 10696.0 176.0 100.0 his
11964.0 10696.0 520.0 104.0 relatives
12496.0 10768.0 24.0 40.0 ,
12576.0 10696.0 256.0 100.0 who

10048.0 10812.0 524.0 100.0 searched
10624.0 10812.0 628.0 120.0 diligently.
11384.0 10808.0 220.0 104.0 His
11684.0 10812.0 876.0 120.0 disappearance
12612.0 10836.0 228.0 76.0 was

10076.0 10928.0 528.0 104.0 followed
10652.0 10956.0 68.0 72.0 n
10768.0 10928.0 204.0 100.0 few
11056.0 10952.0 320.0 96.0 jc-ars
11416.0 10928.0 312.0 100.0 since
11776.0 10932.0 136.0 116.0 by
11959.0 10932.0 244.0 96.0 that
12264.0 10928.0 128.0 100.0 of
12432.0 10932.0 424.0 108.0 George

10064.0 11044.0 364.0 120.0 Bojer
10428.0 11115.0 28.0 44.0 ,
10572.0 11068.0 140.0 76.0 an
10823.0 11040.0 424.0 104.0 Abbott
11328.0 11068.0 564.0 92.0 creamery
11980.0 11068.0 252.0 76.0 man
12252.0 11115.0 24.0 44.0 ,
12328.0 11059.0 256.0 88.0 who
12628.0 11047.0 220.0 100.0 had

10048.0 11160.0 236.0 124.0 just
10372.0 11160.0 388.0 100.0 drawn
10876.0 11164.0 348.0 112.0 81,000
11324.0 11164.0 472.0 120.0 pension
11892.0 11183.0 444.0 96.0 money.
12468.0 11164.0 108.0 100.0 A
12624.0 11164.0 224.0 100.0 few

10064.0 11276.0 456.0 100.0 months
10604.0 11280.0 520.0 104.0 previous
11208.0 11276.0 116.0 100.0 to
11408.0 11276.0 188.0 100.0 the
11684.0 11276.0 252.0 100.0 trial
12000.0 11272.0 236.0 124.0 just
12312.0 11280.0 364.0 100.0 closed
12692.0 11348.0 24.0 40.0 ,
12788.0 11308.0 68.0 72.0 a

10048.0 11391.0 324.0 104.0 letter
10372.0 11463.0 28.0 44.0 ,
10528.0 11404.0 664.0 116.0 purporting
11312.0 11404.0 116.0 88.0 to
11548.0 11395.0 284.0 96.0 have
11959.0 11391.0 280.0 100.0 been
12396.0 11404.0 448.0 92.0 wiltten

10052.0 11512.0 144.0 116.0 by
10304.0 11512.0 232.0 96.0 him
10624.0 11508.0 120.0 100.0 in
10852.0 11508.0 612.0 104.0 California
11484.0 11576.0 24.0 48.0 ,
11600.0 11512.0 220.0 100.0 and
11892.0 11508.0 700.0 124.0 demanding
12680.0 11512.0 176.0 100.0 his

10052.0 11624.0 276.0 104.0 back
10380.0 11624.0 480.0 124.0 pension
10916.0 11648.0 408.0 96.0 money
11324.0 11696.0 32.0 44.0 ,
11456.0 11648.0 228.0 76.0 was
11792.0 11624.0 508.0 104.0 received
12408.0 11628.0 144.0 100.0 bv
12660.0 11628.0 188.0 100.0 the

10052.0 11740.0 476.0 124.0 pension
10580.0 11744.0 340.0 120.0 agent
10964.0 11744.0 116.0 96.0 at
11128.0 11740.0 224.0 100.0 Des
11396.0 11735.0 436.0 108.0 Molncs
11844.0 11812.0 24.0 44.0 ,
11923.0 11740.0 184.0 100.0 but
12160.0 11744.0 88.0 96.0 it
12283.0 11740.0 92.0 100.0 Is
12412.0 11748.0 436.0 104.0 alleged

10056.0 11859.0 236.0 100.0 that
10340.0 11859.0 88.0 100.0 It
10476.0 11884.0 228.0 76.0 was
10748.0 11880.0 68.0 80.0 a
10880.0 11859.0 456.0 116.0 forgery
11332.0 11923.0 28.0 52.0 ,
11476.0 11859.0 648.0 120.0 iwpetrated
12236.0 11859.0 180.0 100.0 for
12520.0 11863.0 336.0 96.0 effect

10056.0 11995.0 300.0 100.0 upon
10404.0 11976.0 188.0 96.0 ihe
10640.0 11972.0 760.0 108.0 foithcomlng
11444.0 11972.0 292.0 104.0 trial.
11880.0 11972.0 332.0 120.0 Upon
12268.0 11976.0 192.0 100.0 the
12504.0 11999.0 280.0 76.0 even-

10052.0 12092.0 196.0 116.0 ing
10292.0 12092.0 124.0 96.0 ot
10496.0 12088.0 636.0 100.0 November
11236.0 12092.0 420.0 112.0 18,15)34.
11480.0 12120.0 24.0 64.0 )
11772.0 12084.0 388.0 104.0 Enoch
12272.0 12092.0 524.0 100.0 Johnson
12815.0 12164.0 24.0 48.0 ,

10052.0 12203.0 372.0 104.0 father
10464.0 12203.0 124.0 100.0 of
10680.0 12199.0 256.0 108.0 Mrs.
11036.0 12203.0 372.0 100.0 Fiank
11528.0 12212.0 40.0 112.0 (
11584.0 12203.0 372.0 104.0 Nettle
11968.0 12207.0 36.0 112.0 )
12072.0 12203.0 744.0 120.0 Ramsbaiger
12815.0 12280.0 28.0 52.0 ,

10056.0 12348.0 80.0 72.0 w
10168.0 12323.0 140.0 96.0 ho
10356.0 12320.0 220.0 104.0 had
10620.0 12320.0 276.0 104.0 been
10964.0 12320.0 484.0 108.0 charged
11556.0 12320.0 276.0 104.0 witli
11936.0 12323.0 880.0 120.0 countcrtiiting
12820.0 12395.0 24.0 48.0 ,

10052.0 12436.0 368.0 104.0 bailed
10468.0 12444.0 196.0 96.0 out
10712.0 12440.0 140.0 120.0 by
10936.0 12436.0 380.0 104.0 Frank
11420.0 12440.0 228.0 100.0 and
11756.0 12436.0 296.0 104.0 Nate
12160.0 12440.0 220.0 100.0 and
12488.0 12440.0 364.0 124.0 living

10060.0 12556.0 268.0 100.0 witli
10372.0 12556.0 300.0 100.0 them
10688.0 12628.0 24.0 48.0 ,
10760.0 12576.0 224.0 80.0 w.as
11036.0 12552.0 584.0 104.0 murdered
11668.0 12580.0 148.0 76.0 on
11868.0 12556.0 188.0 100.0 the
12160.0 12556.0 272.0 104.0 road
12560.0 12564.0 292.0 96.0 fiom

10056.0 12671.0 432.0 100.0 Giltord
10540.0 12679.0 112.0 92.0 to
10696.0 12671.0 456.0 104.0 Abbott.
11280.0 12667.0 216.0 100.0 His
11540.0 12671.0 208.0 100.0 life
11816.0 12696.0 232.0 76.0 was
12156.0 12671.0 456.0 104.0 insured
12732.0 12675.0 116.0 100.0 in

10064.0 12792.0 316.0 96.0 favor
10420.0 12788.0 124.0 100.0 of
10596.0 12784.0 384.0 108.0 Nettle
11024.0 12788.0 236.0 104.0 and
11296.0 12788.0 192.0 100.0 the
11532.0 12788.0 184.0 120.0 boj
11752.0 12811.0 84.0 80.0 s.
11972.0 12784.0 384.0 108.0 Nettle
12400.0 12792.0 448.0 100.0 became

10052.0 12908.0 628.0 100.0 convinced
10724.0 12908.0 244.0 96.0 that
11076.0 12904.0 380.0 104.0 Frank
11535.0 12904.0 236.0 100.0 and
11876.0 12900.0 296.0 108.0 Nate
12264.0 12908.0 588.0 100.0 murdered

10060.0 13020.0 232.0 104.0 him
10380.0 13028.0 116.0 92.0 to
10604.0 13020.0 468.0 116.0 prevent
11176.0 13020.0 256.0 100.0 both
11544.0 13020.0 180.0 100.0 his
11824.0 13020.0 696.0 124.0 "peaching"
12628.0 13024.0 224.0 100.0 and

10052.0 13135.0 532.0 124.0 jumping
10616.0 13131.0 228.0 108.0 ball
10856.0 13207.0 24.0 44.0 ,
10928.0 13131.0 224.0 108.0 and
11200.0 13135.0 236.0 100.0 also
11499.0 13135.0 112.0 100.0 to
11712.0 13160.0 384.0 80.0 secure
12204.0 13139.0 176.0 96.0 Ills
12488.0 13135.0 316.0 104.0 insur-

10068.0 13279.0 280.0 76.0 ance
10408.0 13275.0 408.0 100.0 money
10820.0 13324.0 28.0 48.0 ,
10900.0 13252.0 224.0 104.0 nnd
11180.0 13252.0 116.0 104.0 In
11396.0 13252.0 516.0 120.0 January
12012.0 13260.0 224.0 92.0 1SV
12220.0 13292.0 28.0 52.0 >
12247.0 13332.0 24.0 44.0 ,
12380.0 13256.0 480.0 116.0 charged

10056.0 13372.0 308.0 100.0 them
10416.0 13368.0 268.0 104.0 with
10732.0 13372.0 188.0 104.0 the
10964.0 13372.0 372.0 100.0 crime.
11472.0 13368.0 240.0 100.0 The
11748.0 13368.0 216.0 104.0 law
12012.0 13372.0 220.0 100.0 and
12280.0 13372.0 324.0 100.0 order
12635.0 13372.0 168.0 100.0 ele-

10064.0 13492.0 312.0 96.0 ment
10416.0 13479.0 396.0 108.0 rallied
10859.0 13483.0 432.0 104.0 around
11340.0 13483.0 196.0 100.0 her
11576.0 13487.0 228.0 100.0 nnd
11892.0 13479.0 188.0 108.0 the
12188.0 13487.0 268.0 116.0 boys
12568.0 13512.0 288.0 80.0 wore

10060.0 13600.0 252.0 104.0 held
10356.0 13607.0 116.0 92.0 to
10516.0 13600.0 292.0 104.0 trial.
10931.0 13600.0 440.0 120.0 Things
11416.0 13623.0 292.0 80.0 were
11756.0 13623.0 256.0 80.0 now
12060.0 13603.0 116.0 96.0 In
12228.0 13623.0 144.0 80.0 nn
12412.0 13628.0 436.0 96.0 uproar.

10060.0 13716.0 140.0 104.0 In
10252.0 13716.0 504.0 100.0 addition
10812.0 13716.0 112.0 100.0 to
10972.0 13720.0 196.0 96.0 her
11212.0 13712.0 588.0 120.0 testimony
11868.0 13724.0 112.0 92.0 nt
12028.0 13716.0 188.0 104.0 the
12260.0 13724.0 532.0 100.0 examina-

10056.0 13836.0 236.0 100.0 tion
10352.0 13832.0 560.0 112.0 rebnnry
10960.0 13836.0 56.0 92.0 7
11020.0 13900.0 24.0 48.0 ,
11112.0 13832.0 512.0 108.0 IbSo.'uhe
11672.0 13848.0 352.0 88.0 wrote
12072.0 13832.0 384.0 104.0 Frank
12520.0 13840.0 32.0 116.0 (
12568.0 13840.0 280.0 96.0 then

10068.0 13951.0 116.0 100.0 In
10232.0 13951.0 204.0 120.0 jail
10484.0 13947.0 276.0 104.0 with
10812.0 13939.0 288.0 108.0 Nate
11148.0 13943.0 112.0 100.0 in
11312.0 13943.0 232.0 100.0 this
11564.0 13943.0 232.0 124.0 city
11824.0 13951.0 52.0 100.0 f
11880.0 13972.0 124.0 80.0 or
12028.0 13947.0 248.0 108.0 safe
12308.0 13951.0 492.0 120.0 keeping
12808.0 13951.0 48.0 112.0 }

10064.0 14091.0 64.0 76.0 a
10372.0 14064.0 324.0 100.0 letter
10844.0 14064.0 364.0 100.0 which
11372.0 14083.0 228.0 92.0 ROS
11756.0 14052.0 596.0 128.0 published
12628.0 14064.0 240.0 100.0 and

10072.0 14184.0 116.0 96.0 In
10316.0 14180.0 368.0 104.0 which
10924.0 14180.0 200.0 100.0 she
11364.0 14176.0 472.0 104.0 accused
12112.0 14176.0 188.0 100.0 the
12576.0 14176.0 284.0 104.0 bovs

10064.0 14300.0 120.0 96.0 of
10232.0 14291.0 184.0 104.0 the
10460.0 14316.0 340.0 80.0 crime
10808.0 14363.0 28.0 44.0 ,
10895.0 14287.0 648.0 112.0 Intimation
11592.0 14295.0 240.0 96.0 also
11892.0 14291.0 328.0 100.0 other
12252.0 14291.0 388.0 112.0 things
12732.0 14320.0 116.0 76.0 in

10064.0 14408.0 364.0 100.0 which
10476.0 14411.0 268.0 124.0 they
10792.0 14411.0 224.0 96.0 baa
11056.0 14408.0 276.0 100.0 been
11404.0 14404.0 544.0 124.0 engaged.
12084.0 14411.0 176.0 92.0 On
12372.0 14408.0 324.0 120.0 April
12752.0 14411.0 112.0 92.0 10

10064.0 14520.0 396.0 116.0 Henry
10504.0 14520.0 376.0 104.0 Johns
10888.0 14596.0 24.0 44.0 ,
10964.0 14551.0 64.0 72.0 a
11100.0 14516.0 480.0 124.0 wealthy
11668.0 14516.0 884.0 104.0 brother-in-law
12620.0 14524.0 232.0 100.0 nnd

10060.0 14640.0 432.0 120.0 alleged
10544.0 14644.0 404.0 96.0 backer
10988.0 14644.0 120.0 92.0 of
11172.0 14635.0 192.0 100.0 the
11452.0 14635.0 268.0 112.0 boys
11724.0 14703.0 28.0 48.0 ,
11856.0 14660.0 228.0 76.0 was
12168.0 14635.0 260.0 100.0 shot
12516.0 14635.0 340.0 104.0 while

10060.0 14755.0 452.0 112.0 driving
10560.0 14755.0 292.0 100.0 from
10895.0 14751.0 424.0 100.0 Abbott
11364.0 14751.0 116.0 100.0 to
11528.0 14740.0 176.0 112.0 his
11752.0 14747.0 284.0 104.0 farm
12056.0 14823.0 24.0 44.0 ,
12184.0 14751.0 668.0 104.0 afterwards

10060.0 14868.0 528.0 124.0 djlngof
10672.0 14864.0 176.0 108.0 his
10928.0 14864.0 444.0 108.0 wound.
11508.0 14864.0 172.0 104.0 On
11768.0 14864.0 308.0 104.0 Juno
12164.0 14872.0 112.0 92.0 14
12368.0 14872.0 500.0 100.0 Coroner

10080.0 14992.0 32.0 112.0 (
10128.0 15012.0 256.0 76.0 now
10432.0 14988.0 480.0 100.0 Senator
10920.0 14984.0 32.0 120.0 )
11004.0 14980.0 724.0 104.0 Underwood
11768.0 14984.0 224.0 100.0 and
12040.0 14984.0 184.0 100.0 Dr.
12268.0 14971.0 560.0 116.0 Rltenour
12828.0 15056.0 28.0 44.0 ,

10064.0 15103.0 336.0 100.0 whllo
10444.0 15099.0 460.0 120.0 driving
10952.0 15099.0 280.0 100.0 from
11276.0 15095.0 312.0 104.0 John
11660.0 15095.0 28.0 48.0 '
11776.0 15099.0 576.0 104.0 residence
12360.0 15175.0 24.0 44.0 ,
12484.0 15103.0 368.0 100.0 where

10068.0 15219.0 260.0 120.0 they
10376.0 15216.0 220.0 104.0 had
10644.0 15223.0 280.0 100.0 been
10996.0 15212.0 600.0 116.0 attending
11643.0 15216.0 188.0 100.0 the
11908.0 15212.0 560.0 108.0 wounded
12556.0 15239.0 260.0 80.0 man
12832.0 15291.0 24.0 40.0 ,

10072.0 15359.0 288.0 80.0 vveie
10444.0 15332.0 612.0 104.0 ambushed
11132.0 15316.0 228.0 120.0 and
11408.0 15332.0 256.0 100.0 shot
11748.0 15340.0 108.0 92.0 at
11868.0 15404.0 28.0 48.0 ,
11992.0 15332.0 296.0 104.0 their
12372.0 15336.0 492.0 120.0 cauiago

10068.0 15452.0 340.0 120.0 being
10488.0 15448.0 436.0 104.0 riddled
11012.0 15448.0 144.0 120.0 by
11236.0 15443.0 408.0 104.0 bullets
11648.0 15520.0 24.0 40.0 ,
11768.0 15448.0 200.0 100.0 but
12060.0 15452.0 444.0 100.0 neither
12572.0 15476.0 292.0 76.0 were

10072.0 15567.0 284.0 100.0 hurt.
10488.0 15563.0 208.0 104.0 Fin
10712.0 15635.0 28.0 52.0 ,
10796.0 15563.0 328.0 100.0 Mans
11184.0 15563.0 232.0 104.0 and
11476.0 15559.0 484.0 108.0 William
11972.0 15635.0 24.0 44.0 ,
12092.0 15563.0 276.0 104.0 witli
12436.0 15563.0 380.0 104.0 Johns
12824.0 15639.0 24.0 44.0 ,

10072.0 15707.0 300.0 76.0 were
10444.0 15680.0 560.0 112.0 supposed
11088.0 15691.0 116.0 88.0 to
11268.0 15680.0 284.0 100.0 have
11636.0 15680.0 276.0 100.0 been
12008.0 15680.0 184.0 104.0 the
12280.0 15680.0 580.0 124.0 attacking

10072.0 15804.0 416.0 116.0 parties
10524.0 15800.0 228.0 100.0 and
10800.0 15796.0 212.0 104.0 Fin
11064.0 15796.0 224.0 100.0 and
11332.0 15796.0 340.0 112.0 Mans
11736.0 15820.0 296.0 76.0 were
12116.0 15800.0 496.0 100.0 arrested
12664.0 15796.0 188.0 104.0 the

10076.0 15924.0 272.0 96.0 next
10388.0 15915.0 220.0 120.0 day
10652.0 15915.0 228.0 100.0 and
10928.0 15907.0 400.0 124.0 lodged
11380.0 15911.0 112.0 100.0 in
11548.0 15911.0 188.0 100.0 the
11772.0 15907.0 408.0 108.0 Hdora
12220.0 15911.0 248.0 124.0 jail.
12572.0 15915.0 272.0 100.0 Thai

10076.0 16035.0 328.0 116.0 night
10448.0 16031.0 188.0 100.0 the
10688.0 16008.0 196.0 132.0 jail
10924.0 16056.0 236.0 76.0 wns
11204.0 16027.0 424.0 104.0 broken
11679.0 16027.0 240.0 100.0 Into
11968.0 16027.0 144.0 124.0 by
12188.0 16056.0 64.0 76.0 a
12304.0 16027.0 256.0 104.0 mob
12624.0 16035.0 220.0 100.0 and

10084.0 16148.0 208.0 100.0 Flu
10340.0 16128.0 232.0 120.0 and
10656.0 16148.0 332.0 104.0 Mans
10996.0 16220.0 24.0 44.0 ,
11112.0 16148.0 296.0 100.0 after
11484.0 16171.0 68.0 72.0 n
11643.0 16144.0 488.0 116.0 helpless
12216.0 16148.0 612.0 108.0 loslstanco
12836.0 16220.0 24.0 44.0 ,

10084.0 16288.0 288.0 80.0 were
10416.0 16264.0 260.0 100.0 shot
10748.0 16260.0 372.0 104.0 down.
11248.0 16268.0 168.0 96.0 As
11504.0 16260.0 692.0 112.0 illustrating
12296.0 16268.0 188.0 96.0 the
12572.0 16268.0 248.0 100.0 fear-

10084.0 16379.0 488.0 104.0 lessness
10616.0 16379.0 120.0 100.0 of
10784.0 16383.0 188.0 96.0 the
11016.0 16379.0 276.0 120.0 bojs
11368.0 16379.0 88.0 100.0 it
11535.0 16375.0 328.0 104.0 could
11956.0 16379.0 128.0 100.0 ba
12168.0 16375.0 368.0 104.0 added
12624.0 16383.0 244.0 100.0 that

10092.0 16499.0 184.0 100.0 the
10328.0 16507.0 272.0 92.0 next
10644.0 16495.0 140.0 104.0 da
10792.0 16519.0 48.0 88.0 >
10916.0 16492.0 588.0 120.0 following
11588.0 16495.0 224.0 100.0 this
11892.0 16492.0 416.0 104.0 fearful
12391.0 16495.0 464.0 120.0 tragedy

10088.0 16612.0 484.0 104.0 William
10632.0 16608.0 748.0 124.0 Rilnsb.argor
11420.0 16612.0 228.0 100.0 and
11696.0 16608.0 172.0 104.0 Kd
11908.0 16608.0 380.0 104.0 Johns
12296.0 16692.0 20.0 40.0 ,
12376.0 16616.0 188.0 96.0 the
12616.0 16624.0 220.0 92.0 two

10076.0 16732.0 376.0 104.0 otliers
10500.0 16728.0 464.0 104.0 accused
11012.0 16728.0 128.0 96.0 of
11200.0 16732.0 188.0 96.0 ihe
11480.0 16723.0 724.0 104.0 Underwood
12288.0 16732.0 544.0 116.0 shooting
12836.0 16804.0 24.0 40.0 ,

10092.0 16847.0 264.0 100.0 rode
10504.0 16843.0 380.0 120.0 boldly
11008.0 16843.0 240.0 108.0 Into
11376.0 16839.0 408.0 104.0 Lldor.a
11904.0 16843.0 228.0 100.0 nnd
12252.0 16872.0 280.0 92.0 gave
12648.0 16847.0 180.0 100.0 bai

10088.0 16964.0 176.0 100.0 for
10388.0 16960.0 296.0 104.0 their
10804.0 16983.0 724.0 96.0 appearance.
11708.0 16956.0 292.0 104.0 Now
12160.0 16964.0 92.0 96.0 it
12416.0 16960.0 96.0 104.0 Is
12632.0 16964.0 244.0 100.0 said

10080.0 17080.0 308.0 100.0 there
10472.0 17103.0 188.0 76.0 are
10744.0 17096.0 332.0 104.0 grave
11156.0 17084.0 404.0 92.0 doubts
11648.0 17076.0 500.0 104.0 whether
12188.0 17100.0 232.0 88.0 any
12460.0 17080.0 128.0 96.0 of
12688.0 17080.0 192.0 100.0 the

10088.0 17195.0 252.0 100.0 four
10380.0 17216.0 292.0 80.0 were
10716.0 17191.0 356.0 124.0 guilty
11108.0 17195.0 124.0 96.0 of
11272.0 17195.0 188.0 100.0 the
11504.0 17187.0 432.0 124.0 chaigp.
12072.0 17191.0 188.0 100.0 Di.
12332.0 17191.0 552.0 104.0 Rltenour

10084.0 17336.0 280.0 76.0 soon
10412.0 17311.0 296.0 100.0 after
10712.0 17383.0 24.0 40.0 ,
10792.0 17307.0 396.0 100.0 moved
11252.0 17307.0 140.0 120.0 by
11440.0 17307.0 188.0 100.0 the
11672.0 17303.0 816.0 124.0 supplications
12536.0 17319.0 116.0 92.0 ot
12704.0 17311.0 176.0 100.0 his

10088.0 17428.0 400.0 120.0 family
10492.0 17496.0 24.0 52.0 ,
10572.0 17424.0 400.0 104.0 moved
11020.0 17428.0 284.0 100.0 from
11348.0 17424.0 192.0 104.0 the
11604.0 17436.0 424.0 108.0 county
12031.0 17496.0 24.0 40.0 ,
12116.0 17428.0 192.0 96.0 but
12352.0 17451.0 120.0 76.0 ns
12520.0 17451.0 64.0 76.0 a
12632.0 17443.0 240.0 84.0 rule

10088.0 17544.0 316.0 104.0 those
10452.0 17540.0 484.0 116.0 actually
10984.0 17548.0 504.0 112.0 engaged
11540.0 17540.0 108.0 100.0 In
11712.0 17540.0 440.0 120.0 foicing
12220.0 17540.0 184.0 104.0 llio
12456.0 17544.0 416.0 100.0 Rnlns-

10088.0 17659.0 448.0 116.0 bargers
10584.0 17663.0 112.0 96.0 to
10768.0 17659.0 192.0 96.0 llio
11008.0 17659.0 252.0 100.0 wall
11308.0 17659.0 260.0 100.0 neld
11660.0 17655.0 448.0 124.0 bravely
12152.0 17672.0 196.0 84.0 out
12416.0 17659.0 452.0 116.0 against

10088.0 17775.0 148.0 100.0 nil
10284.0 17791.0 288.0 84.0 sorts
10616.0 17772.0 124.0 100.0 of
10780.0 17772.0 452.0 104.0 threats.
11352.0 17772.0 780.0 120.0 Threatening
12180.0 17775.0 380.0 100.0 Ictteis
12599.0 17799.0 288.0 76.0 wore

10088.0 17900.0 256.0 92.0 sent
10452.0 17900.0 112.0 92.0 to
10648.0 17915.0 336.0 88.0 every
11068.0 17911.0 216.0 80.0 one
11344.0 17892.0 560.0 120.0 supposed
11972.0 17900.0 116.0 88.0 to
12172.0 17888.0 132.0 100.0 bo
12391.0 17892.0 112.0 96.0 In
12596.0 17915.0 292.0 96.0 sjm-

10088.0 18007.0 344.0 120.0 pithy
10524.0 18003.0 272.0 108.0 with
10884.0 17987.0 188.0 120.0 the
11176.0 18003.0 696.0 124.0 prosecution
11952.0 18012.0 120.0 92.0 of
12180.0 18003.0 380.0 104.0 Frank
12648.0 18007.0 228.0 100.0 nnd

10092.0 18104.0 292.0 120.0 Nate
10436.0 18119.0 176.0 104.0 for
10688.0 18119.0 628.0 104.0 Johnson's1
11400.0 18131.0 448.0 92.0 minder
11856.0 18191.0 24.0 44.0 ,
11932.0 18119.0 228.0 100.0 nnd
12211.0 18127.0 228.0 96.0 nets
12491.0 18123.0 136.0 96.0 of
12700.0 18123.0 120.0 100.0 in-

10088.0 18240.0 640.0 104.0 timidation
10780.0 18236.0 228.0 100.0 nnd
11096.0 18255.0 456.0 84.0 outrage
11600.0 18263.0 288.0 76.0 were
11928.0 18240.0 128.0 96.0 of
12136.0 18236.0 312.0 124.0 dally
12491.0 18263.0 328.0 80.0 occur-

10092.0 18380.0 328.0 80.0 rence
10424.0 18428.0 28.0 48.0 ,
10504.0 18356.0 228.0 104.0 and
10784.0 18376.0 292.0 80.0 were
11076.0 18428.0 28.0 40.0 ,
11156.0 18356.0 120.0 96.0 of
11344.0 18380.0 392.0 76.0 course
11744.0 18428.0 24.0 44.0 ,
11808.0 18356.0 568.0 120.0 promptly
12440.0 18352.0 228.0 108.0 laid
12764.0 18364.0 116.0 92.0 to

10096.0 18475.0 188.0 100.0 the
10408.0 18496.0 332.0 96.0 gang.
10928.0 18467.0 240.0 104.0 The
11272.0 18467.0 272.0 124.0 boys
11643.0 18467.0 636.0 116.0 demanded
12384.0 18475.0 512.0 120.0 separate

10092.0 18583.0 320.0 108.0 trials
10456.0 18599.0 228.0 88.0 nnd
10732.0 18580.0 388.0 112.0 Nate's
11164.0 18603.0 248.0 88.0 case
11456.0 18611.0 308.0 76.0 came
11816.0 18587.0 236.0 100.0 first
12096.0 18587.0 380.0 100.0 before
12516.0 18587.0 380.0 124.0 Judge

10092.0 18704.0 668.0 104.0 Henderson
10776.0 18772.0 28.0 48.0 ,
10856.0 18716.0 112.0 84.0 at
11016.0 18700.0 840.0 104.0 Mnrshalltown
11872.0 18772.0 28.0 40.0 ,
11956.0 18727.0 144.0 76.0 on
12152.0 18731.0 64.0 72.0 a
12280.0 18700.0 436.0 128.0 change
12760.0 18708.0 128.0 96.0 ot

10092.0 18844.0 368.0 80.0 venue
10464.0 18892.0 28.0 48.0 ,
10536.0 18815.0 516.0 120.0 January
11136.0 18824.0 116.0 88.0 ffiJ
11256.0 18892.0 28.0 40.0 ,
11336.0 18824.0 236.0 92.0 18S5
11571.0 18892.0 28.0 40.0 ,
11652.0 18815.0 544.0 124.0 bilnglng
12276.0 18820.0 276.0 100.0 with
12648.0 18824.0 88.0 100.0 It
12820.0 18848.0 68.0 76.0 a

10096.0 18935.0 256.0 104.0 host
10432.0 18935.0 124.0 100.0 of
10640.0 18923.0 384.0 112.0 armed
11104.0 18939.0 220.0 100.0 and
11400.0 18931.0 628.0 116.0 suspicious
12112.0 18935.0 568.0 120.0 paitls.ans
12764.0 18935.0 124.0 100.0 of

10100.0 19055.0 260.0 100.0 both
10464.0 19052.0 332.0 100.0 sides.
10931.0 19048.0 168.0 120.0 By
11180.0 19055.0 392.0 108.0 strong
11672.0 19052.0 892.0 104.0 circumstantial
12668.0 19055.0 180.0 100.0 evi-

10096.0 19172.0 356.0 96.0 dence
10556.0 19168.0 188.0 100.0 the
10844.0 19160.0 388.0 108.0 state's
11308.0 19168.0 460.0 100.0 counsel
11780.0 19240.0 24.0 44.0 ,
11908.0 19164.0 144.0 104.0 II.
12144.0 19168.0 124.0 100.0 L.
12368.0 19164.0 284.0 104.0 Huff
12656.0 19240.0 24.0 40.0 ,
12772.0 19168.0 128.0 100.0 of

10100.0 19283.0 412.0 100.0 Kldora
10520.0 19355.0 24.0 36.0 ,
10596.0 19279.0 528.0 104.0 followed
11172.0 19279.0 184.0 104.0 the
11424.0 19292.0 312.0 92.0 roulo
11780.0 19283.0 340.0 100.0 taknn
12180.0 19292.0 140.0 104.0 by
12391.0 19283.0 188.0 100.0 the
12624.0 19292.0 276.0 108.0 boys

10100.0 19399.0 240.0 100.0 that
10428.0 19395.0 328.0 116.0 night
10836.0 19395.0 288.0 104.0 from
11212.0 19399.0 296.0 104.0 tneir
11592.0 19399.0 324.0 104.0 homo
11995.0 19403.0 116.0 92.0 to
12188.0 19399.0 392.0 100.0 Cloves
12588.0 19471.0 24.0 40.0 ,
12664.0 19399.0 232.0 100.0 niul

10100.0 19516.0 400.0 104.0 thence
10576.0 19516.0 480.0 108.0 through
11104.0 19512.0 640.0 108.0 Steamboat
11796.0 19516.0 304.0 104.0 Rock
12188.0 19512.0 228.0 104.0 and
12484.0 19512.0 412.0 108.0 Kldora

10100.0 19636.0 120.0 96.0 to
10444.0 19628.0 188.0 104.0 the
10852.0 19656.0 332.0 76.0 scene
11355.0 19636.0 128.0 96.0 ot
11704.0 19632.0 192.0 100.0 the
12103.0 19628.0 448.0 108.0 murder
12552.0 19708.0 24.0 44.0 ,
12707.0 19640.0 192.0 96.0 the

10100.0 19747.0 276.0 120.0 boys
10536.0 19743.0 424.0 120.0 having
11148.0 19772.0 136.0 80.0 en
11408.0 19751.0 320.0 100.0 route
11912.0 19743.0 508.0 128.0 changed
12608.0 19747.0 296.0 104.0 their

10100.0 19875.0 356.0 92.0 teams
10812.0 19867.0 176.0 96.0 tor
11336.0 19863.0 188.0 104.0 the
11880.0 19863.0 232.0 100.0 fast
12464.0 19860.0 436.0 108.0 drivers

10104.0 19980.0 120.0 100.0 of
10400.0 19976.0 488.0 108.0 William
11060.0 19976.0 772.0 124.0 Ralnsbarger.
11984.0 19980.0 224.0 100.0 The
12368.0 19980.0 536.0 104.0 evidence

10100.0 20095.0 456.0 104.0 showed
10600.0 20091.0 528.0 104.0 Johnson
11180.0 20104.0 108.0 92.0 to
11380.0 20099.0 276.0 104.0 have
11764.0 20095.0 280.0 100.0 been
12160.0 20091.0 348.0 108.0 killed
12620.0 20095.0 272.0 104.0 with

10104.0 20236.0 308.0 76.0 some
10460.0 20192.0 324.0 124.0 blunt
10832.0 20211.0 708.0 120.0 Instrument
11592.0 20215.0 188.0 96.0 the
11888.0 20211.0 288.0 120.0 body
12252.0 20211.0 388.0 124.0 placed
12748.0 20236.0 152.0 80.0 on

10108.0 20328.0 172.0 104.0 ills
10384.0 20328.0 332.0 100.0 horse
10720.0 20403.0 24.0 44.0 ,
10859.0 20331.0 336.0 100.0 taken
11308.0 20328.0 480.0 108.0 a'shoit
11908.0 20328.0 516.0 104.0 distance
12432.0 20399.0 28.0 48.0 ,
12624.0 20328.0 272.0 104.0 then

10104.0 20444.0 496.0 120.0 dragged
10648.0 20444.0 276.0 104.0 back
10976.0 20456.0 112.0 88.0 to
11148.0 20444.0 256.0 120.0 give
11508.0 20448.0 192.0 100.0 the
11812.0 20467.0 700.0 100.0 appearance
12612.0 20448.0 128.0 96.0 of
12840.0 20471.0 68.0 76.0 a

10116.0 20584.0 536.0 96.0 runaway
10700.0 20559.0 228.0 100.0 and
10972.0 20559.0 328.0 104.0 death
11352.0 20567.0 140.0 116.0 by
11544.0 20555.0 460.0 112.0 kicking
12052.0 20563.0 228.0 100.0 nnd
12316.0 20559.0 584.0 124.0 dragging.

10112.0 20675.0 212.0 104.0 His
10372.0 20675.0 368.0 124.0 bu.'gy
10792.0 20703.0 224.0 76.0 was
11064.0 20675.0 416.0 104.0 broken
11532.0 20675.0 588.0 120.0 evidently
12164.0 20679.0 148.0 120.0 by
12416.0 20679.0 304.0 104.0 hand
12788.0 20687.0 116.0 92.0 to

10112.0 20792.0 184.0 104.0 aid
10348.0 20792.0 116.0 104.0 in
10580.0 20776.0 224.0 116.0 this
10912.0 20796.0 700.0 136.0 impression.
11744.0 20792.0 484.0 108.0 Nellie's
12336.0 20796.0 532.0 100.0 evidence
12876.0 20868.0 28.0 48.0 ,

10112.0 20912.0 28.0 80.0 <
10164.0 20912.0 136.0 100.0 he
10344.0 20907.0 580.0 104.0 sensation
10972.0 20916.0 112.0 96.0 ot
11140.0 20912.0 184.0 104.0 the
11372.0 20912.0 248.0 100.0 trial
11632.0 20980.0 24.0 44.0 ,
11716.0 20907.0 452.0 104.0 showed
12264.0 20907.0 240.0 104.0 that
12596.0 20912.0 304.0 104.0 thcro

10116.0 21052.0 232.0 76.0 was
10400.0 21023.0 324.0 100.0 blood
10772.0 21052.0 144.0 76.0 on
10976.0 21027.0 184.0 100.0 the
11204.0 21023.0 308.0 112.0 boy's
11556.0 21027.0 428.0 100.0 clothes
12036.0 21031.0 272.0 100.0 next
12376.0 21027.0 532.0 116.0 morning

10112.0 21143.0 228.0 100.0 nnd
10388.0 21143.0 244.0 100.0 that
10688.0 21139.0 372.0 104.0 Frank
11108.0 21147.0 216.0 100.0 had
11372.0 21143.0 340.0 104.0 taken
11824.0 21171.0 68.0 76.0 n
11995.0 21143.0 248.0 116.0 pair
12344.0 21147.0 124.0 96.0 of
12563.0 21139.0 344.0 108.0 metal

10112.0 21256.0 548.0 104.0 knuckles
10716.0 21260.0 268.0 100.0 with
11036.0 21260.0 260.0 108.0 him.
11424.0 21260.0 244.0 104.0 The
11768.0 21260.0 392.0 120.0 theory
12244.0 21260.0 660.0 104.0 ofdefond-

10116.0 21371.0 300.0 104.0 nnl's
10500.0 21379.0 572.0 116.0 nttornejs
11204.0 21404.0 228.0 80.0 was
11535.0 21379.0 244.0 100.0 that
11876.0 21375.0 632.0 104.0 Johnson's
12592.0 21375.0 324.0 104.0 horse

10128.0 21495.0 32.0 112.0 (
10180.0 21495.0 288.0 96.0 Irom
10516.0 21503.0 600.0 92.0 seventeen
11172.0 21495.0 112.0 100.0 to
11368.0 21499.0 432.0 108.0 twenty
11908.0 21515.0 48.0 96.0 >
11984.0 21515.0 248.0 76.0 oars
12316.0 21491.0 184.0 104.0 old
12520.0 21499.0 28.0 108.0 )
12676.0 21520.0 232.0 76.0 was

10116.0 21608.0 428.0 120.0 subject
10592.0 21619.0 112.0 88.0 to
10756.0 21611.0 24.0 100.0 (
10796.0 21615.0 132.0 92.0 its
10976.0 21623.0 224.0 88.0 nnd
11248.0 21611.0 240.0 104.0 that
11540.0 21611.0 116.0 100.0 In
11704.0 21631.0 220.0 80.0 ono
11968.0 21611.0 124.0 96.0 of
12196.0 21608.0 176.0 100.0 his
12468.0 21615.0 184.0 96.0 tits
12764.0 21608.0 140.0 104.0 he

10120.0 21720.0 340.0 104.0 killed
10624.0 21724.0 572.0 104.0 Johnson.
11448.0 21728.0 192.0 104.0 An
11808.0 21724.0 264.0 104.0 alibi
12268.0 21751.0 232.0 76.0 was
12660.0 21724.0 240.0 100.0 nlso

10116.0 21835.0 684.0 108.0 established
11044.0 21843.0 140.0 120.0 by
11416.0 21839.0 192.0 108.0 the
11844.0 21839.0 540.0 108.0 evidence
12391.0 21911.0 24.0 48.0 ,
12552.0 21839.0 364.0 108.0 which

10120.0 21955.0 192.0 100.0 the
10572.0 21959.0 288.0 100.0 state
11140.0 21955.0 676.0 132.0 impeached.
12184.0 21959.0 344.0 100.0 After
12836.0 21987.0 68.0 72.0 a

10120.0 22072.0 308.0 100.0 tluco
10516.0 22072.0 408.0 100.0 weeks'
11016.0 22076.0 244.0 104.0 trial
11276.0 22155.0 24.0 44.0 ,
11391.0 22076.0 224.0 100.0 and
11696.0 22076.0 188.0 100.0 the
11964.0 22072.0 776.0 104.0 examination
12792.0 22080.0 124.0 92.0 of

10124.0 22187.0 388.0 112.0 nearly
10616.0 22215.0 64.0 72.0 n
10768.0 22192.0 504.0 108.0 hundred
11376.0 22192.0 584.0 104.0 witnesses
11972.0 22264.0 24.0 44.0 ,
12103.0 22219.0 64.0 72.0 a
12280.0 22192.0 424.0 104.0 verdict
12800.0 22192.0 124.0 96.0 ot

10128.0 22307.0 364.0 116.0 guilty
10540.0 22328.0 232.0 76.0 was
10820.0 22307.0 540.0 108.0 rendered
11396.0 22315.0 232.0 96.0 and
11672.0 22307.0 300.0 100.0 Nate
12020.0 22332.0 228.0 76.0 was
12308.0 22307.0 612.0 100.0 sentenced

9916.0 22464.0 20.0 56.0 i
10124.0 22427.0 176.0 92.0 lor
10344.0 22419.0 232.0 104.0 lite.
10704.0 22423.0 104.0 104.0 A
10880.0 22427.0 220.0 96.0 few
11144.0 22427.0 280.0 120.0 days
11460.0 22451.0 216.0 92.0 ago
11676.0 22499.0 32.0 40.0 ,
11764.0 22447.0 80.0 76.0 w
11876.0 22423.0 220.0 100.0 hile
12148.0 22419.0 476.0 104.0 Frank's
12668.0 22447.0 252.0 80.0 case

10124.0 22559.0 228.0 80.0 was
10400.0 22536.0 336.0 112.0 being
10780.0 22536.0 280.0 104.0 tried
11076.0 22612.0 24.0 44.0 ,
11172.0 22544.0 188.0 104.0 the
11456.0 22563.0 528.0 100.0 supreme
12024.0 22555.0 324.0 88.0 court
12391.0 22555.0 516.0 88.0 reversed

10124.0 22651.0 392.0 100.0 Nate's
10620.0 22680.0 252.0 76.0 case
10976.0 22680.0 144.0 80.0 on
11228.0 22684.0 148.0 80.0 an
11480.0 22651.0 676.0 108.0 immaterial
12264.0 22655.0 448.0 124.0 poitlou
12788.0 22668.0 120.0 88.0 ot

10124.0 22767.0 476.0 104.0 Nettle's
10648.0 22771.0 604.0 124.0 testimony
11292.0 22771.0 268.0 108.0 field
11604.0 22779.0 116.0 96.0 to
11768.0 22771.0 128.0 100.0 bo
11936.0 22771.0 696.0 124.0 prejudicial.

10244.0 22884.0 484.0 100.0 Frank's
10780.0 22888.0 256.0 104.0 trial
11112.0 22891.0 352.0 120.0 began
11535.0 22911.0 272.0 88.0 over
11868.0 22895.0 228.0 96.0 two
12200.0 22888.0 376.0 104.0 weeks
12671.0 22911.0 212.0 92.0 ago
12892.0 22959.0 28.0 44.0 ,

10124.0 22995.0 188.0 104.0 the
10360.0 23004.0 292.0 100.0 state
10700.0 22999.0 464.0 124.0 miking
11204.0 23035.0 64.0 76.0 a
11308.0 23023.0 520.0 104.0 fronjor
11920.0 23027.0 188.0 80.0 aso
12144.0 23004.0 276.0 104.0 than
12468.0 23004.0 452.0 116.0 against

10124.0 23115.0 296.0 100.0 Nate
10424.0 23191.0 24.0 44.0 ,
10508.0 23115.0 272.0 108.0 with
10823.0 23123.0 188.0 96.0 the
11056.0 23123.0 584.0 112.0 exception
11656.0 23195.0 32.0 40.0 ,
11776.0 23119.0 120.0 100.0 of
11995.0 23144.0 392.0 80.0 course
12396.0 23191.0 28.0 44.0 ,
12491.0 23107.0 116.0 112.0 ot
12664.0 23119.0 220.0 104.0 Net

10120.0 23231.0 256.0 100.0 tle's
10440.0 23235.0 608.0 124.0 testimony
11052.0 23307.0 24.0 44.0 ,
11192.0 23239.0 368.0 108.0 which
11660.0 23235.0 336.0 104.0 could
12108.0 23239.0 196.0 100.0 not
12412.0 23239.0 132.0 100.0 bo
12652.0 23247.0 276.0 92.0 used

10120.0 23348.0 452.0 104.0 aL'fiinsi
10616.0 23348.0 200.0 104.0 her
10859.0 23352.0 544.0 112.0 husband.
11532.0 23352.0 244.0 108.0 Tbe
11836.0 23352.0 480.0 104.0 defense
12400.0 23356.0 240.0 100.0 also
12732.0 23356.0 152.0 100.0 Im-

10124.0 23467.0 420.0 120.0 proved
10636.0 23467.0 292.0 100.0 their
10984.0 23480.0 500.0 116.0 case'by
11488.0 23535.0 24.0 40.0 ,
11580.0 23467.0 640.0 108.0 additional
12308.0 23467.0 264.0 104.0 alibi
12628.0 23471.0 256.0 100.0 testi-

10124.0 23608.0 340.0 92.0 mony
10512.0 23579.0 560.0 112.0 produced
11140.0 23591.0 408.0 104.0 fortne
11604.0 23587.0 244.0 100.0 lirst
11912.0 23587.0 272.0 100.0 time
12192.0 23659.0 24.0 48.0 ,
12316.0 23587.0 192.0 100.0 but
12560.0 23587.0 368.0 100.0 which

10128.0 23723.0 228.0 76.0 was
10404.0 23699.0 560.0 128.0 promptly
11064.0 23692.0 680.0 140.0 Impeached.
11876.0 23699.0 244.0 104.0 The
12216.0 23703.0 488.0 100.0 reversal
12812.0 23703.0 124.0 100.0 of

10128.0 23812.0 392.0 104.0 Nalo's
10604.0 23835.0 252.0 84.0 case
10960.0 23843.0 144.0 76.0 on
11212.0 23851.0 68.0 76.0 a
11380.0 23820.0 732.0 136.0 technicality
12160.0 23820.0 204.0 100.0 has
12408.0 23816.0 412.0 104.0 caused
12872.0 23843.0 64.0 76.0 a

10128.0 23935.0 312.0 108.0 great
10484.0 23927.0 244.0 104.0 deal
10796.0 23935.0 124.0 100.0 of
11008.0 23935.0 424.0 124.0 feeling
11540.0 23939.0 120.0 100.0 in
11776.0 23923.0 440.0 112.0 Hardln
12312.0 23939.0 372.0 96.0 where
12748.0 23935.0 192.0 100.0 the

10128.0 24043.0 220.0 104.0 law
10388.0 24051.0 232.0 100.0 and
10668.0 24047.0 328.0 108.0 order
11040.0 24047.0 556.0 128.0 leagueIs
11676.0 24075.0 272.0 80.0 now
12048.0 24051.0 676.0 124.0 thoroughly
12776.0 24075.0 124.0 80.0 or-

10132.0 24160.0 480.0 116.0 ganized
10656.0 24167.0 232.0 104.0 and
10931.0 24175.0 644.0 116.0 aygre.sKlte
11568.0 24243.0 32.0 44.0 ,

10360.0 24407.0 352.0 100.0 Iowa
10764.0 24407.0 648.0 124.0 Supreme
11460.0 24411.0 412.0 100.0 Court
11928.0 24411.0 748.0 100.0 Decisions.

10244.0 24543.0 248.0 104.0 Dis
10540.0 24543.0 488.0 112.0 MoiNr.s
11040.0 24624.0 24.0 44.0 ,
11120.0 24552.0 152.0 108.0 la.
11284.0 24628.0 36.0 48.0 ,
11360.0 24547.0 392.0 112.0 March
11804.0 24552.0 144.0 104.0 10.
12092.0 24552.0 36.0 124.0 [
12139.0 24547.0 444.0 128.0 Special
12624.0 24547.0 272.0 104.0 Tele-

10124.0 24711.0 312.0 96.0 gram
10524.0 24696.0 116.0 96.0 to
10708.0 24683.0 188.0 108.0 the
10952.0 24651.0 368.0 172.0 BEK.J
11460.0 24692.0 592.0 108.0 Decisions
12152.0 24715.0 288.0 76.0 were
12512.0 24692.0 256.0 104.0 tiled
12824.0 24700.0 112.0 96.0 In

10124.0 24832.0 188.0 100.0 the
10364.0 24828.0 304.0 108.0 lown
10716.0 24855.0 512.0 92.0 supreme
11268.0 24840.0 328.0 108.0 court
11632.0 24836.0 408.0 124.0 to-day
12092.0 24859.0 120.0 76.0 ns
12264.0 24832.0 448.0 104.0 follows
12740.0 24855.0 28.0 84.0 :

10244.0 24972.0 112.0 104.0 S.
10416.0 24972.0 96.0 100.0 D
10524.0 25043.0 24.0 44.0 ,
10604.0 24972.0 464.0 112.0 Morgan
11132.0 25007.0 128.0 80.0 vs
11308.0 24979.0 364.0 108.0 lavtd
11724.0 24972.0 484.0 128.0 Wllfrey
12252.0 24979.0 116.0 100.0 et
12464.0 24975.0 136.0 104.0 al.
12656.0 25003.0 288.0 112.0 pies-

10132.0 25083.0 316.0 112.0 Ident
10488.0 25092.0 228.0 104.0 and
10784.0 25092.0 536.0 108.0 directors
11420.0 25100.0 128.0 104.0 at
11652.0 25096.0 440.0 104.0 district
12188.0 25083.0 580.0 116.0 township
12815.0 25096.0 120.0 100.0 of

10136.0 25207.0 268.0 100.0 Kast
10452.0 25203.0 340.0 108.0 River
10796.0 25279.0 24.0 44.0 ,
10872.0 25215.0 664.0 120.0 appellants.
11672.0 25211.0 300.0 120.0 Page
12016.0 25207.0 476.0 108.0 district.
12624.0 25211.0 272.0 104.0 Man-

10128.0 25323.0 400.0 104.0 damus
10568.0 25331.0 116.0 92.0 to
10728.0 25331.0 424.0 112.0 compel
11216.0 25347.0 300.0 92.0 them
11607.0 25331.0 120.0 100.0 to
11832.0 25351.0 448.0 80.0 remove
12388.0 25355.0 64.0 76.0 n
12560.0 25327.0 384.0 104.0 school-

10132.0 25440.0 348.0 104.0 house
10528.0 25436.0 288.0 112.0 from
10864.0 25444.0 688.0 112.0 sub-district
11600.0 25447.0 112.0 100.0 to
11780.0 25444.0 480.0 104.0 another
12355.0 25440.0 116.0 108.0 In
12560.0 25444.0 332.0 104.0 obedi-

10136.0 25580.0 272.0 76.0 ence
10452.0 25564.0 116.0 96.0 to
10616.0 25555.0 188.0 108.0 the
10848.0 25564.0 372.0 104.0 action
11288.0 25568.0 124.0 104.0 of
11496.0 25564.0 192.0 108.0 tbo
11772.0 25559.0 344.0 124.0 board
12196.0 25559.0 120.0 100.0 of
12360.0 25559.0 580.0 108.0 directors.

10140.0 25671.0 580.0 104.0 Affirmed.

10252.0 25783.0 596.0 112.0 CharlesCl
10895.0 25791.0 120.0 124.0 ty
11064.0 25795.0 312.0 108.0 Plow
11400.0 25811.0 232.0 96.0 ana
11672.0 25791.0 936.0 108.0 Manufacturing
12652.0 25819.0 240.0 80.0 company
12904.0 25840.0 40.0 32.0 -

10148.0 25927.0 308.0 100.0 pany
10460.0 25976.0 28.0 48.0 ,
10536.0 25908.0 664.0 140.0 appellants.
11256.0 25916.0 280.0 104.0 vfiJ.
11588.0 25912.0 128.0 104.0 R.
11808.0 25908.0 364.0 112.0 Jones
12260.0 25912.0 100.0 96.0 Ac
12448.0 25912.0 192.0 100.0 Co.
12720.0 25908.0 224.0 108.0 and

10140.0 26023.0 408.0 100.0 otliers.
10684.0 26007.0 348.0 132.0 Flojd
11080.0 26031.0 428.0 108.0 circuit
11643.0 26023.0 588.0 108.0 Reversed.

10264.0 26135.0 600.0 128.0 Benjamin
10916.0 26143.0 488.0 116.0 Stewart
11460.0 26151.0 176.0 100.0 for
11679.0 26147.0 188.0 100.0 the
11912.0 26167.0 196.0 80.0 use
12152.0 26139.0 128.0 104.0 of
12324.0 26139.0 188.0 104.0 the
12556.0 26139.0 384.0 108.0 school

10144.0 26252.0 288.0 104.0 fund
10444.0 26331.0 24.0 36.0 ,
10544.0 26255.0 568.0 124.0 appellant
11120.0 26335.0 28.0 48.0 ,
11260.0 26291.0 132.0 80.0 vs
11499.0 26259.0 560.0 108.0 Waterloo
12164.0 26275.0 264.0 88.0 turn
12524.0 26259.0 380.0 104.0 vereln
12920.0 26327.0 20.0 40.0 ,

10152.0 26367.0 688.0 108.0 Blackhavvk
10904.0 26380.0 428.0 108.0 circuit
11463.0 26380.0 592.0 108.0 Reversed.

10260.0 26491.0 608.0 104.0 American
10944.0 26491.0 1264.0 124.0 Insuranca-company
12208.0 26563.0 32.0 44.0 ,
12328.0 26487.0 584.0 124.0 appellant
12920.0 26563.0 20.0 44.0 ,

10148.0 26627.0 124.0 84.0 vs
10364.0 26603.0 128.0 104.0 It
10608.0 26603.0 136.0 108.0 P.
10859.0 26607.0 492.0 116.0 Garrett.
11496.0 26611.0 616.0 108.0 Buchanan
12160.0 26607.0 428.0 108.0 circuit
12720.0 26607.0 168.0 104.0 Re

10148.0 26727.0 424.0 100.0 versed.

10264.0 26839.0 436.0 120.0 George
10744.0 26831.0 176.0 116.0 W.
10972.0 26839.0 1260.0 124.0 Robinson'appellant
12240.0 26911.0 32.0 44.0 ,
12324.0 26863.0 128.0 80.0 vs
12496.0 26839.0 444.0 128.0 County

10148.0 26951.0 124.0 104.0 of
10324.0 26951.0 340.0 108.0 Linn.
10800.0 26955.0 300.0 112.0 Linn
11164.0 26963.0 428.0 108.0 circuit.
11720.0 26959.0 580.0 104.0 Atllrmcu.

10272.0 27071.0 136.0 104.0 K.
10464.0 27071.0 132.0 108.0 U.
10648.0 27071.0 428.0 128.0 Sitylei.
11124.0 27079.0 576.0 132.0 appellant
11700.0 27151.0 32.0 44.0 ,
11848.0 27099.0 128.0 84.0 \a
12072.0 27071.0 116.0 108.0 J.
12288.0 27067.0 124.0 112.0 F.
12524.0 27067.0 404.0 108.0 Smith.

10152.0 27188.0 480.0 108.0 Gnthrle
10676.0 27192.0 424.0 108.0 circuit.
11232.0 27188.0 672.0 120.0 Dlainln-sed.

10276.0 27303.0 120.0 108.0 L.
10452.0 27307.0 428.0 124.0 Cooper
10924.0 27335.0 124.0 84.0 vs
11092.0 27315.0 124.0 104.0 U.
11284.0 27315.0 160.0 116.0 W.
11532.0 27307.0 132.0 124.0 W
11820.0 27331.0 148.0 80.0 on
12020.0 27303.0 228.0 108.0 and
12288.0 27311.0 120.0 96.0 J.
12468.0 27299.0 124.0 108.0 L.
12660.0 27299.0 228.0 108.0 Wil-

10152.0 27447.0 200.0 76.0 son
10372.0 27495.0 24.0 60.0 ,
10448.0 27427.0 664.0 132.0 appellants.
11248.0 27431.0 296.0 108.0 Linn
11592.0 27427.0 428.0 112.0 circuit
12164.0 27419.0 660.0 108.0 Dismissed.

10256.0 27543.0 120.0 108.0 J.
10436.0 27528.0 164.0 120.0 W.
10656.0 27543.0 616.0 108.0 Morlau
11324.0 27539.0 432.0 116.0 RusKcll
11848.0 27543.0 104.0 104.0 it
12040.0 27539.0 188.0 104.0 Co.
12244.0 27611.0 24.0 60.0 ,
12319.0 27535.0 620.0 128.0 appellant.

10156.0 27656.0 424.0 108.0 Carroll
10648.0 27660.0 468.0 116.0 district.
11252.0 27660.0 588.0 116.0 Reversed.

10272.0 27775.0 320.0 136.0 Mnry
10668.0 27775.0 120.0 104.0 K.
10832.0 27779.0 440.0 108.0 Kverett
11324.0 27811.0 60.0 84.0 v
11488.0 27783.0 268.0 100.0 Gto.
11620.0 27807.0 32.0 100.0 ;
11804.0 27775.0 156.0 108.0 A.
12024.0 27771.0 444.0 108.0 Kverett
12464.0 27839.0 40.0 48.0 ,
12596.0 27771.0 332.0 128.0 appel

10156.0 27895.0 236.0 96.0 ant.
10532.0 27887.0 572.0 112.0 Hamilton
11152.0 27899.0 424.0 112.0 circuit.
11708.0 27891.0 580.0 120.0 Alllrmed.

10276.0 28007.0 124.0 112.0 r.
10468.0 28003.0 128.0 120.0 U.
10648.0 28011.0 548.0 132.0 ohl'iuest
11240.0 28043.0 124.0 88.0 Y5
11404.0 28015.0 104.0 112.0 J.
11552.0 28007.0 480.0 120.0 Farwel
11956.0 28011.0 28.0 132.0 |
12080.0 28007.0 100.0 104.0 &
12228.0 28007.0 192.0 108.0 Co.
12480.0 28003.0 236.0 112.0 and
12824.0 28003.0 96.0 108.0 U
12928.0 28075.0 12.0 36.0 ,

11164.0 28819.0 36.0 32.0 .
11228.0 28839.0 16.0 12.0 .
11476.0 28763.0 28.0 40.0 *

11252.0 28808.0 36.0 48.0 <
11312.0 28799.0 60.0 48.0 i-

12972.0 2652.0 424.0 108.0 Becker
13500.0 2664.0 112.0 100.0 ct
13776.0 2656.0 136.0 108.0 al.
13928.0 2728.0 28.0 48.0 ,
14068.0 2660.0 612.0 124.0 appellant.
14860.0 2652.0 284.0 112.0 Line
15303.0 2652.0 472.0 108.0 district

12972.0 2776.0 580.0 104.0 Aftlrmcd.

13092.0 2888.0 268.0 104.0 Palo
13400.0 2892.0 268.0 104.0 Alto
13712.0 2896.0 424.0 124.0 county
14184.0 2920.0 124.0 80.0 vs
14388.0 2892.0 316.0 108.0 1)V.
14712.0 2964.0 24.0 36.0 .
14788.0 2884.0 736.0 112.0 Burllnsa-no
15632.0 2888.0 112.0 104.0 ct

12972.0 2996.0 140.0 112.0 al.
13131.0 3076.0 28.0 44.0 ,
13212.0 3008.0 612.0 124.0 appellant.
13964.0 3012.0 496.0 104.0 Kussuth
14572.0 3012.0 476.0 104.0 district.
15180.0 3008.0 592.0 104.0 Atllrmrd-

13092.0 3124.0 344.0 100.0 Owen
13552.0 3128.0 364.0 108.0 Slater
13964.0 3152.0 124.0 80.0 vs
14136.0 3128.0 672.0 112.0 Burlington
14848.0 3200.0 28.0 40.0 ,
14928.0 3124.0 356.0 108.0 Cedar
15347.0 3124.0 416.0 124.0 Ktplds

13012.0 3240.0 72.0 100.0 t
13160.0 3236.0 560.0 112.0 Northern
13836.0 3244.0 460.0 108.0 rallvvav
14444.0 3264.0 560.0 104.0 comnany
15008.0 3316.0 24.0 52.0 ,
15156.0 3244.0 612.0 124.0 appellant.

12968.0 3352.0 528.0 108.0 Johnson
13568.0 3360.0 472.0 108.0 district.
14184.0 3352.0 584.0 116.0 Reversed.

13088.0 3472.0 388.0 108.0 James
13532.0 3472.0 388.0 112.0 Butler
13996.0 3500.0 124.0 84.0 vs
14172.0 3480.0 492.0 120.0 Chicago
14720.0 3480.0 100.0 104.0 A
14920.0 3476.0 860.0 108.0 Northwestern

12968.0 3592.0 468.0 124.0 rillway
13484.0 3616.0 556.0 104.0 company
14044.0 3668.0 28.0 52.0 ,
14124.0 3600.0 604.0 124.0 appellant.
14868.0 3592.0 428.0 112.0 Carroll
15347.0 3592.0 432.0 108.0 circuit

12980.0 3708.0 608.0 108.0 Reversed.

13100.0 3824.0 360.0 108.0 Helen
13572.0 3828.0 132.0 108.0 C.
13824.0 3824.0 288.0 112.0 Burr
14116.0 3904.0 24.0 52.0 ,
14256.0 3832.0 564.0 128.0 appellant
14832.0 3908.0 28.0 48.0 ,
14979.0 3856.0 120.0 80.0 vs
15180.0 3824.0 356.0 108.0 Suah
15648.0 3824.0 136.0 104.0 A.

12976.0 3940.0 540.0 112.0 Knowles
13627.0 3952.0 108.0 100.0 et
13843.0 3948.0 140.0 108.0 al.
14176.0 3948.0 696.0 108.0 Blackhavvk
14984.0 3948.0 432.0 112.0 circuit.
15591.0 3948.0 164.0 96.0 Af

12984.0 4064.0 424.0 104.0 firmed.

13100.0 4176.0 364.0 108.0 Dnvld
13520.0 4180.0 444.0 116.0 Bowers
13972.0 4256.0 24.0 36.0 ,
14044.0 4180.0 576.0 128.0 appellant
14632.0 4256.0 24.0 40.0 ,
14776.0 4208.0 124.0 80.0 vs
14956.0 4180.0 320.0 104.0 Isaac
15328.0 4176.0 116.0 104.0 P.
15508.0 4172.0 280.0 108.0 Hal-

12984.0 4296.0 248.0 104.0 lock
13340.0 4304.0 228.0 100.0 and
13676.0 4304.0 504.0 100.0 anothei.
14344.0 4300.0 572.0 108.0 Audubon
15032.0 4300.0 432.0 104.0 circuit
15596.0 4296.0 204.0 100.0 At-

12984.0 4416.0 420.0 108.0 tinned.

13100.0 4536.0 312.0 100.0 State
13416.0 4608.0 24.0 44.0 ,
13552.0 4528.0 572.0 132.0 appellant
14136.0 4612.0 24.0 48.0 ,
14275.0 4564.0 124.0 76.0 vs
14447.0 4528.0 460.0 112.0 Charles
14987.0 4528.0 396.0 108.0 Arden
15496.0 4528.0 108.0 104.0 et
15652.0 4520.0 144.0 112.0 al.

12980.0 4644.0 464.0 108.0 Clinton
13496.0 4652.0 476.0 108.0 district.
14144.0 4652.0 588.0 108.0 Reversed.

13103.0 4768.0 264.0 100.0 Geo.
13488.0 4768.0 132.0 104.0 D.
13676.0 4768.0 548.0 108.0 Harrison
14308.0 4796.0 124.0 76.0 vs
14488.0 4768.0 492.0 104.0 Hcrnnn
15084.0 4756.0 676.0 112.0 Wllmorlng
15771.0 4832.0 24.0 44.0 ,

12984.0 4884.0 608.0 116.0 appellint.
13668.0 4884.0 416.0 104.0 Louisa
14116.0 4888.0 468.0 100.0 district
14640.0 4884.0 576.0 104.0 Alllrmed.
15292.0 4876.0 504.0 124.0 Opinion

12984.0 4996.0 144.0 124.0 by
13172.0 5000.0 436.0 104.0 AdntiH
13616.0 5076.0 24.0 48.0 ,
13699.0 5008.0 296.0 100.0 Reed
14068.0 5000.0 688.0 124.0 dissenting.

13416.0 5248.0 260.0 96.0 DCS
13752.0 5244.0 512.0 104.0 Molnos
14275.0 5316.0 28.0 40.0 ,
14383.0 5248.0 200.0 108.0 Hit
14584.0 5276.0 44.0 88.0 ;
14699.0 5244.0 740.0 116.0 Distillery.

13112.0 5380.0 256.0 108.0 Dr.s
13436.0 5380.0 492.0 116.0 MOIVKS
13936.0 5459.0 24.0 40.0 ,
14023.0 5384.0 148.0 104.0 la.
14192.0 5456.0 24.0 52.0 ,
14296.0 5384.0 380.0 108.0 March
14728.0 5388.0 144.0 104.0 10.
15023.0 5384.0 32.0 124.0 [
15072.0 5376.0 440.0 128.0 Special
15564.0 5372.0 204.0 108.0 Tel-

12988.0 5552.0 376.0 96.0 egram
13419.0 5524.0 116.0 104.0 to
13620.0 5527.0 188.0 104.0 the
13860.0 5527.0 216.0 104.0 BKI
14088.0 5552.0 28.0 80.0 :
14128.0 5600.0 24.0 32.0 .
14184.0 5527.0 20.0 116.0 |
14352.0 5527.0 204.0 104.0 Mr.
14648.0 5527.0 432.0 120.0 George
15156.0 5520.0 192.0 112.0 W.
15460.0 5520.0 304.0 104.0 Kldd
15780.0 5592.0 20.0 48.0 ,

12992.0 5668.0 120.0 100.0 of
13164.0 5663.0 280.0 108.0 New
13504.0 5668.0 304.0 104.0 York
13820.0 5744.0 24.0 48.0 ,
13900.0 5672.0 624.0 128.0 pioprlctor
14568.0 5676.0 120.0 96.0 of
14735.0 5668.0 188.0 108.0 the
14976.0 5660.0 832.0 112.0 International

12992.0 5808.0 972.0 128.0 distillerystated
14012.0 5812.0 224.0 108.0 this
14284.0 5820.0 600.0 100.0 afternoon
14920.0 5816.0 240.0 100.0 tint
15200.0 5812.0 136.0 104.0 ho
15384.0 5804.0 216.0 108.0 had
15644.0 5832.0 128.0 84.0 ac-

12992.0 5952.0 392.0 128.0 cepted
13432.0 5984.0 68.0 76.0 a
13548.0 5956.0 700.0 128.0 proposition
14308.0 5960.0 284.0 100.0 from
14704.0 5956.0 188.0 104.0 the
14976.0 5952.0 512.0 108.0 Western
15604.0 5948.0 208.0 104.0 Kx-

12995.0 6100.0 248.0 120.0 port
13284.0 6100.0 672.0 104.0 association
14008.0 6100.0 120.0 100.0 ot
14195.0 6100.0 544.0 104.0 distillers
14792.0 6104.0 112.0 100.0 to
14951.0 6096.0 320.0 108.0 close
15324.0 6092.0 172.0 104.0 his
15576.0 6092.0 176.0 104.0 dis-

12995.0 6232.0 372.0 132.0 tillery
13416.0 6240.0 360.0 104.0 under
13820.0 6248.0 188.0 104.0 the
14052.0 6244.0 296.0 104.0 rules
14411.0 6248.0 124.0 100.0 of
14599.0 6240.0 188.0 108.0 the
14864.0 6240.0 672.0 104.0 association
15552.0 6308.0 24.0 52.0 ,
15619.0 6236.0 200.0 104.0 be-

13000.0 6380.0 196.0 104.0 ine
13248.0 6380.0 260.0 120.0 paid
13556.0 6388.0 176.0 96.0 for
13771.0 6388.0 188.0 104.0 the
14008.0 6384.0 512.0 128.0 cipacity
14563.0 6388.0 124.0 100.0 of
14760.0 6384.0 172.0 104.0 his
14979.0 6380.0 372.0 104.0 works
15360.0 6456.0 24.0 40.0 ,
15444.0 6376.0 360.0 108.0 wnlch

13004.0 6496.0 92.0 104.0 Is
13136.0 6504.0 280.0 108.0 0,000
13460.0 6500.0 448.0 104.0 bushels
13956.0 6504.0 120.0 100.0 of
14144.0 6504.0 316.0 104.0 irraln
14572.0 6500.0 356.0 140.0 dally.
15064.0 6496.0 288.0 104.0 This
15420.0 6524.0 332.0 80.0 accep-

13000.0 6628.0 324.0 92.0 tance
13328.0 6688.0 28.0 48.0 ,
13468.0 6620.0 516.0 104.0 however
13987.0 6692.0 28.0 44.0 ,
14131.0 6644.0 232.0 80.0 was
14464.0 6607.0 664.0 112.0 considered
15236.0 6636.0 304.0 100.0 upon
15640.0 6616.0 176.0 96.0 his

13004.0 6732.0 336.0 120.0 being
13383.0 6736.0 600.0 120.0 permitted
14052.0 6739.0 116.0 96.0 to
14248.0 6736.0 548.0 100.0 continue
14884.0 6728.0 932.0 116.0 manufacturing

13004.0 6848.0 224.0 104.0 and
13300.0 6852.0 200.0 100.0 sell
13544.0 6852.0 440.0 104.0 outside
14028.0 6856.0 120.0 96.0 of
14220.0 6856.0 524.0 100.0 thostato
14812.0 6848.0 160.0 104.0 foi
15036.0 6852.0 188.0 100.0 the
15272.0 6872.0 544.0 96.0 purposes

13004.0 6964.0 476.0 108.0 allowed
13527.0 6968.0 144.0 124.0 by
13720.0 6968.0 212.0 104.0 law
13984.0 6964.0 332.0 108.0 while
14364.0 6968.0 188.0 104.0 the
14616.0 6992.0 256.0 80.0 case
14924.0 6968.0 96.0 100.0 Is
15068.0 6964.0 508.0 116.0 pending
15627.0 6964.0 128.0 100.0 be-

13012.0 7084.0 240.0 100.0 fore
13300.0 7084.0 184.0 100.0 the
13552.0 7104.0 520.0 104.0 supreme
14172.0 7092.0 360.0 100.0 court.
14672.0 7084.0 116.0 100.0 If
14843.0 7084.0 376.0 120.0 Judge
15331.0 7084.0 436.0 100.0 Conrad
15784.0 7147.0 24.0 52.0 ,

13012.0 7208.0 248.0 88.0 who
13304.0 7196.0 456.0 108.0 decided
13804.0 7204.0 584.0 104.0 adversely
14428.0 7208.0 116.0 96.0 to
14591.0 7200.0 228.0 104.0 him
14868.0 7232.0 68.0 72.0 a
14984.0 7196.0 792.0 112.0 fcwdivsiigo
15784.0 7268.0 28.0 48.0 ,

13008.0 7312.0 236.0 104.0 will
13288.0 7324.0 480.0 96.0 consent
13812.0 7324.0 112.0 100.0 to
13972.0 7320.0 232.0 104.0 that
14220.0 7392.0 24.0 52.0 ,
14300.0 7320.0 140.0 104.0 ho
14496.0 7320.0 228.0 100.0 will
14771.0 7320.0 544.0 100.0 continue
15364.0 7320.0 188.0 96.0 the
15600.0 7304.0 176.0 112.0 dis-

13008.0 7432.0 368.0 124.0 tillery
13404.0 7456.0 28.0 92.0 ;
13504.0 7436.0 592.0 100.0 otherwise
14188.0 7436.0 136.0 100.0 ho
14380.0 7436.0 224.0 100.0 will
14712.0 7436.0 300.0 100.0 close
15123.0 7432.0 84.0 104.0 It
15311.0 7444.0 116.0 88.0 at
15516.0 7452.0 288.0 84.0 once

13008.0 7547.0 348.0 100.0 undei
13424.0 7547.0 188.0 104.0 the
13656.0 7551.0 296.0 104.0 rules
13996.0 7556.0 124.0 96.0 of
14184.0 7556.0 184.0 96.0 the
14411.0 7551.0 732.0 104.0 association.
15260.0 7547.0 296.0 100.0 Over
15600.0 7568.0 220.0 80.0 one

13012.0 7664.0 512.0 104.0 hundred
13580.0 7664.0 644.0 128.0 prominent
14267.0 7668.0 472.0 104.0 citi/ons
14807.0 7664.0 396.0 104.0 united
15264.0 7664.0 112.0 100.0 In
15436.0 7692.0 64.0 72.0 a
15544.0 7672.0 236.0 112.0 peti-

13020.0 7780.0 232.0 100.0 tion
13308.0 7780.0 372.0 104.0 asklni
13680.0 7812.0 40.0 84.0 ;
13768.0 7788.0 228.0 96.0 him
14044.0 7792.0 204.0 96.0 not
14296.0 7792.0 112.0 92.0 to
14455.0 7808.0 448.0 80.0 remove
14996.0 7788.0 176.0 96.0 his
15220.0 7780.0 536.0 104.0 establish-

13012.0 7900.0 308.0 100.0 ment
13328.0 7968.0 24.0 44.0 ,
13412.0 7904.0 188.0 96.0 but
13652.0 7912.0 112.0 88.0 lo
13828.0 7916.0 452.0 108.0 operalo
14332.0 7904.0 80.0 100.0 It
14464.0 7900.0 256.0 104.0 heto
14771.0 7904.0 176.0 96.0 for
14996.0 7900.0 184.0 100.0 the
15272.0 7920.0 544.0 100.0 purposes

13012.0 8012.0 472.0 104.0 allowed
13540.0 8023.0 136.0 112.0 by
13728.0 8016.0 240.0 112.0 law.
14095.0 8016.0 376.0 116.0 JiuUe
14563.0 8016.0 548.0 104.0 Conrad's
15184.0 8008.0 636.0 104.0 Intentions

13016.0 8155.0 184.0 72.0 are
13248.0 8136.0 200.0 96.0 not
13496.0 8144.0 184.0 92.0 vet
13728.0 8132.0 416.0 104.0 known
14160.0 8204.0 28.0 44.0 ,
14252.0 8136.0 192.0 100.0 but
14491.0 8128.0 88.0 108.0 It
14627.0 8132.0 96.0 104.0 is
14807.0 8128.0 540.0 124.0 expected
15400.0 8128.0 140.0 100.0 ho
15591.0 8128.0 232.0 100.0 will

13016.0 8244.0 260.0 104.0 take
13320.0 8248.0 468.0 104.0 decided
13836.0 8252.0 372.0 104.0 action
14272.0 8252.0 112.0 100.0 In
14440.0 8280.0 64.0 68.0 a
14596.0 8260.0 220.0 88.0 tow
14907.0 8252.0 312.0 120.0 dajs.
15347.0 8244.0 248.0 100.0 The
15652.0 8244.0 128.0 100.0 In-

13016.0 8364.0 684.0 104.0 ternational
13756.0 8368.0 88.0 100.0 is
13892.0 8368.0 188.0 100.0 the
14164.0 8368.0 220.0 104.0 last
14472.0 8364.0 556.0 124.0 distillery
15120.0 8355.0 532.0 132.0 operated
15708.0 8359.0 112.0 100.0 in

13016.0 8480.0 188.0 100.0 the
13252.0 8484.0 320.0 104.0 state.

13704.0 8728.0 484.0 100.0 United
14272.0 8732.0 432.0 96.0 Labor
14776.0 8728.0 396.0 96.0 Wins.

13136.0 8864.0 600.0 108.0 Misnovui
13776.0 8860.0 540.0 116.0 VAM.EV
14324.0 8940.0 24.0 44.0 ,
14392.0 8864.0 148.0 108.0 la.
14555.0 8940.0 28.0 48.0 ,
14632.0 8864.0 380.0 108.0 March
15056.0 8868.0 140.0 100.0 10.
15344.0 8864.0 36.0 124.0 [
15392.0 8856.0 440.0 132.0 Special

13020.0 9024.0 116.0 84.0 to
13180.0 9012.0 188.0 100.0 the
13424.0 9008.0 288.0 104.0 UKK.
13728.0 9008.0 36.0 128.0 ]
13900.0 9012.0 244.0 100.0 The
14195.0 9008.0 496.0 128.0 Knights
14744.0 9012.0 120.0 96.0 of
14943.0 9008.0 360.0 104.0 Libor
15347.0 9004.0 124.0 104.0 of
15555.0 9004.0 220.0 104.0 Mis-

13024.0 9152.0 300.0 100.0 souri
13388.0 9148.0 404.0 132.0 Valley
13836.0 9156.0 384.0 124.0 placed
14272.0 9184.0 64.0 72.0 a
14380.0 9152.0 480.0 116.0 straight
14907.0 9148.0 308.0 108.0 labor
15292.0 9148.0 352.0 104.0 ticket
15712.0 9144.0 116.0 104.0 in

13020.0 9292.0 192.0 104.0 the
13264.0 9292.0 252.0 104.0 Held
13608.0 9299.0 116.0 96.0 at
13812.0 9303.0 288.0 100.0 their
14203.0 9295.0 228.0 112.0 cltv
14519.0 9292.0 476.0 108.0 election
15012.0 9363.0 24.0 48.0 ,
15092.0 9288.0 556.0 112.0 resulting
15716.0 9288.0 116.0 100.0 in

13020.0 9435.0 192.0 100.0 the
13256.0 9435.0 476.0 104.0 election
13776.0 9435.0 120.0 104.0 of
13944.0 9435.0 288.0 104.0 tliPir
14267.0 9435.0 604.0 104.0 candidate
14920.0 9435.0 180.0 100.0 for
15144.0 9460.0 232.0 96.0 maj
15411.0 9460.0 124.0 72.0 or
15663.0 9428.0 164.0 108.0 W.

13036.0 9575.0 124.0 104.0 W
13167.0 9648.0 28.0 40.0 ,
13252.0 9575.0 412.0 108.0 Scaton
13800.0 9580.0 224.0 108.0 and
14076.0 9580.0 692.0 104.0 threeoutof
14820.0 9592.0 208.0 88.0 live
15072.0 9571.0 760.0 108.0 councllmen.

13016.0 9720.0 244.0 104.0 The
13304.0 9720.0 228.0 120.0 city
13584.0 9724.0 92.0 100.0 Is
13716.0 9724.0 648.0 124.0 piactlcally
14411.0 9724.0 112.0 100.0 In
14588.0 9720.0 184.0 104.0 the
14820.0 9720.0 432.0 104.0 control
15303.0 9716.0 124.0 100.0 of
15483.0 9716.0 352.0 104.0 labor-

13028.0 9839.0 200.0 104.0 ins
13275.0 9864.0 288.0 80.0 men.
13640.0 9839.0 108.0 104.0 It
13788.0 9839.0 92.0 100.0 Is
13932.0 9839.0 564.0 116.0 piedlctcd
14548.0 9843.0 244.0 96.0 that
14843.0 9835.0 528.0 104.0 Missouri
15424.0 9832.0 412.0 120.0 Valley

13028.0 9956.0 228.0 100.0 will
13304.0 9956.0 284.0 108.0 have
13635.0 9984.0 64.0 76.0 a
13784.0 9956.0 316.0 104.0 clean
14112.0 10032.0 24.0 40.0 ,
14228.0 9956.0 780.0 108.0 conservative
15112.0 9952.0 680.0 100.0 administra-

13024.0 10072.0 236.0 100.0 tion
13320.0 10076.0 176.0 96.0 for
13540.0 10072.0 188.0 104.0 the
13776.0 10096.0 272.0 80.0 next
14095.0 10084.0 224.0 92.0 two
14368.0 10100.0 324.0 88.0 years
14724.0 10072.0 224.0 100.0 and
14992.0 10096.0 64.0 76.0 a
15092.0 10068.0 748.0 116.0 government

13024.0 10188.0 244.0 100.0 that
13311.0 10188.0 228.0 104.0 will
13592.0 10192.0 352.0 108.0 mmrd
13992.0 10188.0 252.0 104.0 well
14296.0 10188.0 188.0 104.0 the
14527.0 10192.0 244.0 96.0 best
14840.0 10188.0 532.0 100.0 Intoiests
15436.0 10188.0 124.0 96.0 of
15644.0 10188.0 192.0 96.0 the

13020.0 10307.0 260.0 112.0 city.
13416.0 10304.0 400.0 120.0 Mayor
13868.0 10304.0 424.0 104.0 Dutton
14336.0 10311.0 224.0 96.0 and
14612.0 10304.0 176.0 104.0 his
14824.0 10300.0 708.0 108.0 councllmen
15583.0 10300.0 252.0 100.0 who

13024.0 10447.0 184.0 72.0 are
13252.0 10420.0 332.0 104.0 about
13632.0 10436.0 116.0 88.0 to
13796.0 10424.0 328.0 100.0 retire
14172.0 10424.0 284.0 100.0 have
14500.0 10424.0 296.0 100.0 done
14892.0 10420.0 292.0 112.0 uood
15275.0 10416.0 316.0 104.0 work
15660.0 10424.0 180.0 92.0 tor

13024.0 10540.0 188.0 96.0 the
13256.0 10540.0 232.0 100.0 cltv
13572.0 10540.0 112.0 100.0 in
13800.0 10540.0 192.0 100.0 the
14092.0 10548.0 252.0 100.0 past
14432.0 10540.0 224.0 100.0 and
14712.0 10540.0 284.0 96.0 have
15084.0 10540.0 228.0 96.0 met
15396.0 10536.0 192.0 100.0 the
15655.0 10556.0 136.0 80.0 ex-

13031.0 10636.0 564.0 140.0 pectation
13648.0 10655.0 228.0 104.0 and
13944.0 10655.0 536.0 124.0 approval
14527.0 10655.0 120.0 100.0 of
14720.0 10655.0 144.0 100.0 its
14907.0 10651.0 516.0 104.0 citizens.

13028.0 10923.0 388.0 96.0 Sioux
13468.0 10919.0 400.0 120.0 City's
13928.0 10928.0 524.0 92.0 Winter
14527.0 10923.0 504.0 112.0 Brlduo
15072.0 10919.0 464.0 96.0 Taken
15591.0 10919.0 236.0 116.0 Up.

13144.0 11059.0 392.0 104.0 Sioux
13584.0 11059.0 304.0 108.0 CITV
13892.0 11132.0 24.0 52.0 ,
13984.0 11059.0 144.0 104.0 la.
14144.0 11136.0 28.0 44.0 ,
14228.0 11055.0 384.0 108.0 March
14668.0 11064.0 140.0 96.0 10.
14956.0 11059.0 32.0 120.0 [
15004.0 11055.0 440.0 112.0 Special
15511.0 11055.0 272.0 100.0 Tele-

13024.0 11228.0 308.0 96.0 gram
13383.0 11204.0 112.0 100.0 to
13540.0 11204.0 188.0 100.0 the
13776.0 11204.0 284.0 104.0 Uir.
13915.0 11228.0 24.0 80.0 :
14092.0 11204.0 20.0 124.0 |
14252.0 11204.0 240.0 100.0 The
14548.0 11204.0 408.0 100.0 winter
15023.0 11200.0 388.0 120.0 bridge
15464.0 11224.0 372.0 80.0 across

13028.0 11352.0 188.0 96.0 the
13300.0 11344.0 528.0 104.0 Missouri
13920.0 11348.0 296.0 100.0 river
14308.0 11372.0 228.0 76.0 was
14584.0 11344.0 384.0 120.0 to-day
15015.0 11344.0 344.0 100.0 taken
15416.0 11368.0 148.0 96.0 up
15612.0 11340.0 228.0 104.0 and

13024.0 11484.0 148.0 104.0 all
13256.0 11488.0 952.0 104.0 communication
14267.0 11488.0 268.0 100.0 with
14591.0 11492.0 188.0 96.0 the
14871.0 11484.0 596.0 104.0 Nebraska
15511.0 11480.0 332.0 104.0 shore

13024.0 11636.0 188.0 100.0 cut
13256.0 11632.0 204.0 104.0 off.
13592.0 11628.0 284.0 108.0 This
13912.0 11655.0 232.0 80.0 was
14188.0 11632.0 316.0 104.0 made
14544.0 11651.0 592.0 96.0 necessary
15167.0 11651.0 148.0 80.0 on
15372.0 11628.0 472.0 100.0 account

13024.0 11780.0 124.0 92.0 of
13208.0 11780.0 192.0 100.0 Wio
13500.0 11772.0 664.0 108.0 threatened
14275.0 11776.0 340.0 96.0 break
14732.0 11795.0 152.0 96.0 up
14968.0 11772.0 124.0 96.0 of
15159.0 11768.0 192.0 104.0 the
15408.0 11768.0 192.0 104.0 Ice.
15735.0 11776.0 104.0 92.0 A

13024.0 11888.0 340.0 116.0 slleht
13452.0 11892.0 220.0 96.0 rise
13760.0 11892.0 272.0 116.0 only
14124.0 11916.0 232.0 76.0 was
14440.0 11884.0 632.0 104.0 noticeable
15140.0 11884.0 380.0 120.0 to-day
15524.0 11956.0 28.0 44.0 ,
15648.0 11884.0 196.0 100.0 but

13028.0 12008.0 184.0 100.0 old
13304.0 12008.0 444.0 100.0 settlers
13840.0 12003.0 432.0 124.0 predict
14356.0 12003.0 188.0 104.0 the
14599.0 12003.0 352.0 120.0 going
14996.0 12008.0 200.0 92.0 out
15256.0 12003.0 128.0 96.0 of
15447.0 12003.0 188.0 100.0 the
15684.0 12003.0 160.0 100.0 ice

13031.0 12120.0 144.0 124.0 by
13260.0 12120.0 468.0 120.0 Sunday
13815.0 12123.0 576.0 100.0 orbefme.
14519.0 12123.0 244.0 100.0 'Ihe
14852.0 12116.0 500.0 104.0 transfer
15400.0 12116.0 260.0 104.0 boat
15752.0 12116.0 92.0 100.0 Is

13031.0 12240.0 112.0 100.0 in
13260.0 12240.0 580.0 100.0 readiness
13944.0 12244.0 116.0 96.0 to
14152.0 12263.0 324.0 80.0 move
14584.0 12244.0 116.0 96.0 at
14788.0 12259.0 204.0 96.0 anj
15064.0 12244.0 268.0 96.0 time
15336.0 12308.0 28.0 48.0 ,
15420.0 12232.0 424.0 124.0 having

13028.0 12360.0 352.0 100.0 steam
13424.0 12356.0 648.0 124.0 constantly
14124.0 12380.0 192.0 96.0 up.

13184.0 12628.0 416.0 92.0 Trout
13648.0 12620.0 460.0 100.0 Taken
14160.0 12640.0 140.0 80.0 to
14347.0 12624.0 228.0 96.0 the
14656.0 12624.0 992.0 112.0 Penitentiary.

13148.0 12760.0 388.0 108.0 Siorx
13584.0 12764.0 304.0 104.0 CITV
13892.0 12836.0 28.0 48.0 ,
13980.0 12760.0 148.0 104.0 la.
14144.0 12836.0 28.0 48.0 ,
14224.0 12760.0 380.0 104.0 March
14680.0 12764.0 156.0 96.0 10.
14992.0 12760.0 28.0 120.0 [
15036.0 12756.0 440.0 128.0 Special
15524.0 12756.0 320.0 104.0 Tele-

13031.0 12931.0 304.0 80.0 cram
13428.0 12912.0 116.0 96.0 to
13627.0 12904.0 184.0 104.0 the
13900.0 12904.0 292.0 104.0 Br.K.
14228.0 12904.0 20.0 120.0 |
14396.0 12904.0 428.0 104.0 Geor-o
14907.0 12908.0 140.0 100.0 A.
15148.0 12900.0 360.0 104.0 Trout
15516.0 12976.0 24.0 48.0 ,
15600.0 12928.0 200.0 76.0 sen-

13031.0 13044.0 400.0 108.0 tenced
13516.0 13056.0 116.0 92.0 to
13699.0 13048.0 188.0 104.0 the
13972.0 13048.0 768.0 124.0 pcnltcntlaiy
14828.0 13052.0 176.0 92.0 tor
15087.0 13044.0 204.0 104.0 life
15388.0 13044.0 180.0 100.0 for
15655.0 13044.0 188.0 100.0 the

13036.0 13164.0 444.0 104.0 murder
13563.0 13164.0 124.0 104.0 of
13756.0 13164.0 168.0 104.0 Kd
14052.0 13164.0 372.0 104.0 Hatch
14512.0 13164.0 220.0 104.0 last
14776.0 13188.0 492.0 76.0 summer
15272.0 13232.0 24.0 52.0 ,
15364.0 13188.0 224.0 80.0 was
15680.0 13168.0 116.0 96.0 to-

13028.0 13283.0 224.0 116.0 day
13296.0 13279.0 344.0 104.0 taken
13699.0 13283.0 112.0 100.0 to
13860.0 13279.0 616.0 112.0 Anamosa.

13216.0 13547.0 276.0 100.0 1119
13580.0 13543.0 944.0 104.0 DAUGI1TU11
14591.0 13547.0 156.0 96.0 IN
14824.0 13547.0 344.0 96.0 THE
15248.0 13547.0 432.0 100.0 WAY.

13040.0 13755.0 104.0 100.0 \
13308.0 13751.0 960.0 120.0 Philadelphia
14436.0 13755.0 560.0 96.0 Woman
15195.0 13751.0 652.0 96.0 Commits

13272.0 13896.0 564.0 92.0 Murder
13920.0 13908.0 140.0 80.0 to
14148.0 13900.0 504.0 92.0 Secure
14735.0 13920.0 88.0 72.0 a
14912.0 13896.0 696.0 100.0 iluabanil.
15644.0 13968.0 68.0 60.0 u
15784.0 13988.0 52.0 32.0 ,

12976.0 14015.0 1168.0 116.0 Tfni/ADEi.rmA
13452.0 14023.0 32.0 108.0 /
14160.0 14100.0 28.0 48.0 ,
14239.0 14023.0 384.0 104.0 March
14696.0 14027.0 144.0 100.0 10.
14987.0 14032.0 32.0 116.0 [
15032.0 14011.0 448.0 124.0 Special
15544.0 14015.0 316.0 112.0 Tele-

13056.0 14196.0 320.0 92.0 giam
13500.0 14180.0 116.0 92.0 to
13712.0 14172.0 188.0 100.0 the
14044.0 14168.0 356.0 124.0 BEK.J
14536.0 14163.0 372.0 108.0 When
14960.0 14168.0 316.0 104.0 John
15324.0 14163.0 172.0 108.0 W.
15583.0 14168.0 272.0 100.0 Nib-

13036.0 14312.0 252.0 108.0 lock
13372.0 14308.0 532.0 108.0 returned
13992.0 14316.0 112.0 100.0 to
14152.0 14312.0 176.0 108.0 his
14372.0 14312.0 332.0 100.0 homo
14712.0 14388.0 24.0 40.0 ,
14784.0 14312.0 236.0 96.0 2)11
14843.0 14316.0 28.0 88.0 !
15080.0 14308.0 84.0 104.0 K
15212.0 14316.0 344.0 100.0 stieot
15564.0 14384.0 28.0 48.0 ,
15644.0 14312.0 216.0 100.0 last

13048.0 14452.0 500.0 120.0 evening
13552.0 14528.0 24.0 36.0 ,
13632.0 14460.0 136.0 96.0 be
13860.0 14452.0 360.0 104.0 found
14296.0 14456.0 188.0 100.0 the
14560.0 14452.0 464.0 100.0 bodvof
15116.0 14452.0 180.0 100.0 his
15360.0 14456.0 500.0 112.0 twenty-

13048.0 14588.0 852.0 112.0 threeearold
13944.0 14592.0 552.0 112.0 dauchter
14500.0 14664.0 24.0 44.0 ,
14576.0 14592.0 396.0 100.0 Annie
14976.0 14664.0 28.0 44.0 ,
15059.0 14592.0 512.0 120.0 hanging
15616.0 14600.0 112.0 96.0 to
15792.0 14619.0 68.0 72.0 a

13036.0 14763.0 272.0 92.0 rope
13352.0 14728.0 520.0 116.0 attached
13920.0 14740.0 112.0 100.0 to
14084.0 14732.0 188.0 108.0 the
14339.0 14744.0 500.0 92.0 transom
14888.0 14736.0 124.0 100.0 of
15076.0 14732.0 188.0 104.0 the
15311.0 14732.0 308.0 108.0 door.
15748.0 14732.0 112.0 104.0 It

13040.0 14908.0 232.0 80.0 was
13304.0 14883.0 204.0 100.0 hut
13552.0 14880.0 188.0 104.0 the
13792.0 14880.0 312.0 108.0 work
14148.0 14880.0 128.0 100.0 of
14316.0 14908.0 64.0 72.0 a
14416.0 14880.0 504.0 100.0 moment
14968.0 14876.0 176.0 100.0 for
15188.0 14876.0 192.0 104.0 the
15432.0 14880.0 428.0 100.0 horror-

13036.0 15023.0 496.0 108.0 stricken
13584.0 15027.0 404.0 120.0 parent
14032.0 15023.0 112.0 100.0 to
14188.0 15044.0 320.0 80.0 sever
14552.0 15019.0 188.0 104.0 the
14812.0 15015.0 256.0 108.0 cord
15080.0 15091.0 24.0 48.0 ,
15164.0 15023.0 192.0 96.0 but
15400.0 15023.0 188.0 96.0 the
15636.0 15019.0 212.0 120.0 girl

13040.0 15196.0 232.0 76.0 was
13311.0 15167.0 248.0 104.0 cold
13608.0 15163.0 228.0 104.0 and
13884.0 15163.0 236.0 104.0 stiff
14167.0 15167.0 116.0 96.0 In
14336.0 15163.0 336.0 100.0 death
14720.0 15163.0 232.0 100.0 and
15000.0 15159.0 216.0 104.0 had
15264.0 15159.0 592.0 124.0 evidently

13040.0 15316.0 276.0 100.0 been
13408.0 15307.0 288.0 104.0 dead
13784.0 15307.0 176.0 100.0 for
14040.0 15307.0 432.0 104.0 several
14568.0 15307.0 380.0 100.0 hours.
15087.0 15303.0 384.0 104.0 About
15536.0 15307.0 324.0 100.0 throe

13040.0 15456.0 232.0 104.0 feet
13311.0 15456.0 288.0 100.0 from
13652.0 15448.0 188.0 108.0 the
13884.0 15448.0 296.0 124.0 body
14184.0 15524.0 28.0 44.0 ,
14275.0 15448.0 240.0 124.0 just
14563.0 15448.0 376.0 104.0 inside
15004.0 15443.0 192.0 108.0 the
15236.0 15448.0 280.0 100.0 door
15564.0 15443.0 248.0 108.0 leadIng
15816.0 15499.0 36.0 24.0 -

13044.0 15600.0 196.0 120.0 Ing
13280.0 15612.0 116.0 88.0 to
13440.0 15596.0 188.0 104.0 the
13720.0 15596.0 312.0 100.0 trent
14076.0 15616.0 300.0 76.0 room
14392.0 15664.0 24.0 48.0 ,
14472.0 15620.0 232.0 76.0 was
14744.0 15620.0 68.0 72.0 a
14856.0 15588.0 316.0 104.0 chair
15260.0 15588.0 396.0 128.0 laying
15699.0 15616.0 148.0 76.0 on-

13044.0 15744.0 144.0 100.0 Us
13304.0 15736.0 240.0 108.0 side
13552.0 15812.0 24.0 44.0 ,
13696.0 15740.0 228.0 100.0 and
14032.0 15736.0 184.0 104.0 the
14324.0 15736.0 396.0 120.0 theory
14812.0 15736.0 92.0 100.0 Is
14992.0 15732.0 248.0 104.0 that
15324.0 15736.0 200.0 100.0 she
15636.0 15736.0 216.0 100.0 had

13040.0 15880.0 616.0 124.0 attempted
13760.0 15880.0 120.0 104.0 to
13980.0 15903.0 476.0 100.0 arrange
14548.0 15907.0 64.0 72.0 a
14699.0 15876.0 324.0 112.0 swini
15023.0 15903.0 48.0 88.0 ;
15076.0 15948.0 28.0 48.0 ,
15200.0 15876.0 332.0 104.0 when
15668.0 15888.0 188.0 92.0 the

13040.0 16024.0 316.0 108.0 chair
13440.0 16024.0 320.0 104.0 tilted
13771.0 16095.0 24.0 48.0 ,
13851.0 16024.0 228.0 100.0 and
14136.0 16024.0 116.0 100.0 In
14303.0 16024.0 188.0 100.0 the
14568.0 16020.0 204.0 104.0 fall
14820.0 16024.0 192.0 96.0 the
15056.0 16039.0 268.0 100.0 rope
15408.0 16020.0 452.0 104.0 became

13044.0 16167.0 480.0 104.0 knotted
13632.0 16163.0 440.0 108.0 around
14180.0 16163.0 196.0 104.0 her
14483.0 16163.0 320.0 104.0 neck.
14936.0 16159.0 244.0 104.0 The
15308.0 16163.0 212.0 120.0 girl
15632.0 16192.0 232.0 76.0 was

13048.0 16311.0 572.0 120.0 womanly
13668.0 16307.0 444.0 128.0 beyond
14200.0 16315.0 568.0 112.0 heijears
14816.0 16307.0 228.0 100.0 mid
15136.0 16311.0 476.0 100.0 devoted
15663.0 16307.0 196.0 100.0 her

13044.0 16455.0 368.0 104.0 whole
13464.0 16455.0 272.0 100.0 time
13824.0 16455.0 112.0 104.0 to
13987.0 16455.0 184.0 100.0 the
14216.0 16476.0 256.0 80.0 care
14516.0 16451.0 124.0 100.0 of
14724.0 16455.0 192.0 96.0 the
14984.0 16447.0 348.0 104.0 house
15375.0 16455.0 224.0 100.0 and
15660.0 16451.0 208.0 100.0 her

13048.0 16600.0 292.0 104.0 little
13424.0 16596.0 456.0 108.0 brother
13924.0 16596.0 228.0 104.0 and
14244.0 16591.0 332.0 104.0 sister
14576.0 16664.0 28.0 48.0 ,
14660.0 16591.0 272.0 104.0 theli
14996.0 16596.0 440.0 100.0 mother
15519.0 16591.0 344.0 116.0 being

13048.0 16740.0 280.0 108.0 dead
13340.0 16816.0 28.0 48.0 ,
13480.0 16744.0 224.0 96.0 and
13716.0 16816.0 24.0 44.0 ,
13851.0 16736.0 540.0 116.0 although
14500.0 16732.0 536.0 128.0 deprived
15148.0 16736.0 120.0 100.0 In
15380.0 16764.0 68.0 76.0 a
15552.0 16744.0 312.0 112.0 great

13056.0 16907.0 504.0 80.0 measure
13604.0 16888.0 124.0 96.0 of
13815.0 16884.0 188.0 104.0 the
14092.0 16880.0 508.0 120.0 pleasure
14688.0 16876.0 232.0 104.0 and
15004.0 16880.0 692.0 100.0 recreations
15744.0 16884.0 124.0 96.0 of

13048.0 17028.0 504.0 104.0 children
13648.0 17024.0 120.0 104.0 of
13860.0 17028.0 192.0 100.0 her
14136.0 17051.0 204.0 80.0 ace
14347.0 17096.0 24.0 48.0 ,
14428.0 17047.0 348.0 80.0 never
14856.0 17020.0 716.0 120.0 complained
15583.0 17092.0 28.0 44.0 ,
15672.0 17028.0 196.0 96.0 but

13056.0 17168.0 864.0 124.0 vvasalwajsof
13964.0 17164.0 608.0 104.0 acliecrful
14588.0 17239.0 24.0 48.0 ,
14672.0 17168.0 372.0 124.0 happy
15131.0 17164.0 728.0 124.0 disposition.

13056.0 17315.0 328.0 100.0 From
13472.0 17311.0 312.0 104.0 these
13872.0 17311.0 288.0 104.0 facts
14252.0 17311.0 84.0 100.0 It
14424.0 17336.0 228.0 76.0 was
14740.0 17307.0 508.0 104.0 believed
15339.0 17307.0 244.0 104.0 that
15672.0 17307.0 196.0 104.0 her

13056.0 17432.0 332.0 104.0 death
13500.0 17455.0 232.0 76.0 was
13836.0 17428.0 192.0 100.0 the
14131.0 17424.0 344.0 104.0 result
14584.0 17428.0 124.0 96.0 of
14856.0 17428.0 532.0 100.0 accident
15492.0 17428.0 360.0 100.0 ratliei

13056.0 17552.0 272.0 100.0 than
13424.0 17544.0 432.0 120.0 design.
13996.0 17544.0 476.0 100.0 Further
14576.0 17540.0 812.0 116.0 investigation
15483.0 17544.0 172.0 100.0 led
15752.0 17548.0 112.0 96.0 to

13056.0 17663.0 192.0 100.0 the
13292.0 17667.0 572.0 116.0 suspicion
13920.0 17663.0 240.0 96.0 that
14188.0 17659.0 188.0 100.0 the
14419.0 17659.0 312.0 116.0 gill's
14776.0 17659.0 340.0 100.0 death
15156.0 17684.0 232.0 76.0 was
15432.0 17659.0 440.0 100.0 neither

13059.0 17783.0 188.0 100.0 the
13292.0 17779.0 348.0 100.0 result
13680.0 17779.0 128.0 96.0 of
13840.0 17779.0 512.0 100.0 accident
14404.0 17799.0 208.0 76.0 nor
14656.0 17775.0 476.0 100.0 suicide.
15280.0 17775.0 356.0 104.0 When
15680.0 17775.0 192.0 100.0 the

13059.0 17896.0 372.0 104.0 father
13480.0 17900.0 528.0 96.0 returned
14052.0 17896.0 288.0 96.0 from
14388.0 17892.0 176.0 100.0 his
14616.0 17892.0 308.0 100.0 work
14972.0 17908.0 228.0 84.0 ami
15252.0 17892.0 356.0 100.0 found
15684.0 17892.0 176.0 100.0 his

13059.0 18016.0 552.0 132.0 daughter
13656.0 18007.0 504.0 124.0 hanging
14212.0 18012.0 116.0 96.0 in
14383.0 18012.0 188.0 96.0 the
14620.0 18007.0 348.0 100.0 house
15015.0 18007.0 180.0 100.0 his
15244.0 18012.0 224.0 100.0 two
15540.0 18007.0 328.0 100.0 other

13059.0 18108.0 500.0 128.0 children
13692.0 18156.0 64.0 72.0 a
13800.0 18127.0 216.0 116.0 boy
14052.0 18127.0 272.0 100.0 aed
14372.0 18131.0 648.0 96.0 hvoandan
15068.0 18123.0 108.0 100.0 in
15200.0 18123.0 252.0 100.0 taut
15583.0 18148.0 288.0 80.0 were

13064.0 18247.0 544.0 100.0 crouched
13724.0 18244.0 112.0 100.0 In
13948.0 18267.0 68.0 72.0 a
14116.0 18263.0 400.0 80.0 corner
14620.0 18244.0 124.0 96.0 of
14848.0 18240.0 188.0 100.0 the
15140.0 18263.0 308.0 76.0 room
15540.0 18240.0 336.0 120.0 badly

13064.0 18364.0 676.0 104.0 frlElitcned.
13876.0 18356.0 336.0 120.0 Upon
14336.0 18360.0 732.0 116.0 nuestlonins
15156.0 18364.0 192.0 92.0 the
15436.0 18356.0 212.0 124.0 boy
15740.0 18364.0 136.0 92.0 lie

13080.0 18479.0 232.0 100.0 told
13356.0 18479.0 172.0 96.0 his
13596.0 18471.0 372.0 108.0 father
14064.0 18475.0 248.0 100.0 that
14411.0 18471.0 276.0 100.0 Mis.
14799.0 18471.0 740.0 104.0 Mltchclland
15648.0 18471.0 224.0 104.0 and

13076.0 18595.0 320.0 100.0 Flora
13404.0 18663.0 24.0 36.0 ,
13484.0 18599.0 196.0 92.0 her
13720.0 18587.0 528.0 108.0 daltzhtei
14272.0 18663.0 28.0 44.0 ,
14356.0 18587.0 208.0 100.0 had
14620.0 18587.0 276.0 100.0 been
14951.0 18591.0 312.0 100.0 there
15303.0 18591.0 228.0 100.0 and
15627.0 18591.0 248.0 100.0 that

13067.0 18712.0 264.0 100.0 Mrs.
13392.0 18708.0 736.0 104.0 Mltchelland
14176.0 18704.0 212.0 104.0 hid
14444.0 18704.0 232.0 100.0 tied
14720.0 18708.0 392.0 100.0 Annie
15156.0 18716.0 120.0 92.0 to
15320.0 18708.0 188.0 100.0 the
15596.0 18708.0 280.0 100.0 door

13067.0 18840.0 548.0 88.0 transom.
13752.0 18824.0 268.0 104.0 Mrs.
14072.0 18820.0 740.0 104.0 Mltchelland
14860.0 18824.0 92.0 96.0 Is
15000.0 18848.0 64.0 76.0 a
15108.0 18824.0 552.0 108.0 neighbor
15756.0 18828.0 124.0 96.0 of

13067.0 18947.0 188.0 100.0 the
13304.0 18939.0 584.0 104.0 Nlblocks.
14020.0 18935.0 352.0 104.0 Little
14419.0 18939.0 372.0 100.0 notlco
14840.0 18964.0 228.0 76.0 was
15120.0 18939.0 340.0 100.0 taken
15516.0 18947.0 116.0 88.0 ot
15684.0 18939.0 188.0 100.0 the

13067.0 19055.0 400.0 108.0 child's
13512.0 19071.0 312.0 116.0 story
13832.0 19123.0 28.0 56.0 ,
13912.0 19055.0 196.0 100.0 but
14152.0 19055.0 284.0 100.0 later
14483.0 19055.0 112.0 100.0 In
14652.0 19055.0 188.0 100.0 the
14948.0 19055.0 332.0 116.0 night
15388.0 19052.0 484.0 104.0 Niblock

13072.0 19176.0 516.0 132.0 reported
13699.0 19168.0 188.0 108.0 the
13992.0 19176.0 408.0 96.0 matter
14500.0 19172.0 116.0 96.0 to
14720.0 19172.0 192.0 100.0 the
15023.0 19168.0 388.0 128.0 police.
15604.0 19176.0 268.0 96.0 Mrs.

13076.0 19287.0 732.0 108.0 .Mltchelland
13860.0 19287.0 228.0 100.0 and
14160.0 19287.0 196.0 100.0 her
14436.0 19283.0 552.0 104.0 daughter
15092.0 19312.0 292.0 76.0 were
15483.0 19283.0 384.0 120.0 placed

13072.0 19407.0 364.0 104.0 under
13460.0 19411.0 348.0 96.0 arrest
13836.0 19403.0 228.0 104.0 and
14092.0 19399.0 224.0 108.0 this
14356.0 19403.0 524.0 116.0 morning
14924.0 19403.0 960.0 100.0 \\erocommittcd

13076.0 19535.0 116.0 92.0 to
13228.0 19524.0 340.0 104.0 await
13616.0 19524.0 184.0 100.0 the
13843.0 19520.0 372.0 104.0 action
14248.0 19520.0 120.0 100.0 of
14400.0 19524.0 184.0 96.0 the
14608.0 19539.0 492.0 80.0 coroner.
15152.0 19516.0 208.0 104.0 Mr.
15400.0 19516.0 484.0 104.0 Niblock

13095.0 19644.0 96.0 100.0 Is
13239.0 19667.0 68.0 76.0 a
13436.0 19640.0 544.0 100.0 widower
14108.0 19636.0 228.0 100.0 and
14444.0 19644.0 272.0 92.0 Ann
14760.0 19632.0 252.0 104.0 who
15100.0 19659.0 224.0 76.0 was
15416.0 19644.0 472.0 92.0 tvventv-

13076.0 19759.0 312.0 100.0 three
13436.0 19780.0 320.0 100.0 years
13804.0 19751.0 124.0 104.0 of
13987.0 19776.0 208.0 88.0 acio
14200.0 19827.0 24.0 36.0 ,
14267.0 19751.0 204.0 100.0 has
14519.0 19751.0 276.0 100.0 been
14848.0 19751.0 180.0 100.0 his
15112.0 19751.0 772.0 136.0 housekeeper

13076.0 19875.0 312.0 100.0 since
13532.0 19871.0 192.0 100.0 the
13864.0 19867.0 336.0 104.0 death
14328.0 19867.0 124.0 100.0 of
14572.0 19863.0 192.0 104.0 the
14932.0 19867.0 480.0 100.0 mother.
15612.0 19856.0 268.0 116.0 Mis.

13076.0 19984.0 740.0 108.0 Mitchelland
13864.0 19984.0 216.0 104.0 had
14128.0 19980.0 584.0 124.0 separated
14763.0 19984.0 288.0 100.0 from
15104.0 19984.0 200.0 100.0 her
15331.0 19984.0 508.0 100.0 husband
15856.0 20056.0 24.0 48.0 ,

13080.0 20116.0 228.0 92.0 and
13364.0 20083.0 84.0 124.0 It
13496.0 20104.0 92.0 100.0 Is
13635.0 20104.0 492.0 100.0 asserted
14184.0 20099.0 140.0 104.0 bv
14372.0 20124.0 312.0 76.0 some
14732.0 20104.0 240.0 96.0 that
15008.0 20099.0 200.0 100.0 bho
15256.0 20099.0 448.0 104.0 wanted
15776.0 20108.0 112.0 92.0 to

13080.0 20244.0 372.0 100.0 marry
13496.0 20219.0 480.0 104.0 Niblock
14020.0 20215.0 228.0 104.0 and
14296.0 20215.0 240.0 100.0 that
14588.0 20215.0 192.0 100.0 her
14820.0 20219.0 480.0 96.0 chances
15403.0 20223.0 116.0 92.0 ot
15648.0 20240.0 196.0 84.0 suc-

13076.0 20363.0 244.0 80.0 cess
13368.0 20335.0 368.0 104.0 would
13784.0 20335.0 132.0 104.0 bo
13960.0 20331.0 576.0 124.0 improved
14584.0 20355.0 288.0 80.0 were
14912.0 20339.0 184.0 96.0 the
15140.0 20331.0 296.0 108.0 little
15488.0 20335.0 348.0 104.0 house-

13076.0 20456.0 416.0 124.0 keeper
13532.0 20456.0 196.0 100.0 out
13771.0 20456.0 120.0 96.0 ot
13976.0 20452.0 188.0 100.0 the
14216.0 20475.0 276.0 96.0 way.

13216.0 20728.0 108.0 96.0 A
13400.0 20724.0 556.0 96.0 Persian
14036.0 20720.0 480.0 116.0 Presbj
14560.0 20724.0 440.0 92.0 torlau
15112.0 20720.0 660.0 108.0 Hospital.

13203.0 20860.0 884.0 108.0 WASHINGTON'
14095.0 20932.0 24.0 44.0 ,
14176.0 20856.0 380.0 104.0 March
14612.0 20860.0 140.0 104.0 10.
14888.0 20856.0 244.0 104.0 The
15180.0 20860.0 712.0 120.0 dopirtment

13080.0 21011.0 124.0 96.0 of
13244.0 21011.0 292.0 100.0 state
13584.0 21007.0 196.0 100.0 has
13832.0 21000.0 508.0 112.0 received
14392.0 21027.0 64.0 72.0 a
14504.0 21000.0 516.0 124.0 dispatch
15116.0 21000.0 284.0 104.0 from
15504.0 21004.0 388.0 104.0 Minis-

13084.0 21155.0 152.0 96.0 tci
13300.0 21151.0 308.0 100.0 Pratt
13663.0 21151.0 116.0 100.0 at
13868.0 21143.0 520.0 104.0 Teheran
14488.0 21143.0 436.0 104.0 statlnc
15012.0 21143.0 240.0 104.0 that
15344.0 21143.0 188.0 104.0 the
15619.0 21143.0 272.0 104.0 shah

13088.0 21295.0 200.0 100.0 has
13332.0 21287.0 480.0 128.0 granted
13851.0 21316.0 64.0 76.0 a
13960.0 21283.0 664.0 112.0 concession
14680.0 21291.0 180.0 96.0 for
14951.0 21283.0 188.0 104.0 the
15224.0 21287.0 504.0 104.0 erection
15780.0 21291.0 112.0 96.0 of

13088.0 21464.0 64.0 76.0 a
13196.0 21431.0 488.0 124.0 hospital
13732.0 21439.0 112.0 96.0 at
13892.0 21431.0 244.0 104.0 that
14176.0 21431.0 232.0 116.0 city
14464.0 21427.0 364.0 104.0 under
14892.0 21431.0 192.0 100.0 the
15167.0 21427.0 556.0 108.0 direction
15780.0 21435.0 112.0 100.0 of

13100.0 21579.0 176.0 104.0 W.
13340.0 21575.0 168.0 108.0 W.
13560.0 21575.0 564.0 104.0 Terrence
14131.0 21647.0 24.0 44.0 ,
14212.0 21600.0 64.0 76.0 a
14328.0 21571.0 1564.0 120.0 plijslcanottheAmerlcin

13092.0 21720.0 804.0 124.0 Presbyterian
14012.0 21715.0 336.0 104.0 bond
14464.0 21715.0 120.0 100.0 of
14676.0 21711.0 564.0 108.0 missions.
15372.0 21715.0 520.0 124.0 Through

13092.0 21868.0 188.0 100.0 the
13320.0 21864.0 368.0 104.0 active
13732.0 21860.0 508.0 104.0 exertion
14296.0 21860.0 124.0 100.0 of
14488.0 21860.0 192.0 100.0 the
14771.0 21856.0 524.0 104.0 minister
15380.0 21860.0 124.0 100.0 of
15596.0 21868.0 296.0 116.0 pruts

13092.0 21983.0 224.0 100.0 and
13368.0 22012.0 64.0 72.0 a
13480.0 21979.0 488.0 104.0 member
14008.0 21979.0 116.0 96.0 cf
14164.0 21975.0 188.0 100.0 the
14404.0 21975.0 508.0 120.0 imperial
14943.0 21975.0 448.0 108.0 council
15424.0 21979.0 124.0 100.0 of
15580.0 21987.0 288.0 92.0 state
15876.0 22055.0 16.0 44.0 ,

13095.0 22128.0 64.0 68.0 a
13208.0 22103.0 336.0 108.0 urant
13592.0 22099.0 112.0 92.0 ot
13752.0 22095.0 340.0 116.0 24,000
14140.0 22115.0 396.0 100.0 squate
14584.0 22119.0 44.0 88.0 j
14660.0 22091.0 260.0 104.0 ants
14968.0 22095.0 120.0 96.0 of
15176.0 22095.0 436.0 112.0 ground
15708.0 22095.0 184.0 100.0 hai

13092.0 22215.0 280.0 100.0 boon
13432.0 22212.0 352.0 104.0 mado.
13915.0 22212.0 172.0 100.0 On
14144.0 22208.0 224.0 104.0 this
14419.0 22212.0 188.0 96.0 the
14660.0 22208.0 484.0 124.0 hospital
15159.0 22283.0 24.0 40.0 ,
15280.0 22215.0 116.0 96.0 to
15488.0 22239.0 404.0 76.0 uccoin.

13095.0 22332.0 444.0 100.0 modato
13584.0 22328.0 388.0 120.0 elghtv
14020.0 22336.0 116.0 92.0 to
14180.0 22351.0 220.0 76.0 one
14452.0 22323.0 516.0 104.0 hundred
15059.0 22328.0 500.0 112.0 patients
15568.0 22400.0 24.0 44.0 ,
15676.0 22332.0 216.0 100.0 will

13100.0 22447.0 132.0 100.0 bo
13275.0 22447.0 472.0 100.0 erected.
13876.0 22443.0 268.0 104.0 Mrs.
14231.0 22439.0 160.0 108.0 W.
14455.0 22439.0 156.0 104.0 II.
14684.0 22443.0 336.0 120.0 Ferry
15032.0 22515.0 24.0 52.0 ,
15112.0 22447.0 112.0 96.0 ot
15288.0 22443.0 312.0 104.0 Lake
15652.0 22443.0 212.0 104.0 For-

13092.0 22571.0 168.0 92.0 est
13268.0 22635.0 28.0 44.0 ,
13352.0 22563.0 172.0 112.0 111.
13620.0 22559.0 204.0 104.0 Ins
13908.0 22559.0 336.0 116.0 given
14336.0 22559.0 380.0 116.0 81,000
14799.0 22559.0 180.0 100.0 for
15084.0 22559.0 228.0 100.0 this
15384.0 22587.0 480.0 92.0 purpose
15871.0 22635.0 20.0 44.0 ,

13100.0 22680.0 360.0 104.0 which
13508.0 22703.0 244.0 76.0 sum
13800.0 22680.0 200.0 100.0 has
14059.0 22676.0 284.0 104.0 been
14440.0 22676.0 584.0 104.0 increased
15116.0 22680.0 116.0 96.0 to
15316.0 22676.0 360.0 120.0 S'j.ooo
15768.0 22684.0 120.0 96.0 bv

13100.0 22800.0 188.0 100.0 the
13388.0 22791.0 612.0 108.0 Ameilcnn
14076.0 22791.0 788.0 100.0 Presbvierian
15000.0 22791.0 332.0 100.0 board
15424.0 22795.0 128.0 96.0 of
15640.0 22800.0 216.0 96.0 mis

13100.0 22936.0 352.0 80.0 sions.
13588.0 22915.0 164.0 96.0 As
13796.0 22907.0 228.0 104.0 this
14100.0 22911.0 472.0 100.0 amount
14616.0 22907.0 96.0 100.0 is
14763.0 22907.0 672.0 124.0 Inadequate
15488.0 22915.0 176.0 96.0 for
15712.0 22911.0 180.0 100.0 the

13116.0 23055.0 480.0 96.0 purpose
13648.0 23027.0 80.0 100.0 it
13776.0 23027.0 96.0 100.0 Is
13915.0 23023.0 364.0 124.0 hoped
14328.0 23023.0 140.0 120.0 by
14516.0 23027.0 188.0 96.0 the
14780.0 23027.0 536.0 96.0 founders
15403.0 23027.0 240.0 100.0 that
15724.0 23027.0 164.0 100.0 do.

13100.0 23148.0 460.0 100.0 nations
13604.0 23159.0 256.0 108.0 may
13908.0 23152.0 128.0 92.0 be
14084.0 23140.0 500.0 104.0 received
14640.0 23140.0 288.0 104.0 from
14996.0 23140.0 624.0 124.0 charitably
15676.0 23144.0 184.0 104.0 dis-

13103.0 23263.0 344.0 128.0 posed
13491.0 23280.0 468.0 104.0 persons
14004.0 23263.0 116.0 96.0 in
14176.0 23259.0 192.0 100.0 the
14416.0 23251.0 432.0 108.0 United
14896.0 23263.0 404.0 96.0 states.

13516.0 23503.0 564.0 100.0 Arizona
14152.0 23499.0 488.0 100.0 Indian
14712.0 23503.0 808.0 100.0 Outbreaks.

13228.0 23643.0 536.0 104.0 PIKKMV
13764.0 23715.0 28.0 40.0 ,
13848.0 23635.0 388.0 108.0 March
14288.0 23639.0 140.0 104.0 10.
14560.0 23635.0 244.0 104.0 The
14852.0 23635.0 540.0 124.0 Morning
15468.0 23639.0 420.0 108.0 Gnzotti

13112.0 23783.0 568.0 132.0 ptiblixlici
13724.0 23807.0 144.0 84.0 an
13912.0 23803.0 492.0 84.0 accounc
14447.0 23779.0 124.0 100.0 of
14620.0 23779.0 416.0 104.0 Indian
15120.0 23779.0 736.0 128.0 depredation
15876.0 23816.0 12.0 72.0 !

13112.0 23931.0 116.0 104.0 in
13284.0 23927.0 188.0 104.0 the
13516.0 23923.0 760.0 120.0 Superstition
14388.0 23923.0 688.0 108.0 mountains.
15208.0 23923.0 244.0 108.0 The
15544.0 23927.0 344.0 104.0 vlctlu

13116.0 24071.0 228.0 76.0 was
13388.0 24075.0 68.0 72.0 a
13527.0 24043.0 472.0 104.0 rancher
14108.0 24039.0 408.0 104.0 named
14632.0 24039.0 432.0 104.0 Reaves
15068.0 24119.0 28.0 40.0 ,
15216.0 24043.0 376.0 104.0 whoso
15704.0 24071.0 184.0 76.0 inn

13112.0 24160.0 724.0 120.0 tllatedbody
13887.0 24183.0 228.0 76.0 was
14208.0 24160.0 656.0 100.0 discovered
14932.0 24160.0 144.0 104.0 bv
15180.0 24160.0 232.0 100.0 San
15532.0 24164.0 332.0 100.0 Carlo
15876.0 24191.0 12.0 68.0 ;

13116.0 24288.0 376.0 96.0 scouts
13544.0 24275.0 252.0 104.0 who
13840.0 24296.0 292.0 84.0 were
14200.0 24275.0 548.0 124.0 pursuliu
14860.0 24275.0 552.0 116.0 renegade
15516.0 24284.0 372.0 96.0 scouts

13116.0 24395.0 316.0 124.0 They
13620.0 24391.0 536.0 108.0 overtook
14436.0 24395.0 196.0 96.0 the
14904.0 24391.0 620.0 116.0 renegades
15807.0 24395.0 76.0 100.0 li

13124.0 24539.0 324.0 100.0 camp
13576.0 24515.0 324.0 100.0 when
14072.0 24535.0 68.0 72.0 a
14303.0 24503.0 280.0 112.0 ficht
14768.0 24507.0 464.0 100.0 ensued.
15364.0 24507.0 192.0 104.0 All
15748.0 24511.0 140.0 100.0 tin

13120.0 24628.0 652.0 112.0 renegades'
13828.0 24632.0 372.0 96.0 horses
14216.0 24700.0 20.0 36.0 ,
14292.0 24620.0 228.0 112.0 nnd
14568.0 24624.0 724.0 124.0 equipments
15339.0 24651.0 296.0 76.0 were
15684.0 24651.0 204.0 100.0 cap

13120.0 24747.0 352.0 104.0 tured.
13604.0 24743.0 252.0 108.0 One
13936.0 24747.0 320.0 96.0 scout
14300.0 24764.0 232.0 80.0 was
14599.0 24739.0 596.0 104.0 wounded.
15324.0 24739.0 248.0 104.0 The
15624.0 24768.0 264.0 80.0 new

13120.0 24887.0 232.0 76.0 was
13400.0 24863.0 472.0 104.0 broucht
13924.0 24867.0 260.0 92.0 here
14231.0 24855.0 140.0 116.0 by
14419.0 24883.0 64.0 72.0 a
14532.0 24863.0 316.0 104.0 staco
14892.0 24855.0 376.0 104.0 driver
15272.0 24931.0 24.0 40.0 ,
15367.0 24859.0 252.0 100.0 who
15668.0 24887.0 124.0 76.0 sa
15804.0 24887.0 40.0 92.0 >
15879.0 24896.0 8.0 32.0 <

13120.0 24979.0 188.0 104.0 the
13364.0 24975.0 476.0 124.0 Indians
13887.0 24999.0 292.0 76.0 were
14228.0 24960.0 276.0 116.0 nine
14552.0 24972.0 112.0 100.0 In
14763.0 24975.0 476.0 100.0 number
15288.0 24979.0 228.0 100.0 and
15612.0 24975.0 276.0 104.0 madi

13124.0 25104.0 188.0 96.0 for
13356.0 25096.0 388.0 104.0 Fonbo
13788.0 25096.0 528.0 116.0 country.
14447.0 25087.0 676.0 104.0 'Ihesronts
15172.0 25111.0 188.0 80.0 aio
15452.0 25092.0 112.0 100.0 in
15660.0 25119.0 220.0 100.0 pur

13124.0 25215.0 264.0 104.0 suit.
13512.0 25211.0 368.0 104.0 These
13932.0 25207.0 132.0 104.0 In
14112.0 25207.0 296.0 104.0 Hans
14455.0 25228.0 192.0 76.0 are
14760.0 25203.0 476.0 104.0 without
15300.0 25207.0 348.0 104.0 doubt
15696.0 25207.0 192.0 104.0 Sai

13124.0 25331.0 388.0 104.0 Curios
13552.0 25323.0 524.0 116.0 Apiches
14120.0 25323.0 224.0 100.0 and
14400.0 25319.0 228.0 104.0 will
14724.0 25323.0 532.0 120.0 probably
15360.0 25327.0 136.0 96.0 bo
15591.0 25323.0 296.0 104.0 klllei

13124.0 25471.0 124.0 76.0 or
13284.0 25444.0 400.0 108.0 driven
13735.0 25440.0 276.0 104.0 back
14068.0 25455.0 112.0 88.0 to
14228.0 25436.0 188.0 108.0 the
14460.0 25440.0 700.0 104.0 reservation
15275.0 25440.0 140.0 124.0 by
15468.0 25440.0 188.0 108.0 the
15696.0 25444.0 192.0 104.0 mil

13128.0 25564.0 320.0 120.0 itary.

13836.0 25776.0 528.0 96.0 Omaha
14444.0 25772.0 416.0 100.0 Kates
14936.0 25776.0 288.0 100.0 Cut.

13244.0 25919.0 576.0 104.0 CHICAGO
13828.0 25987.0 24.0 52.0 ,
13908.0 25912.0 384.0 104.0 Mirch
14344.0 25916.0 112.0 96.0 10
14455.0 25987.0 28.0 36.0 ,
14616.0 25908.0 248.0 108.0 The
14915.0 25908.0 444.0 108.0 various
15403.0 25908.0 480.0 108.0 lallroad

13124.0 26071.0 120.0 96.0 to
13328.0 26055.0 472.0 112.0 Coum.ll
13892.0 26055.0 352.0 104.0 BluITt
14239.0 26119.0 16.0 36.0 ,
14300.0 26051.0 228.0 108.0 and
14620.0 26051.0 432.0 104.0 Omaha
15100.0 26079.0 188.0 76.0 are
15339.0 26051.0 520.0 120.0 indulgin
15879.0 26091.0 4.0 80.0 ;

13131.0 26203.0 112.0 104.0 In
13296.0 26199.0 772.0 108.0 considerable
14116.0 26211.0 236.0 92.0 rate
14392.0 26195.0 452.0 108.0 cutting
14932.0 26219.0 152.0 80.0 on
15156.0 26195.0 148.0 104.0 all
15356.0 26195.0 420.0 104.0 classes

13131.0 26343.0 420.0 124.0 freight
13656.0 26343.0 284.0 104.0 from
14056.0 26339.0 516.0 124.0 Chicago.
14716.0 26335.0 96.0 108.0 It
14928.0 26335.0 92.0 108.0 Is
15123.0 26335.0 480.0 112.0 claimed
15676.0 26312.0 200.0 132.0 lie'r

13131.0 26487.0 224.0 108.0 this
13424.0 26483.0 496.0 116.0 evening
13980.0 26483.0 240.0 104.0 that
14288.0 26483.0 308.0 104.0 tarltf
14668.0 26483.0 300.0 104.0 rates
15051.0 26508.0 192.0 76.0 are
15308.0 26483.0 156.0 100.0 oil
15544.0 26487.0 124.0 92.0 i'i
15760.0 26508.0 124.0 96.0 pe

13128.0 26611.0 296.0 96.0 cent
13556.0 26599.0 332.0 124.0 Quite
13928.0 26631.0 68.0 72.0 a
14040.0 26599.0 304.0 124.0 large
14388.0 26595.0 624.0 108.0 amountof
15059.0 26607.0 356.0 96.0 tramc
15460.0 26599.0 88.0 100.0 l.s
15596.0 26623.0 264.0 84.0 troin

13128.0 26724.0 484.0 104.0 forward
13624.0 26795.0 28.0 44.0 ,
13704.0 26716.0 516.0 128.0 shlppcis
14264.0 26716.0 436.0 104.0 sel/ins
14788.0 26720.0 192.0 96.0 the
15044.0 26716.0 832.0 120.0 opportunist

13128.0 26839.0 448.0 124.0 dispose
13620.0 26843.0 124.0 92.0 of
13828.0 26859.0 124.0 80.0 as
14008.0 26835.0 320.0 104.0 much
14380.0 26831.0 428.0 104.0 frel.'ht
14852.0 26856.0 120.0 80.0 as
15023.0 26831.0 484.0 124.0 possible
15555.0 26848.0 328.0 88.0 uetori

13139.0 26959.0 188.0 100.0 the
13376.0 26980.0 240.0 80.0 new
13680.0 26951.0 364.0 108.0 tariffs
14084.0 26975.0 144.0 96.0 go
14267.0 26951.0 248.0 104.0 into
14572.0 26951.0 364.0 104.0 effect

13412.0 27199.0 712.0 116.0 Explosion
14195.0 27199.0 156.0 92.0 of
14400.0 27219.0 76.0 72.0 a
14552.0 27192.0 304.0 104.0 New
14915.0 27192.0 740.0 108.0 Explosive.

13256.0 27335.0 856.0 108.0 PAKIMarcli
14200.0 27335.0 140.0 104.0 10.
14472.0 27335.0 188.0 104.0 An
14771.0 27331.0 592.0 120.0 explosion
15472.0 27335.0 124.0 100.0 of
15684.0 27328.0 188.0 108.0 mil

13139.0 27479.0 236.0 108.0 nlte
13383.0 27555.0 28.0 44.0 ,
13460.0 27507.0 68.0 76.0 a
13576.0 27503.0 256.0 80.0 new
13876.0 27475.0 580.0 116.0 explosive
14460.0 27551.0 28.0 40.0 ,
14540.0 27475.0 524.0 104.0 occurred
15123.0 27475.0 376.0 112.0 to-day
15600.0 27471.0 116.0 108.0 In
15771.0 27475.0 112.0 104.0 th

13136.0 27623.0 440.0 108.0 arsenal
13627.0 27631.0 116.0 96.0 at
13796.0 27619.0 460.0 108.0 Belfort
14388.0 27619.0 244.0 104.0 The
14740.0 27615.0 516.0 108.0 accident
15367.0 27615.0 512.0 128.0 happene

13139.0 27767.0 116.0 104.0 In
13424.0 27767.0 192.0 104.0 the
13720.0 27763.0 604.0 124.0 workshop
14491.0 27759.0 376.0 108.0 where
14976.0 27759.0 640.0 128.0 projectiles
15776.0 27787.0 108.0 76.0 HI

13136.0 27883.0 532.0 120.0 charged.
13804.0 27879.0 288.0 108.0 Two
14131.0 27903.0 472.0 104.0 persons
14656.0 27903.0 292.0 80.0 were
15000.0 27879.0 348.0 112.0 killed
15444.0 27883.0 228.0 96.0 and
15763.0 27883.0 108.0 100.0 te
15852.0 27907.0 20.0 72.0 :

13136.0 28003.0 384.0 108.0 otbew
13563.0 28000.0 548.0 132.0 seriously
14160.0 27996.0 496.0 132.0 injured.

16560.0 2660.0 340.0 104.0 THE
17015.0 2664.0 328.0 104.0 DBA
17380.0 2672.0 44.0 96.0 I
17436.0 2680.0 44.0 84.0 )
17575.0 2672.0 164.0 100.0 1)1
17763.0 2672.0 440.0 108.0 VINT.

15964.0 2860.0 792.0 104.0 Thousands
16868.0 2872.0 160.0 100.0 of
17140.0 2876.0 488.0 116.0 People
17744.0 2884.0 464.0 100.0 Crowd
18328.0 2896.0 140.0 88.0 to
18560.0 2884.0 232.0 100.0 the

16204.0 3008.0 548.0 104.0 Church
16807.0 3012.0 264.0 100.0 and
17179.0 3012.0 364.0 104.0 View
17600.0 3016.0 224.0 100.0 the
17884.0 3020.0 668.0 112.0 He-mains.

16084.0 3144.0 308.0 108.0 Nr.w
16480.0 3144.0 364.0 108.0 YOUK
16856.0 3220.0 28.0 48.0 ,
16984.0 3152.0 384.0 104.0 March
17488.0 3160.0 136.0 104.0 10.
17772.0 3156.0 124.0 108.0 In
18012.0 3160.0 292.0 120.0 spite
18412.0 3168.0 120.0 100.0 of
18600.0 3164.0 188.0 108.0 the

15968.0 3288.0 244.0 104.0 rain
16267.0 3284.0 188.0 108.0 the
16503.0 3296.0 400.0 100.0 streets
16952.0 3292.0 112.0 104.0 In
17140.0 3296.0 188.0 104.0 the
17416.0 3292.0 472.0 128.0 vicinity
17996.0 3308.0 120.0 100.0 of
18192.0 3304.0 588.0 108.0 Bccchcr's

15968.0 3424.0 576.0 112.0 residence
16652.0 3460.0 288.0 84.0 were
17048.0 3440.0 516.0 108.0 crowded
17680.0 3440.0 272.0 108.0 with
18064.0 3448.0 396.0 128.0 people
18556.0 3448.0 232.0 108.0 this

15971.0 3572.0 564.0 124.0 morning.
16680.0 3580.0 160.0 100.0 At
16948.0 3584.0 56.0 96.0 S
17107.0 3576.0 428.0 112.0 o'clock
17644.0 3616.0 64.0 72.0 a
17796.0 3584.0 360.0 132.0 squad
18243.0 3592.0 120.0 100.0 of
18436.0 3588.0 356.0 132.0 police

15968.0 3712.0 268.0 108.0 took
16284.0 3716.0 292.0 108.0 their
16608.0 3720.0 484.0 108.0 stations
17184.0 3720.0 116.0 108.0 In
17356.0 3728.0 308.0 104.0 front
17711.0 3732.0 124.0 100.0 of
17907.0 3728.0 188.0 108.0 the
18148.0 3728.0 624.0 116.0 residence.

15971.0 3860.0 104.0 100.0 A
16123.0 3852.0 300.0 132.0 large
16532.0 3860.0 472.0 112.0 number
17107.0 3864.0 124.0 104.0 of
17331.0 3864.0 260.0 112.0 llora
17608.0 3872.0 28.0 104.0 !
17724.0 3872.0 468.0 124.0 designs
18248.0 3900.0 288.0 84.0 were
18588.0 3904.0 116.0 80.0 re-

15968.0 3996.0 380.0 112.0 ceived
16364.0 4072.0 24.0 56.0 ,
16488.0 4032.0 412.0 96.0 among
17043.0 4004.0 304.0 112.0 them
17492.0 4008.0 344.0 132.0 being
17943.0 4024.0 228.0 100.0 two
18284.0 4020.0 484.0 104.0 wreaths

15971.0 4144.0 296.0 104.0 from
16564.0 4144.0 320.0 108.0 Kllen
17187.0 4152.0 352.0 128.0 Terry
17835.0 4156.0 228.0 108.0 and
18380.0 4160.0 396.0 132.0 Henry

15979.0 4284.0 388.0 116.0 Irving
16375.0 4360.0 24.0 48.0 ,
16572.0 4292.0 228.0 108.0 and
16979.0 4320.0 64.0 80.0 n
17212.0 4292.0 328.0 128.0 pillar
17704.0 4300.0 124.0 104.0 of
17999.0 4300.0 344.0 112.0 white
18475.0 4332.0 312.0 80.0 roses

15979.0 4432.0 292.0 104.0 from
16439.0 4432.0 264.0 108.0 Mrs.
16835.0 4436.0 112.0 108.0 S.
17087.0 4432.0 140.0 112.0 V.
17364.0 4440.0 408.0 108.0 White.
18015.0 4444.0 248.0 108.0 The
18459.0 4448.0 328.0 108.0 collin

15976.0 4544.0 368.0 108.0 lestcd
16392.0 4544.0 116.0 108.0 In
16560.0 4552.0 188.0 104.0 the
16791.0 4556.0 384.0 104.0 center
17220.0 4560.0 120.0 96.0 of
17388.0 4560.0 188.0 100.0 the
17688.0 4568.0 312.0 96.0 tioni
18092.0 4560.0 380.0 128.0 parlor
18556.0 4572.0 228.0 96.0 and

15979.0 4688.0 228.0 80.0 was
16248.0 4668.0 708.0 104.0 surrounded
17004.0 4672.0 140.0 124.0 by
17187.0 4700.0 64.0 76.0 a
17300.0 4676.0 296.0 100.0 buik
17647.0 4680.0 120.0 100.0 of
17880.0 4680.0 512.0 120.0 fragrant
18488.0 4680.0 300.0 104.0 tlow-

15976.0 4808.0 176.0 72.0 crs
16195.0 4784.0 232.0 100.0 and
16472.0 4808.0 148.0 76.0 on
16672.0 4787.0 148.0 100.0 all
16868.0 4787.0 300.0 100.0 sides
17212.0 4792.0 324.0 104.0 could
17592.0 4792.0 128.0 104.0 bo
17816.0 4820.0 264.0 76.0 seen
18176.0 4792.0 312.0 108.0 tloral
18572.0 4824.0 180.0 76.0 em

15979.0 4896.0 348.0 104.0 blems
16375.0 4904.0 288.0 100.0 from
16719.0 4900.0 420.0 104.0 friunda
17192.0 4908.0 228.0 100.0 and
17467.0 4904.0 544.0 108.0 admirers
18056.0 4916.0 120.0 96.0 of
18228.0 4920.0 188.0 96.0 the
18492.0 4912.0 296.0 104.0 dead

15976.0 5012.0 420.0 104.0 divine.
16524.0 5012.0 244.0 108.0 The
16816.0 5024.0 496.0 100.0 remains
17359.0 5044.0 284.0 84.0 were
17688.0 5024.0 456.0 108.0 dressed
18200.0 5024.0 112.0 108.0 In
18408.0 5060.0 64.0 72.0 a
18560.0 5032.0 232.0 100.0 suit

15979.0 5132.0 124.0 96.0 of
16148.0 5128.0 320.0 104.0 bhck
16511.0 5128.0 680.0 112.0 broadcloth.
17320.0 5136.0 244.0 104.0 The
17611.0 5140.0 492.0 104.0 feUures
18151.0 5172.0 292.0 76.0 wore
18536.0 5152.0 244.0 96.0 mt-

15979.0 5244.0 244.0 104.0 ural
16272.0 5244.0 228.0 104.0 and
16547.0 5248.0 308.0 104.0 there
16899.0 5272.0 232.0 80.0 was
17200.0 5280.0 60.0 72.0 a
17367.0 5252.0 324.0 108.0 smllo
17788.0 5280.0 300.0 104.0 upon
18207.0 5264.0 188.0 100.0 the
18503.0 5268.0 280.0 100.0 face.

15984.0 5360.0 340.0 124.0 Karly
16372.0 5364.0 116.0 100.0 In
16539.0 5364.0 188.0 104.0 the
16776.0 5372.0 524.0 120.0 morning
17308.0 5440.0 24.0 48.0 ,
17424.0 5372.0 384.0 104.0 before
17891.0 5372.0 480.0 112.0 services
18384.0 5452.0 24.0 44.0 ,
18508.0 5380.0 268.0 100.0 Mrs.

15987.0 5476.0 492.0 108.0 Becchor
16760.0 5492.0 304.0 100.0 went
17352.0 5480.0 240.0 108.0 into
17891.0 5492.0 192.0 100.0 the
18428.0 5496.0 372.0 120.0 parlor

15984.0 5595.0 224.0 100.0 and
16259.0 5595.0 316.0 104.0 stood
16624.0 5595.0 144.0 124.0 by
16812.0 5604.0 188.0 100.0 the
17043.0 5600.0 332.0 108.0 collin
17472.0 5604.0 180.0 104.0 for
17711.0 5628.0 312.0 84.0 some
18132.0 5604.0 272.0 108.0 time
18408.0 5680.0 28.0 32.0 ,
18567.0 5612.0 228.0 100.0 bho

15984.0 5712.0 268.0 100.0 bent
16295.0 5740.0 268.0 76.0 over
16608.0 5716.0 184.0 100.0 the
16840.0 5720.0 492.0 104.0 remains
17436.0 5720.0 220.0 104.0 and
17768.0 5724.0 296.0 100.0 utter
18151.0 5724.0 632.0 124.0 pilnthuu

15987.0 5828.0 236.0 104.0 kiss
16272.0 5852.0 300.0 100.0 upon
16627.0 5836.0 184.0 96.0 the
16871.0 5840.0 252.0 96.0 cold
17176.0 5836.0 216.0 120.0 lips
17439.0 5860.0 232.0 80.0 was
17740.0 5840.0 176.0 100.0 led
17988.0 5840.0 240.0 100.0 Into
18336.0 5867.0 64.0 72.0 a
18508.0 5844.0 284.0 100.0 hack

15987.0 5968.0 332.0 80.0 room.
16452.0 5948.0 452.0 108.0 Shortly
16956.0 5952.0 292.0 100.0 after
17339.0 5956.0 64.0 92.0 U
17428.0 5976.0 20.0 76.0 :
17464.0 5956.0 24.0 88.0 :
17496.0 5996.0 24.0 48.0 >
17519.0 5960.0 64.0 92.0 0
17688.0 5952.0 256.0 108.0 Rnv.
18051.0 5960.0 464.0 100.0 Cliurlcs
18632.0 5956.0 152.0 104.0 11.

15996.0 6060.0 252.0 100.0 Hall
16264.0 6132.0 24.0 48.0 ,
16328.0 6064.0 124.0 96.0 of
16500.0 6064.0 188.0 104.0 the
16727.0 6072.0 412.0 100.0 church
17223.0 6067.0 116.0 100.0 of
17384.0 6067.0 188.0 104.0 the
17619.0 6067.0 304.0 124.0 Holy
17968.0 6067.0 452.0 128.0 Trinity
18428.0 6144.0 20.0 48.0 ,
18508.0 6100.0 288.0 76.0 com-

15992.0 6180.0 400.0 100.0 mcned
16519.0 6188.0 116.0 92.0 to
16755.0 6184.0 260.0 104.0 read
17143.0 6176.0 188.0 108.0 the
17456.0 6188.0 352.0 100.0 builal
17935.0 6192.0 424.0 100.0 service
18511.0 6196.0 292.0 96.0 from

15992.0 6296.0 188.0 96.0 the
16292.0 6296.0 396.0 100.0 rituals
16791.0 6300.0 128.0 96.0 of
17024.0 6296.0 192.0 104.0 the
17352.0 6296.0 596.0 120.0 Episcopal
18051.0 6304.0 420.0 108.0 church
18580.0 6308.0 228.0 100.0 and

15992.0 6436.0 64.0 72.0 a
16095.0 6412.0 556.0 120.0 quartette
16696.0 6432.0 288.0 104.0 sang
17028.0 6416.0 428.0 100.0 several
17492.0 6420.0 376.0 120.0 gospel
17912.0 6424.0 116.0 96.0 hv
18068.0 6444.0 288.0 80.0 mns.
18439.0 6416.0 372.0 108.0 While

15992.0 6524.0 188.0 100.0 the
16272.0 6528.0 488.0 100.0 services
16807.0 6552.0 292.0 76.0 were
17192.0 6528.0 112.0 100.0 In
17403.0 6556.0 512.0 112.0 progress
17988.0 6536.0 112.0 100.0 In
18195.0 6539.0 192.0 96.0 the
18464.0 6539.0 348.0 100.0 house

15996.0 6640.0 588.0 120.0 Company
16676.0 6644.0 88.0 96.0 O
16780.0 6712.0 24.0 48.0 ,
16860.0 6640.0 424.0 108.0 known
17336.0 6671.0 124.0 72.0 as
17547.0 6636.0 184.0 112.0 the
17827.0 6648.0 180.0 100.0 Plv
18048.0 6652.0 388.0 100.0 mouth
18524.0 6675.0 244.0 80.0 com-

15996.0 6780.0 304.0 96.0 pany
16303.0 6828.0 32.0 44.0 ,
16444.0 6756.0 124.0 100.0 of
16688.0 6764.0 192.0 96.0 the
17043.0 6756.0 676.0 108.0 Thirteenth
17860.0 6768.0 552.0 116.0 regiment
18423.0 6836.0 24.0 48.0 ,
18583.0 6792.0 228.0 76.0 was

15992.0 6884.0 392.0 92.0 drawn
16472.0 6896.0 156.0 96.0 up
16712.0 6872.0 116.0 104.0 in
16916.0 6868.0 308.0 108.0 front
17292.0 6880.0 124.0 96.0 of
17503.0 6875.0 188.0 104.0 the
17780.0 6875.0 344.0 104.0 house
18212.0 6904.0 148.0 76.0 on
18448.0 6875.0 364.0 108.0 Hicks

15996.0 6996.0 368.0 92.0 street.
16500.0 6976.0 300.0 128.0 Only
16892.0 6996.0 716.0 96.0 membeisof
17711.0 6996.0 192.0 100.0 the
17992.0 6996.0 400.0 120.0 fimlly
18459.0 6996.0 228.0 100.0 and
18739.0 7028.0 64.0 72.0 a

16000.0 7112.0 220.0 96.0 tow
16272.0 7100.0 516.0 108.0 intimate
16835.0 7104.0 432.0 108.0 friends
17320.0 7136.0 288.0 76.0 were
17652.0 7120.0 460.0 116.0 piesent
18156.0 7112.0 424.0 124.0 during
18632.0 7116.0 184.0 100.0 thu

15992.0 7220.0 484.0 104.0 services
16524.0 7228.0 112.0 96.0 at
16683.0 7224.0 188.0 100.0 the
16920.0 7220.0 376.0 108.0 house.

16123.0 7340.0 164.0 100.0 At
16331.0 7343.0 188.0 96.0 the
16608.0 7340.0 652.0 104.0 conclusion
17356.0 7343.0 124.0 100.0 of
17568.0 7340.0 188.0 104.0 the
17844.0 7340.0 488.0 112.0 services
18420.0 7343.0 116.0 104.0 at
18624.0 7343.0 192.0 104.0 the

16004.0 7448.0 352.0 108.0 house
16360.0 7528.0 28.0 48.0 ,
16488.0 7452.0 184.0 108.0 Dr.
16776.0 7456.0 264.0 108.0 Hall
17132.0 7456.0 348.0 124.0 spoke
17575.0 7464.0 176.0 96.0 for
17799.0 7468.0 388.0 96.0 hftcen
18279.0 7460.0 492.0 104.0 minutes
18780.0 7536.0 24.0 40.0 ,

16004.0 7568.0 180.0 104.0 Ho
16236.0 7596.0 224.0 76.0 was
16508.0 7596.0 268.0 96.0 very
16824.0 7572.0 328.0 108.0 much
17192.0 7576.0 508.0 104.0 affected.

16115.0 7687.0 248.0 100.0 The
16403.0 7696.0 540.0 100.0 members
16992.0 7692.0 124.0 96.0 of
17159.0 7696.0 184.0 96.0 the
17392.0 7692.0 396.0 124.0 family
17827.0 7692.0 412.0 108.0 letlred
18292.0 7696.0 296.0 100.0 after
18624.0 7692.0 188.0 104.0 the

16000.0 7804.0 512.0 104.0 remarks
16596.0 7832.0 288.0 76.0 were
16979.0 7808.0 476.0 104.0 linished
17467.0 7883.0 28.0 40.0 ,
17580.0 7808.0 228.0 104.0 and
17860.0 7815.0 188.0 100.0 the
18136.0 7812.0 388.0 104.0 casket
18575.0 7840.0 232.0 72.0 was

16000.0 7924.0 424.0 100.0 carried
16460.0 7928.0 112.0 92.0 to
16608.0 7924.0 188.0 100.0 the
16827.0 7924.0 384.0 104.0 hearse
17215.0 8000.0 24.0 44.0 ,
17259.0 7924.0 364.0 108.0 which
17655.0 7928.0 320.0 100.0 stood
18024.0 7928.0 116.0 100.0 In
18184.0 7932.0 188.0 100.0 the
18412.0 7951.0 240.0 80.0 rear
18688.0 7928.0 128.0 100.0 of

16007.0 8040.0 188.0 96.0 the
16300.0 8040.0 672.0 104.0 Thirteenth
17112.0 8040.0 584.0 108.0 regiment.
17891.0 8044.0 244.0 104.0 The
18207.0 8044.0 604.0 120.0 Plymouth

16004.0 8176.0 472.0 88.0 compaii
16492.0 8180.0 48.0 92.0 )
16608.0 8155.0 260.0 100.0 took
16960.0 8159.0 484.0 116.0 position
17539.0 8188.0 120.0 72.0 as
17747.0 8164.0 412.0 108.0 guards
18223.0 8164.0 124.0 96.0 of
18416.0 8159.0 360.0 104.0 honor
18775.0 8236.0 28.0 48.0 ,

16007.0 8268.0 228.0 100.0 and
16339.0 8272.0 192.0 96.0 the
16640.0 8272.0 636.0 108.0 pioccsslon
17392.0 8280.0 392.0 100.0 moved
17891.0 8291.0 120.0 88.0 to
18115.0 8276.0 192.0 104.0 the
18348.0 8280.0 456.0 100.0 church.

16004.0 8380.0 244.0 104.0 The
16312.0 8384.0 384.0 100.0 casket
16784.0 8408.0 228.0 80.0 was
17076.0 8388.0 264.0 100.0 then
17436.0 8392.0 424.0 104.0 carried
17956.0 8396.0 116.0 100.0 In
18148.0 8396.0 228.0 100.0 and
18423.0 8396.0 388.0 120.0 placed

16007.0 8524.0 144.0 76.0 on
16204.0 8524.0 68.0 72.0 a
16316.0 8504.0 248.0 96.0 dins
16619.0 8500.0 112.0 100.0 in
16788.0 8508.0 308.0 96.0 front
17148.0 8508.0 120.0 96.0 of
17316.0 8504.0 188.0 104.0 the
17552.0 8508.0 396.0 120.0 pulpit.
18115.0 8508.0 368.0 104.0 Thcro
18575.0 8536.0 80.0 76.0 w
18691.0 8512.0 120.0 100.0 111

16012.0 8616.0 128.0 100.0 he
16187.0 8616.0 360.0 100.0 music
16596.0 8620.0 112.0 96.0 In
16763.0 8620.0 188.0 104.0 the
16996.0 8620.0 408.0 100.0 church
17492.0 8620.0 412.0 124.0 during
17988.0 8623.0 192.0 104.0 the
18267.0 8623.0 356.0 104.0 whole
18691.0 8631.0 124.0 96.0 of

16012.0 8732.0 188.0 104.0 the
16248.0 8732.0 272.0 100.0 time
16564.0 8736.0 416.0 116.0 during
17028.0 8736.0 360.0 100.0 which
17460.0 8740.0 188.0 100.0 the
17691.0 8740.0 288.0 116.0 body
18056.0 8740.0 208.0 104.0 lies
18315.0 8740.0 112.0 100.0 in
18484.0 8744.0 316.0 100.0 state.

16123.0 8844.0 192.0 104.0 All
16367.0 8852.0 184.0 96.0 the
16600.0 8852.0 596.0 104.0 afternoon
17240.0 8856.0 188.0 96.0 the
17475.0 8852.0 272.0 112.0 long
17855.0 8856.0 236.0 100.0 linn
18195.0 8860.0 124.0 96.0 of
18423.0 8860.0 396.0 136.0 people

16012.0 8967.0 464.0 120.0 parsing
16516.0 8959.0 472.0 128.0 through
17064.0 8967.0 188.0 100.0 the
17287.0 8972.0 412.0 104.0 church
17752.0 8980.0 112.0 92.0 to
17971.0 8972.0 288.0 100.0 view
18367.0 8976.0 188.0 100.0 the
18660.0 9000.0 116.0 72.0 re-

16015.0 9080.0 364.0 100.0 mains
16424.0 9080.0 620.0 104.0 continued
17100.0 9092.0 112.0 92.0 to
17303.0 9092.0 504.0 96.0 Increase
17912.0 9092.0 232.0 96.0 nnd
18251.0 9084.0 188.0 104.0 the
18552.0 9088.0 264.0 100.0 rush

16015.0 9220.0 228.0 76.0 was
16288.0 9224.0 128.0 72.0 so
16460.0 9208.0 312.0 112.0 great
16816.0 9208.0 116.0 96.0 to
16976.0 9200.0 268.0 120.0 gain
17300.0 9200.0 620.0 108.0 admission
18035.0 9208.0 244.0 96.0 that
18392.0 9204.0 84.0 104.0 It
18583.0 9231.0 236.0 72.0 was

16015.0 9307.0 356.0 104.0 found
16424.0 9340.0 592.0 92.0 necess-uy
17064.0 9324.0 116.0 92.0 to
17231.0 9316.0 504.0 104.0 incicaso
17783.0 9324.0 192.0 100.0 the
18020.0 9324.0 300.0 100.0 force
18364.0 9328.0 120.0 92.0 ot
18575.0 9324.0 252.0 96.0 olll-

16012.0 9452.0 240.0 80.0 ccrs
16292.0 9435.0 436.0 96.0 around
16780.0 9431.0 188.0 104.0 the
17007.0 9431.0 412.0 104.0 church
17464.0 9435.0 304.0 104.0 door.
17835.0 9435.0 248.0 100.0 The
18128.0 9439.0 412.0 112.0 Huong
18592.0 9464.0 232.0 72.0 was

16012.0 9548.0 324.0 96.0 made
16388.0 9571.0 148.0 96.0 up
16580.0 9548.0 120.0 96.0 of
16763.0 9548.0 404.0 104.0 almost
17220.0 9552.0 148.0 96.0 nil
17428.0 9552.0 816.0 100.0 nationalities.
18376.0 9560.0 164.0 92.0 As
18632.0 9556.0 188.0 96.0 the

16012.0 9660.0 216.0 100.0 dav
16276.0 9660.0 580.0 104.0 advanced
16907.0 9664.0 188.0 100.0 the
17164.0 9664.0 236.0 100.0 line
17508.0 9672.0 128.0 92.0 of
17763.0 9668.0 392.0 120.0 pcoplo
18256.0 9668.0 564.0 100.0 extended

16015.0 9771.0 292.0 104.0 until
16364.0 9779.0 80.0 96.0 It
16488.0 9775.0 480.0 104.0 reached
17028.0 9775.0 396.0 104.0 Fulton
17480.0 9788.0 336.0 92.0 street
17827.0 9852.0 24.0 48.0 ,
17896.0 9779.0 268.0 104.0 then
18215.0 9784.0 336.0 100.0 down
18608.0 9808.0 220.0 76.0 one

16012.0 9892.0 244.0 100.0 side
16300.0 9896.0 120.0 92.0 of
16467.0 9892.0 192.0 100.0 the
16708.0 9900.0 268.0 96.0 next
17028.0 9896.0 320.0 100.0 block
17400.0 9900.0 224.0 100.0 and
17675.0 9920.0 148.0 100.0 up
17871.0 9900.0 188.0 100.0 the
18112.0 9900.0 324.0 100.0 other
18439.0 9971.0 28.0 48.0 ,
18547.0 9900.0 272.0 100.0 with

16012.0 10008.0 464.0 104.0 anothei
16536.0 10008.0 304.0 124.0 wing
16888.0 10035.0 376.0 80.0 across1
17316.0 10012.0 392.0 120.0 Henry
17752.0 10016.0 376.0 100.0 street.
18264.0 10016.0 108.0 100.0 It
18484.0 10012.0 96.0 104.0 Is
18664.0 10039.0 120.0 76.0 es-

16015.0 10124.0 468.0 100.0 timated
16536.0 10128.0 236.0 100.0 that
16824.0 10128.0 388.0 120.0 nearly
17259.0 10132.0 336.0 116.0 .20,000
17639.0 10132.0 396.0 124.0 people
18143.0 10132.0 396.0 120.0 pissed
18652.0 10132.0 128.0 100.0 be-

16020.0 10239.0 236.0 100.0 fore
16308.0 10239.0 188.0 100.0 the
16539.0 10243.0 640.0 124.0 catafalque
17248.0 10243.0 412.0 116.0 during
17772.0 10247.0 188.0 100.0 the
18060.0 10243.0 256.0 116.0 dav.
18452.0 10243.0 368.0 108.0 There

16015.0 10379.0 292.0 80.0 were
16344.0 10383.0 128.0 68.0 so
16519.0 10379.0 340.0 96.0 many
16912.0 10364.0 480.0 100.0 wreaths
17436.0 10368.0 224.0 96.0 and
17719.0 10364.0 540.0 124.0 bouquets
18364.0 10364.0 208.0 104.0 loft
18660.0 10388.0 152.0 80.0 on

16015.0 10472.0 184.0 100.0 the
16248.0 10472.0 236.0 100.0 bier
16528.0 10476.0 244.0 100.0 that
16816.0 10504.0 64.0 72.0 a
16928.0 10480.0 412.0 100.0 snecUl
17392.0 10480.0 316.0 116.0 place
17752.0 10480.0 224.0 100.0 had
18043.0 10488.0 112.0 92.0 lo
18248.0 10480.0 132.0 100.0 bo
18492.0 10480.0 324.0 104.0 made

16015.0 10612.0 276.0 76.0 near
16336.0 10587.0 184.0 100.0 the
16568.0 10592.0 532.0 120.0 platform
17143.0 10604.0 116.0 92.0 at
17303.0 10592.0 188.0 104.0 the
17544.0 10600.0 236.0 96.0 foot
17827.0 10600.0 124.0 96.0 of
18007.0 10600.0 192.0 100.0 Hie
18248.0 10600.0 372.0 120.0 pulpit
18683.0 10604.0 120.0 96.0 to

16015.0 10704.0 424.0 104.0 receive
16488.0 10708.0 336.0 100.0 them.

16132.0 10820.0 244.0 100.0 The
16424.0 10820.0 228.0 104.0 will
16735.0 10824.0 124.0 96.0 of
16924.0 10820.0 496.0 108.0 Beecher
17503.0 10851.0 232.0 76.0 was
17824.0 10828.0 264.0 100.0 road
18176.0 10824.0 228.0 104.0 this
18472.0 10828.0 296.0 100.0 after-

16023.0 10960.0 300.0 76.0 noon
16384.0 10936.0 112.0 104.0 In
16591.0 10936.0 184.0 100.0 the
16863.0 10964.0 520.0 120.0 presence
17472.0 10948.0 120.0 92.0 of
17680.0 10944.0 188.0 100.0 the
17979.0 10944.0 428.0 120.0 lamily.
18544.0 10944.0 108.0 100.0 It
18719.0 10948.0 96.0 96.0 is

16015.0 11051.0 520.0 120.0 probable
16583.0 11051.0 84.0 100.0 It
16719.0 11080.0 80.0 76.0 w
16827.0 11040.0 120.0 116.0 111
17000.0 11064.0 196.0 92.0 not
17284.0 11059.0 136.0 96.0 bo
17508.0 11055.0 252.0 100.0 hied
17855.0 11059.0 176.0 100.0 for
18120.0 11059.0 456.0 116.0 probate
18580.0 11132.0 28.0 44.0 ,
18680.0 11088.0 128.0 72.0 as

16015.0 11191.0 220.0 76.0 ono
16339.0 11168.0 124.0 100.0 of
16572.0 11168.0 144.0 100.0 Its
16820.0 11176.0 304.0 96.0 main
17215.0 11172.0 644.0 116.0 provisions
17940.0 11176.0 632.0 100.0 atithori/es
18636.0 11176.0 192.0 100.0 the

16020.0 11280.0 548.0 104.0 members
16616.0 11284.0 120.0 100.0 of
16763.0 11288.0 188.0 100.0 the
17004.0 11288.0 396.0 120.0 family
17447.0 11292.0 112.0 96.0 to
17608.0 11288.0 328.0 100.0 setllo
17984.0 11312.0 416.0 92.0 among
18448.0 11292.0 312.0 100.0 them-

16015.0 11400.0 364.0 96.0 selves
16424.0 11400.0 188.0 100.0 the
16660.0 11400.0 492.0 104.0 division
17208.0 11412.0 112.0 88.0 ot
17375.0 11404.0 300.0 100.0 what
17704.0 11404.0 312.0 100.0 there
18064.0 11404.0 96.0 100.0 is
18207.0 11404.0 236.0 104.0 left.
18572.0 11404.0 248.0 104.0 The

16015.0 11516.0 304.0 100.0 chief
16367.0 11519.0 432.0 96.0 feature
16844.0 11516.0 120.0 100.0 of
17012.0 11519.0 84.0 96.0 It
17148.0 11519.0 92.0 100.0 Is
17287.0 11519.0 240.0 100.0 fiat
17580.0 11519.0 260.0 100.0 Mrs.
17904.0 11519.0 492.0 104.0 Beecher
18444.0 11519.0 96.0 100.0 Is
18588.0 11527.0 236.0 96.0 hrst

16020.0 11632.0 532.0 136.0 provided
16608.0 11632.0 212.0 100.0 foi.
16956.0 11632.0 244.0 104.0 The
17231.0 11640.0 528.0 96.0 contents
17804.0 11640.0 124.0 96.0 of
17979.0 11636.0 88.0 100.0 It
18115.0 11636.0 232.0 100.0 will
18400.0 11640.0 200.0 96.0 not
18675.0 11644.0 132.0 92.0 bo

16023.0 11727.0 420.0 116.0 known
16492.0 11748.0 384.0 100.0 unless
16940.0 11752.0 188.0 100.0 the
17220.0 11748.0 232.0 104.0 will
17539.0 11752.0 96.0 100.0 Is
17719.0 11752.0 528.0 120.0 probated
18264.0 11824.0 24.0 48.0 ,
18351.0 11776.0 124.0 76.0 as
18567.0 11752.0 84.0 100.0 It
18744.0 11752.0 92.0 100.0 Is

16020.0 11863.0 188.0 100.0 the
16256.0 11859.0 280.0 104.0 wish
16583.0 11867.0 120.0 96.0 of
16780.0 11867.0 188.0 100.0 the
17020.0 11863.0 396.0 120.0 family
17467.0 11867.0 244.0 100.0 that
17760.0 11892.0 148.0 76.0 no
17960.0 11863.0 692.0 108.0 publication
18704.0 11872.0 124.0 96.0 of

16023.0 11984.0 152.0 96.0 its
16284.0 11984.0 524.0 100.0 contents
16940.0 11980.0 408.0 104.0 should
17472.0 11980.0 136.0 104.0 bo
17740.0 11980.0 368.0 108.0 made.
18287.0 11984.0 544.0 104.0 To-night

16023.0 12096.0 192.0 100.0 the
16384.0 12092.0 488.0 108.0 Beecher
17035.0 12100.0 580.0 100.0 residence
17780.0 12123.0 236.0 76.0 was
18179.0 12096.0 632.0 128.0 brillhntly

16028.0 12207.0 428.0 120.0 lighted
16544.0 12212.0 224.0 100.0 and
16860.0 12220.0 684.0 112.0 pvcrvthing
17636.0 12216.0 436.0 100.0 around
18168.0 12220.0 192.0 96.0 the
18484.0 12216.0 352.0 104.0 house

16028.0 12352.0 228.0 76.0 was
16300.0 12327.0 328.0 104.0 made
16672.0 12356.0 124.0 72.0 as
16840.0 12327.0 528.0 120.0 bilghtas
17411.0 12331.0 528.0 116.0 possible.
18020.0 12331.0 264.0 104.0 Mrs.
18348.0 12331.0 488.0 104.0 Beecher

16028.0 12444.0 212.0 100.0 had
16292.0 12444.0 272.0 104.0 been
16619.0 12448.0 112.0 100.0 In
16788.0 12444.0 196.0 108.0 her
17028.0 12448.0 224.0 100.0 late
17295.0 12448.0 624.0 104.0 husband's
17968.0 12471.0 304.0 80.0 room
18364.0 12475.0 68.0 72.0 a
18508.0 12463.0 312.0 92.0 great

16023.0 12564.0 444.0 116.0 portion
16539.0 12560.0 124.0 100.0 of
16768.0 12564.0 188.0 100.0 the
17060.0 12568.0 604.0 96.0 afternoon
17780.0 12564.0 468.0 104.0 looking
18320.0 12588.0 268.0 80.0 over
18652.0 12568.0 176.0 100.0 his

16023.0 12700.0 432.0 100.0 papers.
16591.0 12675.0 100.0 104.0 It
16732.0 12704.0 360.0 76.0 seems
17136.0 12708.0 64.0 72.0 a
17248.0 12679.0 436.0 116.0 delight
17772.0 12688.0 112.0 92.0 to
17979.0 12684.0 196.0 96.0 her
18228.0 12692.0 108.0 88.0 to
18384.0 12679.0 132.0 104.0 bo
18567.0 12704.0 272.0 80.0 near

16028.0 12792.0 368.0 104.0 where
16444.0 12795.0 196.0 96.0 her
16704.0 12795.0 516.0 100.0 husband
17308.0 12803.0 332.0 116.0 spout
17736.0 12803.0 288.0 96.0 most
18107.0 12799.0 124.0 96.0 of
18304.0 12799.0 176.0 100.0 his
18528.0 12799.0 304.0 100.0 time.

16020.0 12908.0 244.0 100.0 The
16312.0 12912.0 540.0 100.0 members
16896.0 12912.0 124.0 100.0 of
17115.0 12916.0 188.0 96.0 the
17395.0 12912.0 396.0 124.0 tnmlly
17863.0 12939.0 292.0 76.0 wete
18200.0 12916.0 456.0 100.0 dressed
18716.0 12916.0 116.0 100.0 In

16028.0 13024.0 372.0 112.0 brUht
16444.0 13028.0 512.0 124.0 clothing
17004.0 13056.0 124.0 72.0 as
17184.0 13028.0 420.0 116.0 though
17660.0 13028.0 348.0 108.0 going
18056.0 13040.0 116.0 92.0 to
18228.0 13032.0 412.0 100.0 church
18688.0 13056.0 144.0 76.0 on

16023.0 13139.0 472.0 124.0 Sunday
16503.0 13211.0 24.0 40.0 ,
16580.0 13143.0 224.0 100.0 and
16848.0 13139.0 1156.0 112.0 ovcrvthlng'nround
18056.0 13172.0 232.0 76.0 was
18344.0 13151.0 324.0 96.0 made
18716.0 13176.0 124.0 72.0 as

16023.0 13256.0 288.0 116.0 light
16356.0 13256.0 224.0 104.0 and
16627.0 13271.0 304.0 92.0 cheei
16968.0 13260.0 164.0 100.0 lul
17176.0 13288.0 124.0 76.0 as
17392.0 13260.0 480.0 112.0 possible
17971.0 13244.0 116.0 120.0 In
18159.0 13267.0 680.0 96.0 accordance

16032.0 13376.0 268.0 100.0 wilh
16352.0 13376.0 188.0 96.0 the
16580.0 13380.0 312.0 96.0 often
16948.0 13380.0 596.0 112.0 expiossed
17600.0 13376.0 280.0 104.0 wish
17968.0 13384.0 124.0 96.0 of
18179.0 13380.0 492.0 100.0 Beecher
18719.0 13380.0 112.0 100.0 incise

16023.0 13516.0 252.0 76.0 ciso
16320.0 13492.0 124.0 96.0 of
16492.0 13492.0 172.0 100.0 Ills
16712.0 13492.0 368.0 104.0 death.
17200.0 13492.0 608.0 108.0 Hundreds
17855.0 13496.0 124.0 96.0 of
18048.0 13496.0 388.0 120.0 people
18475.0 13524.0 60.0 76.0 c
18572.0 13496.0 264.0 100.0 illed

16023.0 13607.0 412.0 100.0 during
16508.0 13607.0 188.0 100.0 the
16799.0 13607.0 220.0 116.0 diy
17123.0 13607.0 224.0 100.0 nnd
17456.0 13611.0 212.0 100.0 lelt
17772.0 13607.0 320.0 104.0 caids
18100.0 13679.0 28.0 48.0 ,
18248.0 13611.0 596.0 116.0 Including

16040.0 13720.0 388.0 124.0 Henry
16475.0 13724.0 432.0 116.0 George
16948.0 13724.0 232.0 104.0 and
17228.0 13724.0 268.0 104.0 Rov.
17560.0 13724.0 824.0 120.0 Dr.McGIjnn.
18395.0 13796.0 24.0 36.0 .

16544.0 13955.0 444.0 100.0 Death
17060.0 13968.0 792.0 108.0 ofvCnptntn
17924.0 13959.0 400.0 100.0 Rnds.

16148.0 14091.0 536.0 128.0 NASSAU
16688.0 14168.0 28.0 48.0 ,
16784.0 14091.0 116.0 108.0 N"
16896.0 14168.0 28.0 36.0 .
16988.0 14095.0 140.0 104.0 11.
17140.0 14168.0 28.0 40.0 ,
17215.0 14091.0 388.0 112.0 March
17636.0 14104.0 144.0 96.0 10.
17916.0 14100.0 484.0 124.0 Captain
18448.0 14159.0 28.0 40.0 ,
18480.0 14116.0 368.0 88.0 lames

16036.0 14236.0 124.0 104.0 B.
16216.0 14236.0 304.0 104.0 Ends
16564.0 14236.0 260.0 104.0 died
16876.0 14236.0 260.0 108.0 hero
17179.0 14264.0 144.0 76.0 on
17428.0 14244.0 184.0 100.0 the
17655.0 14244.0 184.0 100.0 Sth
17920.0 14244.0 128.0 100.0 of
18112.0 14244.0 732.0 120.0 pneumonia.

16164.0 14384.0 32.0 120.0 [
16204.0 14376.0 392.0 104.0 James
16644.0 14380.0 128.0 100.0 U.
16824.0 14380.0 304.0 100.0 Kad-i
17184.0 14404.0 228.0 76.0 was
17500.0 14384.0 276.0 100.0 born
17840.0 14380.0 108.0 104.0 In
17999.0 14380.0 492.0 104.0 Indiana
18500.0 14456.0 24.0 40.0 ,
18583.0 14388.0 268.0 128.0 May

16028.0 14491.0 456.0 116.0 23,1820.
16611.0 14499.0 160.0 92.0 At
16816.0 14495.0 188.0 100.0 the
17048.0 14520.0 204.0 84.0 ago
17300.0 14508.0 124.0 84.0 ot
17524.0 14516.0 276.0 80.0 nine
17896.0 14495.0 140.0 100.0 ho
18123.0 14499.0 396.0 100.0 moved
18572.0 14504.0 272.0 96.0 with

16032.0 14608.0 172.0 100.0 his
16308.0 14615.0 460.0 108.0 parents
16871.0 14615.0 116.0 92.0 to
17123.0 14611.0 620.0 100.0 Louisville
17752.0 14683.0 24.0 48.0 ,
17891.0 14611.0 264.0 104.0 and.
18272.0 14615.0 300.0 100.0 after
18660.0 14615.0 188.0 100.0 the

16032.0 14724.0 336.0 104.0 death
16532.0 14724.0 124.0 100.0 of
16816.0 14724.0 176.0 100.0 his
17156.0 14728.0 372.0 100.0 father
17664.0 14728.0 116.0 100.0 in
17935.0 14732.0 116.0 92.0 Ib
18079.0 14732.0 32.0 44.0 '
18092.0 14784.0 44.0 36.0 .
18143.0 14732.0 32.0 88.0 ;
18304.0 14736.0 304.0 96.0 wont
18732.0 14736.0 116.0 96.0 to

16032.0 14840.0 160.0 100.0 St.
16316.0 14840.0 388.0 100.0 Louis.
16876.0 14840.0 644.0 104.0 Commeico
17624.0 14868.0 148.0 76.0 on
17871.0 14844.0 188.0 100.0 the
18148.0 14844.0 696.0 124.0 Mississippi

16036.0 14955.0 288.0 100.0 river
16364.0 14963.0 116.0 92.0 at
16528.0 14955.0 224.0 100.0 tills
16796.0 14951.0 272.0 108.0 time
17120.0 14984.0 228.0 76.0 was
17452.0 14959.0 516.0 116.0 xroulnz
18076.0 14959.0 440.0 108.0 rauldlv
18616.0 14959.0 228.0 104.0 nnd

16032.0 15095.0 388.0 96.0 young
16472.0 15072.0 292.0 100.0 Ends
16807.0 15076.0 460.0 96.0 seemed
17316.0 15103.0 64.0 72.0 n
17424.0 15076.0 496.0 112.0 position
18040.0 15099.0 124.0 76.0 as
18267.0 15076.0 312.0 104.0 cloik
18688.0 15103.0 148.0 76.0 on

16032.0 15212.0 220.0 76.0 one
16295.0 15175.0 124.0 112.0 of
16464.0 15188.0 184.0 100.0 the
16696.0 15192.0 348.0 100.0 boats.
17179.0 15188.0 132.0 104.0 In
17375.0 15196.0 212.0 96.0 lo-.s
17636.0 15192.0 272.0 100.0 than
17963.0 15204.0 192.0 92.0 ten
18259.0 15219.0 324.0 92.0 jcnrs
18708.0 15200.0 140.0 96.0 ho

16040.0 15303.0 220.0 100.0 had
16344.0 15307.0 552.0 100.0 mnsteied
17007.0 15307.0 656.0 108.0 navigation
17776.0 15307.0 228.0 100.0 and
18112.0 15312.0 452.0 100.0 became
18655.0 15312.0 188.0 100.0 the

16036.0 15419.0 456.0 120.0 leading
16536.0 15423.0 328.0 112.0 spirit
16912.0 15416.0 116.0 108.0 in
17120.0 15448.0 68.0 76.0 a
17240.0 15431.0 240.0 92.0 linn
17583.0 15423.0 512.0 120.0 engaged
18207.0 15423.0 116.0 104.0 In
18416.0 15427.0 432.0 120.0 lalslng

16036.0 15536.0 448.0 104.0 sunken
16539.0 15544.0 552.0 116.0 property.
17220.0 15540.0 248.0 104.0 The
17575.0 15540.0 520.0 104.0 business
18148.0 15567.0 228.0 76.0 was
18420.0 15567.0 124.0 76.0 so
18588.0 15567.0 200.0 76.0 suc-

16036.0 15652.0 416.0 104.0 cessful
16776.0 15664.0 244.0 96.0 that
17344.0 15684.0 112.0 76.0 in
17796.0 15660.0 132.0 96.0 lb.
17976.0 15664.0 56.0 92.0 7
18272.0 15660.0 140.0 100.0 he
18691.0 15684.0 120.0 76.0 re-

16040.0 15767.0 284.0 104.0 tired
16608.0 15767.0 276.0 104.0 with
17168.0 15800.0 64.0 76.0 n
17524.0 15771.0 484.0 104.0 fortune.
18256.0 15779.0 164.0 96.0 At
18660.0 15779.0 192.0 96.0 the

16040.0 15888.0 552.0 120.0 breaking
16871.0 15891.0 196.0 100.0 out
17308.0 15891.0 120.0 96.0 of
17672.0 15888.0 188.0 104.0 the
18096.0 15888.0 272.0 108.0 civil
18616.0 15920.0 236.0 72.0 war

16043.0 16000.0 132.0 104.0 he
16223.0 16000.0 648.0 108.0 contracted
16940.0 16004.0 268.0 100.0 with
17292.0 16008.0 192.0 100.0 the
17555.0 16012.0 756.0 116.0 government
18403.0 16008.0 172.0 100.0 for
18660.0 16008.0 192.0 100.0 the

16040.0 16119.0 764.0 100.0 construction
16856.0 16124.0 124.0 96.0 of
17024.0 16152.0 60.0 68.0 a
17136.0 16124.0 384.0 100.0 flotilla
17616.0 16128.0 116.0 96.0 ot
17827.0 16119.0 564.0 108.0 iionclids
18484.0 16124.0 368.0 104.0 which

16048.0 16235.0 408.0 124.0 pioved
16503.0 16239.0 136.0 96.0 of
16676.0 16243.0 244.0 96.0 vast
16971.0 16235.0 692.0 112.0 impoitanco
17716.0 16239.0 112.0 100.0 in
17884.0 16239.0 184.0 100.0 the
18156.0 16239.0 476.0 104.0 dufense
18732.0 16247.0 116.0 92.0 ot

16040.0 16360.0 476.0 96.0 western
16575.0 16360.0 428.0 96.0 waters.
17140.0 16340.0 216.0 116.0 His
17400.0 16360.0 312.0 112.0 grcnt
17763.0 16360.0 300.0 96.0 fame
18151.0 16383.0 124.0 76.0 ns
18323.0 16383.0 140.0 76.0 an
18520.0 16360.0 264.0 112.0 engi-

16043.0 16492.0 272.0 80.0 neer
16460.0 16495.0 232.0 76.0 was
16899.0 16476.0 412.0 116.0 gained
17528.0 16472.0 140.0 120.0 by
17855.0 16476.0 188.0 96.0 the
18264.0 16480.0 528.0 100.0 construc-

16040.0 16583.0 236.0 100.0 tion
16552.0 16587.0 128.0 100.0 of
16948.0 16596.0 192.0 92.0 the
17424.0 16587.0 732.0 120.0 magnilicent
18464.0 16591.0 392.0 108.0 bridge

16043.0 16699.0 364.0 104.0 which
16655.0 16723.0 344.0 84.0 spans
17244.0 16699.0 188.0 100.0 the
17675.0 16703.0 684.0 124.0 .Mississippi
18560.0 16732.0 296.0 76.0 nver

16040.0 16828.0 116.0 88.0 at
16264.0 16824.0 160.0 96.0 St.
16544.0 16816.0 340.0 100.0 Louip
16896.0 16892.0 24.0 44.0 ,
17040.0 16820.0 228.0 100.0 and
17395.0 16820.0 188.0 100.0 the
17688.0 16824.0 644.0 112.0 deepening
18436.0 16820.0 124.0 100.0 of
18668.0 16824.0 188.0 100.0 the

16048.0 16948.0 448.0 88.0 mouths
16539.0 16940.0 120.0 92.0 ot
16768.0 16936.0 188.0 100.0 the
17068.0 16936.0 684.0 124.0 Mississippi
17855.0 16936.0 140.0 112.0 by
18079.0 16940.0 420.0 116.0 jellies.
18639.0 16936.0 212.0 104.0 His

16043.0 17047.0 328.0 104.0 latest
16424.0 17051.0 444.0 100.0 scheme
16876.0 17123.0 24.0 36.0 ,
16956.0 17051.0 272.0 100.0 with
17280.0 17035.0 368.0 128.0 which
17755.0 17047.0 140.0 104.0 lie
17948.0 17076.0 228.0 76.0 was
18220.0 17055.0 632.0 100.0 connected

16043.0 17175.0 112.0 92.0 at
16204.0 17168.0 188.0 100.0 the
16436.0 17168.0 272.0 100.0 time
16755.0 17171.0 116.0 92.0 ot
16928.0 17164.0 176.0 100.0 his
17148.0 17168.0 332.0 100.0 death
17492.0 17239.0 24.0 40.0 ,
17583.0 17191.0 228.0 76.0 was
17860.0 17168.0 188.0 104.0 the
18076.0 17171.0 776.0 104.0 construction

16043.0 17288.0 120.0 92.0 ot
16231.0 17311.0 64.0 72.0 n
16339.0 17284.0 480.0 100.0 railroad
16876.0 17280.0 172.0 100.0 for
17132.0 17288.0 192.0 96.0 the
17408.0 17288.0 252.0 100.0 trnn
17740.0 17288.0 560.0 108.0 poitation
18356.0 17296.0 124.0 92.0 ot
18544.0 17288.0 320.0 124.0 ships

16043.0 17424.0 376.0 76.0 ncross
16464.0 17399.0 188.0 100.0 the
16704.0 17404.0 476.0 100.0 isthmus
17228.0 17399.0 128.0 100.0 of
17424.0 17399.0 540.0 108.0 Panama.
17984.0 17408.0 36.0 120.0 ]

16280.0 17667.0 692.0 96.0 Statistics
17035.0 17676.0 128.0 88.0 nl
17236.0 17667.0 472.0 100.0 Wheat
17783.0 17672.0 268.0 96.0 and
18115.0 17672.0 388.0 116.0 lings.

16164.0 17803.0 764.0 108.0 CiNciv.sATr
16935.0 17876.0 24.0 48.0 ,
17076.0 17803.0 380.0 104.0 Maich
17568.0 17812.0 140.0 100.0 10.
17840.0 17803.0 244.0 108.0 The
18204.0 17808.0 664.0 108.0 Cincinnati

16056.0 17948.0 316.0 104.0 Price
16475.0 17948.0 484.0 104.0 Curicnt
17060.0 17948.0 580.0 124.0 publishes
17727.0 17952.0 148.0 100.0 its
17979.0 17952.0 428.0 108.0 annual
18511.0 17956.0 292.0 100.0 state-

16048.0 18092.0 316.0 100.0 ment
16403.0 18092.0 120.0 100.0 of
16568.0 18092.0 188.0 100.0 the
16799.0 18092.0 316.0 104.0 stock
17168.0 18092.0 120.0 100.0 of
17331.0 18100.0 364.0 96.0 wheat
17744.0 18092.0 232.0 108.0 and
18060.0 18119.0 268.0 76.0 coin
18448.0 18092.0 116.0 104.0 in
18680.0 18096.0 188.0 100.0 the

16048.0 18236.0 472.0 116.0 country
16568.0 18232.0 276.0 104.0 witli
16888.0 18232.0 776.0 108.0 comoarlsons
17768.0 18240.0 296.0 100.0 from
18168.0 18236.0 416.0 124.0 special
18704.0 18240.0 116.0 96.0 In

16051.0 18376.0 772.0 120.0 vestigations.
16956.0 18376.0 244.0 100.0 The
17359.0 18376.0 528.0 120.0 showing
18028.0 18380.0 176.0 100.0 for
18372.0 18376.0 492.0 108.0 thirteen

16051.0 18527.0 476.0 92.0 western
16580.0 18523.0 348.0 100.0 states
16976.0 18519.0 96.0 100.0 Is
17112.0 18523.0 556.0 120.0 70,000,000
17747.0 18519.0 456.0 104.0 bushels
18308.0 18519.0 128.0 100.0 of
18480.0 18519.0 372.0 104.0 wheat

16051.0 18663.0 448.0 116.0 against
16544.0 18663.0 560.0 116.0 77,000,000
17148.0 18663.0 116.0 100.0 in
17316.0 18663.0 232.0 100.0 issc
17555.0 18735.0 24.0 48.0 ,
17688.0 18667.0 228.0 100.0 and
18032.0 18663.0 580.0 120.0 lll.OOO/XX
18611.0 18667.0 32.0 92.0 )
18752.0 18688.0 116.0 80.0 in

16059.0 18807.0 256.0 100.0 l&W.
16444.0 18811.0 108.0 96.0 A
16596.0 18803.0 296.0 104.0 close
16932.0 18803.0 908.0 124.0 approximation
17935.0 18807.0 180.0 96.0 for
18200.0 18803.0 192.0 104.0 the
18552.0 18807.0 328.0 100.0 otutr

16056.0 18943.0 508.0 124.0 portions
16608.0 18947.0 124.0 100.0 of
16776.0 18943.0 188.0 104.0 the
17007.0 18947.0 480.0 120.0 country
17580.0 18943.0 384.0 104.0 makes
18068.0 18972.0 148.0 76.0 an
18272.0 18951.0 604.0 112.0 aggregate

16051.0 19087.0 124.0 100.0 of
16280.0 19087.0 612.0 116.0 lOs.000,000
16992.0 19087.0 448.0 112.0 against
17528.0 19087.0 616.0 112.0 m.OOO.OOO
18248.0 19083.0 220.0 104.0 last
18567.0 19116.0 268.0 92.0 joar
18835.0 19164.0 28.0 44.0 ,

16056.0 19232.0 228.0 100.0 nnd
16339.0 19228.0 756.0 124.0 103,000,000In
17148.0 19232.0 116.0 96.0 18
17323.0 19232.0 96.0 96.0 5.
17552.0 19228.0 468.0 108.0 Adding
18068.0 19255.0 68.0 76.0 a
18179.0 19228.0 400.0 104.0 visible
18624.0 19255.0 212.0 100.0 sup-

16056.0 19368.0 192.0 124.0 ply
16292.0 19372.0 228.0 100.0 nnd
16627.0 19368.0 592.0 108.0 estimated
17300.0 19372.0 528.0 124.0 quantity
17943.0 19372.0 716.0 124.0 represented
18755.0 19376.0 116.0 100.0 In

16064.0 19487.0 280.0 100.0 Hour
16348.0 19559.0 28.0 48.0 ,
16467.0 19496.0 188.0 92.0 the
16763.0 19491.0 652.0 116.0 aggregates
17528.0 19491.0 176.0 96.0 for
17808.0 19483.0 192.0 104.0 the
18092.0 19504.0 480.0 100.0 country
18683.0 19516.0 184.0 76.0 are

16059.0 19603.0 612.0 116.0 19WO,000
16272.0 19611.0 32.0 88.0 <
16676.0 19679.0 24.0 44.0 ,
16812.0 19603.0 452.0 124.0 against
17359.0 19603.0 624.0 120.0 230,000,000
18092.0 19603.0 116.0 104.0 in
18304.0 19611.0 48.0 92.0 l
18420.0 19611.0 116.0 88.0 so
18639.0 19607.0 232.0 100.0 and

16051.0 19720.0 620.0 120.0 tMrj,000,000
16719.0 19720.0 112.0 100.0 In
16920.0 19724.0 256.0 100.0 ISsS.
17308.0 19720.0 244.0 104.0 The
17675.0 19720.0 652.0 116.0 exportable
18428.0 19724.0 456.0 124.0 suiplus

16064.0 19840.0 180.0 100.0 for
16284.0 19840.0 188.0 100.0 the
16519.0 19844.0 272.0 96.0 next
16840.0 19840.0 236.0 96.0 torn
17136.0 19836.0 452.0 104.0 months
17704.0 19840.0 92.0 100.0 is
17904.0 19844.0 672.0 120.0 apparently
18688.0 19844.0 200.0 100.0 not

16059.0 19955.0 624.0 116.0 exceeding
16740.0 19959.0 48.0 84.0 r
16771.0 19992.0 28.0 52.0 >
16799.0 19951.0 500.0 120.0 o,000,00j
17403.0 19951.0 488.0 120.0 bushels
18012.0 19955.0 500.0 120.0 possibly
18624.0 19955.0 96.0 104.0 Ic
18852.0 20023.0 28.0 36.0 .

16064.0 20071.0 244.0 100.0 The
16360.0 20067.0 312.0 104.0 Ptice
16719.0 20071.0 476.0 104.0 Current
17231.0 20071.0 580.0 100.0 estimates
17855.0 20071.0 188.0 100.0 the
18087.0 20071.0 276.0 100.0 tolal
18416.0 20079.0 480.0 96.0 number

16068.0 20192.0 124.0 96.0 of
16236.0 20188.0 280.0 108.0 hogs
16564.0 20188.0 428.0 120.0 packed
17035.0 20188.0 112.0 100.0 In
17204.0 20188.0 188.0 100.0 the
17439.0 20211.0 76.0 76.0 w
17552.0 20196.0 168.0 92.0 est
17819.0 20188.0 316.0 104.0 filnco
18184.0 20188.0 384.0 104.0 March
18619.0 20196.0 48.0 92.0 1
18768.0 20215.0 124.0 80.0 as

16072.0 20304.0 400.0 120.0 150,000
16475.0 20380.0 24.0 44.0 ,
16552.0 20308.0 448.0 120.0 against
17056.0 20308.0 388.0 116.0 10J.OOO
17488.0 20335.0 64.0 72.0 a
17596.0 20328.0 272.0 96.0 jear
17907.0 20331.0 244.0 96.0 ago.

16264.0 20576.0 92.0 96.0 A
16424.0 20576.0 424.0 92.0 Panic
16904.0 20571.0 524.0 116.0 Anionir
17480.0 20576.0 480.0 96.0 holiool
18020.0 20576.0 680.0 100.0 Children.

16940.0 20739.0 60.0 76.0 a
17043.0 20784.0 28.0 48.0 ,
17087.0 20712.0 384.0 100.0 March
17508.0 20716.0 116.0 96.0 10
17763.0 20712.0 32.0 120.0 [
17808.0 20712.0 444.0 124.0 Special
18284.0 20712.0 592.0 120.0 Telegram

16084.0 20864.0 116.0 92.0 to
16288.0 20852.0 188.0 100.0 the
16564.0 20852.0 364.0 128.0 BKK.J
17068.0 20856.0 112.0 100.0 A
17267.0 20852.0 528.0 104.0 frightful
17907.0 20852.0 336.0 116.0 panic
18348.0 20856.0 540.0 104.0 occuircd

16079.0 20992.0 592.0 128.0 jesterdav
16719.0 20996.0 600.0 100.0 afternoon
17375.0 21000.0 116.0 96.0 at
17555.0 21000.0 184.0 96.0 the
17788.0 20992.0 572.0 104.0 Standard
18420.0 20996.0 432.0 104.0 theatre
18860.0 21071.0 24.0 44.0 ,

16084.0 21139.0 372.0 100.0 where
16564.0 21159.0 264.0 80.0 over
16912.0 21155.0 340.0 84.0 coven
17348.0 21136.0 516.0 104.0 Hundred
17971.0 21136.0 512.0 104.0 children
18603.0 21163.0 292.0 76.0 were

16079.0 21279.0 536.0 120.0 gathered
16704.0 21283.0 116.0 96.0 to
16912.0 21275.0 460.0 104.0 witness
17460.0 21307.0 60.0 72.0 n
17636.0 21275.0 784.0 104.0 venttllotuilst
18528.0 21283.0 364.0 96.0 enter-

16084.0 21419.0 600.0 104.0 tninmcnt.
16856.0 21415.0 460.0 124.0 Shortly
17420.0 21419.0 296.0 104.0 after
17819.0 21419.0 188.0 104.0 the
18120.0 21423.0 784.0 116.0 pciformnnco

16084.0 21563.0 724.0 104.0 commenced
16856.0 21588.0 308.0 76.0 some
17212.0 21588.0 404.0 88.0 poison
17660.0 21563.0 364.0 104.0 raised
18076.0 21559.0 188.0 108.0 the
18308.0 21592.0 192.0 80.0 cry
18539.0 21571.0 112.0 96.0 ot
18711.0 21575.0 192.0 92.0 lue

16084.0 21683.0 224.0 100.0 and
16400.0 21707.0 64.0 76.0 n
16532.0 21679.0 448.0 104.0 terilblo
17068.0 21703.0 336.0 76.0 scene
17492.0 21687.0 116.0 96.0 at
17691.0 21703.0 280.0 80.0 once
18060.0 21683.0 468.0 104.0 ensued.
18664.0 21683.0 244.0 104.0 The

16087.0 21796.0 648.0 116.0 frightened
16844.0 21796.0 500.0 108.0 children
17460.0 21796.0 408.0 104.0 lushed
17979.0 21804.0 176.0 96.0 tor
18243.0 21800.0 192.0 100.0 the
18531.0 21796.0 336.0 108.0 doois
18876.0 21876.0 24.0 48.0 ,

16087.0 21915.0 532.0 120.0 blocking
16724.0 21940.0 148.0 96.0 up
17000.0 21919.0 188.0 96.0 Iho
17344.0 21940.0 792.0 96.0 passageways
18256.0 21924.0 224.0 92.0 and
18596.0 21932.0 268.0 88.0 rush-

16092.0 22031.0 200.0 112.0 ing
16396.0 22027.0 380.0 104.0 inndlv
16856.0 22055.0 220.0 76.0 ono
17176.0 22055.0 252.0 76.0 ovci
17552.0 22035.0 188.0 96.0 llie
17832.0 22031.0 352.0 104.0 otlier.
18328.0 22031.0 580.0 104.0 Professor

16087.0 22148.0 292.0 100.0 Iilsh
16396.0 22219.0 24.0 40.0 ,
16552.0 22132.0 188.0 116.0 of"
16804.0 22148.0 184.0 100.0 the
17071.0 22144.0 352.0 108.0 Third
17555.0 22148.0 304.0 104.0 ward
17971.0 22151.0 376.0 100.0 school
18364.0 22223.0 24.0 48.0 ,
18503.0 22151.0 228.0 100.0 and
18844.0 22179.0 64.0 72.0 a

16095.0 22264.0 472.0 104.0 number
16652.0 22268.0 120.0 96.0 of
16835.0 22264.0 324.0 104.0 oilier
17240.0 22264.0 648.0 112.0 gentlemen
17988.0 22291.0 272.0 76.0 near
18359.0 22264.0 192.0 104.0 the
18636.0 22268.0 272.0 104.0 ilonr

16092.0 22387.0 236.0 96.0 tore
16375.0 22379.0 336.0 104.0 down
16763.0 22379.0 188.0 104.0 the
17000.0 22371.0 544.0 112.0 vestlbulu
17596.0 22379.0 528.0 124.0 partlllon
18143.0 22455.0 24.0 40.0 ,
18220.0 22383.0 440.0 120.0 opened
18724.0 22387.0 184.0 100.0 the

16095.0 22499.0 444.0 100.0 outside
16583.0 22499.0 332.0 96.0 doors
16924.0 22571.0 24.0 40.0 ,
17000.0 22503.0 228.0 96.0 and
17280.0 22495.0 344.0 104.0 broke
17668.0 22523.0 288.0 96.0 open
18043.0 22495.0 188.0 104.0 the
18323.0 22499.0 584.0 104.0 windows.

16087.0 22612.0 324.0 116.0 'Ihoy
16492.0 22612.0 368.0 104.0 sci/cd
16952.0 22612.0 184.0 104.0 the
17292.0 22612.0 504.0 104.0 chlldien
17816.0 22687.0 20.0 44.0 ,
17956.0 22616.0 568.0 120.0 throwing
18611.0 22619.0 296.0 104.0 iliom

16095.0 22732.0 296.0 112.0 rlglit
16439.0 22727.0 224.0 104.0 and
16704.0 22732.0 208.0 100.0 left
16956.0 22755.0 124.0 76.0 as
17128.0 22727.0 268.0 116.0 thuy
17428.0 22727.0 308.0 104.0 drew
17808.0 22727.0 300.0 108.0 them
18159.0 22740.0 196.0 96.0 out
18364.0 22808.0 24.0 48.0 ,
18444.0 22736.0 232.0 100.0 and
18775.0 22736.0 132.0 124.0 by

16092.0 22847.0 864.0 124.0 extraordinary
17000.0 22847.0 388.0 100.0 elforts
17475.0 22851.0 612.0 100.0 succeeded
18187.0 22851.0 116.0 100.0 In
18408.0 22851.0 500.0 112.0 dealing

16095.0 22959.0 188.0 104.0 llio
16331.0 22987.0 556.0 96.0 passages.
17004.0 22967.0 104.0 96.0 A
17159.0 22975.0 476.0 92.0 number
17675.0 22963.0 124.0 100.0 of
17835.0 22967.0 188.0 100.0 the
18068.0 22963.0 524.0 104.0 children
18636.0 22991.0 272.0 76.0 were

16100.0 23076.0 716.0 124.0 Injuredbut
16868.0 23103.0 304.0 80.0 none
17220.0 23084.0 584.0 112.0 seriously.
17968.0 23080.0 108.0 100.0 It
18123.0 23107.0 236.0 76.0 wns
18456.0 23084.0 268.0 120.0 only
18783.0 23099.0 120.0 104.0 uj

16095.0 23195.0 192.0 100.0 the
16336.0 23199.0 444.0 112.0 piompt
16816.0 23204.0 372.0 96.0 action
17244.0 23195.0 120.0 100.0 of
17452.0 23199.0 316.0 100.0 these
17816.0 23204.0 660.0 100.0 gentlemen
18552.0 23208.0 244.0 92.0 that

16104.0 23311.0 412.0 100.0 foartul
16560.0 23311.0 532.0 120.0 calamity
17140.0 23335.0 232.0 80.0 wns
17416.0 23315.0 488.0 100.0 averted.

16971.0 23552.0 460.0 96.0 Strike
17511.0 23556.0 540.0 100.0 Kvcnts.

16223.0 23692.0 704.0 104.0 PiTTsnuito
16943.0 23763.0 28.0 44.0 ,
17140.0 23688.0 384.0 108.0 Match
17639.0 23692.0 108.0 96.0 10
17912.0 23688.0 244.0 104.0 The
18328.0 23688.0 576.0 108.0 Chronlcli

16100.0 23831.0 728.0 128.0 Telegraph's
16884.0 23828.0 680.0 128.0 Yotingstow
17603.0 23863.0 60.0 72.0 n
17683.0 23903.0 24.0 48.0 ,
17804.0 23831.0 292.0 104.0 Ohio
18104.0 23907.0 24.0 44.0 ,
18184.0 23831.0 420.0 116.0 special
18655.0 23859.0 248.0 100.0 sayr

16104.0 23979.0 188.0 100.0 the
16339.0 23975.0 452.0 104.0 general
16904.0 23999.0 536.0 92.0 mannger
17539.0 23979.0 124.0 96.0 of
17772.0 23975.0 188.0 100.0 the
18076.0 23971.0 828.0 128.0 Ponnsylvanlt

16104.0 24115.0 484.0 108.0 railroad
16712.0 24139.0 560.0 100.0 company
17384.0 24115.0 256.0 104.0 tiled
17747.0 24143.0 68.0 76.0 a
17924.0 24115.0 484.0 124.0 petition
18528.0 24115.0 112.0 108.0 in
18744.0 24115.0 160.0 104.0 the

16104.0 24284.0 316.0 80.0 court
16464.0 24259.0 444.0 120.0 against
16952.0 24263.0 388.0 96.0 eleven
17388.0 24259.0 116.0 96.0 of
17555.0 24263.0 188.0 100.0 the
17791.0 24259.0 472.0 104.0 strikers
18279.0 24331.0 24.0 44.0 ,
18356.0 24259.0 268.0 104.0 char
18727.0 24259.0 176.0 108.0 lni

16104.0 24407.0 248.0 100.0 that
16396.0 24399.0 260.0 124.0 they
16704.0 24424.0 284.0 84.0 v.ero
17040.0 24399.0 692.0 128.0 interfering
17788.0 24399.0 272.0 104.0 with
18107.0 24403.0 188.0 104.0 the
18344.0 24407.0 548.0 120.0 opcrailot

16108.0 24547.0 116.0 96.0 of
16276.0 24552.0 184.0 96.0 the
16508.0 24543.0 260.0 104.0 road
16784.0 24615.0 24.0 48.0 ,
16924.0 24539.0 664.0 124.0 teirorl/lng
17680.0 24571.0 236.0 76.0 new
18043.0 24568.0 256.0 84.0 men
18395.0 24547.0 248.0 100.0 that
18752.0 24543.0 152.0 104.0 tin

16108.0 24711.0 560.0 100.0 company
16776.0 24688.0 212.0 100.0 had
17100.0 24688.0 592.0 124.0 cmplovcd
17708.0 24760.0 24.0 48.0 ,
17844.0 24688.0 228.0 104.0 and
18207.0 24683.0 696.0 128.0 threatening

16115.0 24828.0 504.0 108.0 violence
16668.0 24843.0 112.0 88.0 lo
16824.0 24828.0 576.0 144.0 emplojct
17475.0 24832.0 224.0 104.0 and
17816.0 24832.0 516.0 104.0 officials.
18472.0 24832.0 188.0 104.0 An
18780.0 24832.0 112.0 104.0 In-

16108.0 24947.0 524.0 124.0 junction
16807.0 24968.0 232.0 80.0 was
17208.0 24931.0 376.0 116.0 Issued
17700.0 24947.0 144.0 116.0 by
17956.0 24951.0 188.0 96.0 the
18243.0 24947.0 360.0 124.0 judge
18711.0 24972.0 188.0 80.0 am

16112.0 25063.0 392.0 104.0 served
16555.0 25063.0 224.0 104.0 this
16888.0 25063.0 532.0 108.0 morning
17428.0 25135.0 28.0 48.0 ,
17572.0 25059.0 688.0 112.0 restraining
18367.0 25063.0 192.0 100.0 thn
18672.0 25092.0 232.0 76.0 met

16115.0 25179.0 412.0 108.0 nam.'il
16583.0 25183.0 288.0 96.0 fiom
16943.0 25179.0 348.0 116.0 going
17464.0 25203.0 296.0 96.0 upon
17876.0 25183.0 188.0 96.0 the
18179.0 25183.0 532.0 120.0 property
18819.0 25207.0 64.0 72.0 o

16115.0 25308.0 192.0 96.0 the
16596.0 25296.0 856.0 120.0 Pennsjlvonla
17688.0 25319.0 564.0 116.0 compuiy
18500.0 25323.0 132.0 76.0 or
18819.0 25300.0 76.0 100.0 It

16115.0 25436.0 232.0 100.0 any
16588.0 25436.0 480.0 80.0 manner
17231.0 25411.0 680.0 116.0 Interfering
18068.0 25407.0 272.0 108.0 with
18531.0 25411.0 364.0 104.0 trains

16132.0 25543.0 100.0 92.0 Jt
16344.0 25531.0 92.0 104.0 is
16555.0 25523.0 536.0 140.0 expected
17259.0 25527.0 188.0 104.0 the
17608.0 25551.0 564.0 100.0 company
18292.0 25527.0 236.0 104.0 will
18719.0 25555.0 176.0 76.0 PIII

16123.0 25675.0 64.0 76.0 n
16240.0 25647.0 304.0 100.0 force
16591.0 25655.0 112.0 104.0 qt
16763.0 25667.0 256.0 80.0 men
17068.0 25644.0 256.0 100.0 here
17380.0 25651.0 116.0 96.0 to
17539.0 25644.0 220.0 124.0 day
17812.0 25655.0 116.0 88.0 to
17971.0 25651.0 456.0 112.0 operate
18539.0 25647.0 360.0 100.0 trains

16123.0 25763.0 224.0 104.0 and
16400.0 25787.0 68.0 76.0 a
16511.0 25763.0 452.0 100.0 conflict
17015.0 25759.0 96.0 104.0 Is
17164.0 25759.0 412.0 104.0 feared.

16244.0 25875.0 1304.0 108.0 Mii.wAt'ici.March
17007.0 25899.0 24.0 80.0 !
17603.0 25871.0 520.0 108.0 10.--The
18171.0 25871.0 356.0 108.0 strike
18596.0 25875.0 120.0 100.0 of
18763.0 25875.0 140.0 104.0 tin

16128.0 26011.0 484.0 96.0 printers
16647.0 25995.0 112.0 100.0 In
16820.0 25995.0 228.0 104.0 this
17107.0 25995.0 204.0 104.0 ollv
17392.0 25991.0 236.0 104.0 Isat
17675.0 26015.0 140.0 76.0 an
17896.0 25995.0 216.0 96.0 end
18132.0 26063.0 24.0 48.0 ,
18272.0 25995.0 184.0 100.0 the
18564.0 25991.0 328.0 128.0 Tipo

16123.0 26112.0 564.0 116.0 graphical
16740.0 26112.0 348.0 104.0 union
17151.0 26112.0 420.0 116.0 having
17619.0 26108.0 476.0 104.0 allowed
18151.0 26112.0 144.0 100.0 Its
18387.0 26112.0 512.0 100.0 member'

16132.0 26248.0 116.0 80.0 10
16295.0 26248.0 468.0 96.0 procure
16856.0 26227.0 308.0 100.0 vvoik
17244.0 26227.0 564.0 100.0 wheiovr
17899.0 26223.0 240.0 104.0 thev
18231.0 26255.0 28.0 68.0 (
18295.0 26248.0 144.0 80.0 .in
18531.0 26235.0 184.0 96.0 get
18827.0 26227.0 72.0 100.0 It

16128.0 26343.0 244.0 104.0 The
16439.0 26363.0 664.0 108.0 newspaper
17164.0 26339.0 252.0 108.0 olllc
17431.0 26395.0 16.0 40.0 <
17447.0 26367.0 24.0 36.0 *
17483.0 26363.0 52.0 76.0 s
17608.0 26367.0 188.0 76.0 aio
17896.0 26339.0 208.0 104.0 full
18115.0 26371.0 44.0 92.0 )
18236.0 26343.0 496.0 104.0 manned
18811.0 26343.0 40.0 96.0 l
18847.0 26371.0 24.0 68.0 >

16123.0 26475.0 460.0 100.0 strange
16627.0 26483.0 252.0 76.0 men
16892.0 26531.0 28.0 44.0 ,
16971.0 26459.0 228.0 100.0 and
17244.0 26475.0 188.0 84.0 uut
17483.0 26487.0 64.0 72.0 n
17636.0 26459.0 224.0 100.0 few
17943.0 26463.0 108.0 96.0 ot
18176.0 26455.0 192.0 108.0 thu
18456.0 26459.0 416.0 104.0 striker
18883.0 26487.0 16.0 72.0 :

16148.0 26576.0 232.0 108.0 will
16444.0 26580.0 132.0 100.0 bo
16624.0 26576.0 248.0 104.0 iible
16920.0 26580.0 108.0 100.0 tu
17076.0 26571.0 384.0 108.0 obtnln
17511.0 26571.0 368.0 108.0 vvoik.

16591.0 26823.0 28.0 88.0 I
16663.0 26823.0 168.0 96.0 ho
16940.0 26819.0 612.0 96.0 Mltitl.i'H
17668.0 26819.0 44.0 92.0 i
17736.0 26815.0 32.0 100.0 :
17780.0 26843.0 32.0 72.0 <
17827.0 26848.0 28.0 92.0 |
17880.0 26823.0 408.0 116.0 ulpmt
18287.0 26843.0 36.0 48.0 >
18344.0 26831.0 180.0 88.0 nt.

16259.0 26955.0 576.0 112.0 WAFIIIV
16888.0 26980.0 232.0 84.0 ION
17140.0 27031.0 28.0 44.0 ,
17284.0 26955.0 384.0 104.0 Much
17819.0 26959.0 148.0 100.0 10.
18115.0 26955.0 292.0 108.0 First
18544.0 26955.0 356.0 112.0 Comr

16132.0 27103.0 36.0 100.0 (
16187.0 27099.0 328.0 104.0 roller
16624.0 27099.0 500.0 108.0 Durham
17236.0 27099.0 204.0 104.0 has
17547.0 27095.0 468.0 108.0 decided
18128.0 27099.0 244.0 104.0 that
18480.0 27107.0 192.0 96.0 the
18783.0 27099.0 116.0 104.0 In-

16128.0 27243.0 456.0 104.0 creased
16691.0 27247.0 472.0 100.0 amount
17267.0 27239.0 800.0 132.0 appropriated
18179.0 27243.0 144.0 124.0 by
18416.0 27267.0 480.0 96.0 congres

15852.0 27331.0 112.0 244.0 IIic
16140.0 27388.0 284.0 104.0 from
16475.0 27383.0 472.0 116.0 S200.000
16992.0 27396.0 116.0 96.0 to
17151.0 27383.0 440.0 124.0 5400,0'X
17592.0 27388.0 32.0 92.0 )
17691.0 27392.0 112.0 96.0 to
17852.0 27383.0 464.0 124.0 provide
18364.0 27411.0 272.0 76.0 arim
18639.0 27411.0 24.0 72.0 :
18727.0 27411.0 172.0 76.0 am

15864.0 27499.0 100.0 224.0 icd
16136.0 27507.0 716.0 108.0 eaulpniPn's
16755.0 27515.0 28.0 72.0 '
16899.0 27503.0 172.0 108.0 for
17120.0 27507.0 188.0 104.0 the
17359.0 27503.0 404.0 104.0 militia
17852.0 27507.0 272.0 100.0 do-.M
18200.0 27507.0 196.0 100.0 not
18488.0 27503.0 412.0 100.0 bccoun

15888.0 27615.0 68.0 108.0 d
16136.0 27619.0 548.0 104.0 available
16735.0 27619.0 292.0 108.0 until
17092.0 27619.0 312.0 104.0 June
17444.0 27623.0 28.0 96.0 !
17544.0 27627.0 268.0 92.0 next
17819.0 27695.0 28.0 24.0 ,
17904.0 27619.0 192.0 104.0 the
18140.0 27615.0 636.0 124.0 beginning
18819.0 27647.0 64.0 68.0 o

15856.0 27787.0 112.0 76.0 re
16140.0 27739.0 192.0 100.0 the
16380.0 27743.0 268.0 96.0 next
16688.0 27735.0 304.0 104.0 Usual
17079.0 27763.0 48.0 100.0 >
17156.0 27763.0 220.0 80.0 cai.
17516.0 27735.0 204.0 108.0 He.
17819.0 27724.0 532.0 116.0 however
18348.0 27807.0 36.0 52.0 ,
18475.0 27735.0 424.0 120.0 nvunl

15856.0 27787.0 112.0 192.0 ren
16140.0 27855.0 192.0 104.0 thu
16380.0 27855.0 504.0 100.0 Incicaso
16924.0 27855.0 116.0 100.0 In
17148.0 27855.0 188.0 100.0 the
17388.0 27864.0 396.0 96.0 nature
17891.0 27855.0 124.0 100.0 ol
18128.0 27879.0 72.0 80.0 it
18292.0 27875.0 308.0 108.0 priu
18688.0 27879.0 212.0 76.0 ucn

16140.0 27971.0 436.0 104.0 annual
16644.0 27971.0 892.0 124.0 nppropilutlou.
17588.0 28055.0 20.0 36.0 .

18976.0 2688.0 116.0 228.0 A
19292.0 2680.0 296.0 240.0 BIG
19760.0 2672.0 916.0 244.0 NATIONAL
20844.0 2652.0 948.0 252.0 RAILROAD

18971.0 3216.0 344.0 128.0 What
19364.0 3212.0 196.0 132.0 tbo
19611.0 3208.0 624.0 136.0 Baltimore
20343.0 3208.0 100.0 124.0 &
20551.0 3200.0 280.0 132.0 Ohio
20927.0 3200.0 284.0 132.0 Deal
21315.0 3196.0 120.0 128.0 Is
21520.0 3196.0 244.0 164.0 Sup-

19888.0 3392.0 340.0 168.0 posed
20304.0 3408.0 116.0 112.0 to
20500.0 3388.0 328.0 132.0 Mean
20839.0 3472.0 24.0 44.0 ,

21775.0 3712.0 44.0 60.0 *

18984.0 3764.0 944.0 112.0 PRESIDENT
20196.0 3756.0 784.0 112.0 GARRETT
21212.0 3744.0 552.0 116.0 TALKS

18971.0 4148.0 272.0 96.0 The
19348.0 4144.0 728.0 120.0 Sjnillcntc
20171.0 4156.0 140.0 84.0 to
20415.0 4136.0 544.0 104.0 Control
21076.0 4152.0 80.0 76.0 n
21271.0 4136.0 540.0 112.0 SyMCta

19207.0 4312.0 680.0 120.0 llenctilnj
19891.0 4340.0 44.0 44.0 *
20016.0 4312.0 388.0 96.0 Prom
20479.0 4315.0 44.0 88.0 (
20520.0 4304.0 516.0 104.0 Jnnnila
21112.0 4315.0 136.0 84.0 tn
21323.0 4304.0 236.0 96.0 the

19448.0 4480.0 340.0 100.0 Gulf
19819.0 4484.0 272.0 96.0 niul
20148.0 4480.0 396.0 96.0 rrom
20595.0 4472.0 300.0 100.0 New
20947.0 4472.0 376.0 96.0 York

19872.0 4660.0 136.0 88.0 to
20104.0 4644.0 788.0 104.0 California.

19564.0 5004.0 268.0 96.0 Tito
19891.0 5000.0 552.0 116.0 Biggest
20508.0 4996.0 320.0 100.0 Donl
20888.0 4996.0 300.0 96.0 Yet.

19107.0 5140.0 312.0 108.0 Nr.vv
19528.0 5136.0 352.0 108.0 VoitK"
19888.0 5212.0 24.0 48.0 ,
20032.0 5136.0 384.0 104.0 March
20528.0 5140.0 140.0 100.0 10.
20800.0 5132.0 248.0 104.0 The
21215.0 5136.0 592.0 104.0 executive

18988.0 5236.0 644.0 160.0 committee
19672.0 5284.0 128.0 100.0 of
19888.0 5280.0 188.0 108.0 the
20135.0 5280.0 628.0 104.0 Richmond
20875.0 5272.0 584.0 108.0 Terminal
21512.0 5300.0 248.0 80.0 com-

18991.0 5456.0 300.0 96.0 pany
19343.0 5428.0 196.0 104.0 has
19583.0 5452.0 296.0 100.0 gone
19932.0 5424.0 244.0 108.0 Into
20259.0 5420.0 432.0 108.0 session
20767.0 5424.0 116.0 100.0 to
20960.0 5416.0 528.0 104.0 consider
21575.0 5420.0 228.0 104.0 two

18976.0 5568.0 780.0 132.0 propositions
19811.0 5564.0 488.0 128.0 rotating
20384.0 5572.0 116.0 96.0 to
20548.0 5564.0 188.0 104.0 the
20783.0 5560.0 548.0 112.0 purchase
21376.0 5560.0 124.0 104.0 of
21600.0 5560.0 196.0 108.0 the

18999.0 5712.0 612.0 104.0 Baltimore
19655.0 5716.0 100.0 100.0 &
19840.0 5708.0 292.0 112.0 Ohio
20240.0 5708.0 320.0 104.0 block
20672.0 5704.0 364.0 104.0 under
21143.0 5700.0 188.0 108.0 the
21392.0 5704.0 404.0 124.0 option
22304.0 5644.0 84.0 152.0 G

18991.0 5856.0 340.0 124.0 given
19384.0 5856.0 144.0 124.0 by
19580.0 5852.0 408.0 108.0 Hubert
20032.0 5852.0 444.0 104.0 Garrett
20531.0 5860.0 112.0 92.0 to
20692.0 5848.0 352.0 124.0 Sully.
21143.0 5848.0 248.0 104.0 One
21440.0 5848.0 124.0 100.0 of
21611.0 5844.0 196.0 112.0 the

18988.0 5996.0 544.0 108.0 directors
19608.0 5996.0 236.0 104.0 said
19955.0 6004.0 112.0 96.0 to
20112.0 5996.0 220.0 116.0 day
20428.0 5996.0 248.0 100.0 that
20780.0 5992.0 188.0 104.0 the
21079.0 5984.0 708.0 132.0 proposition

18991.0 6148.0 288.0 100.0 most
19323.0 6140.0 340.0 124.0 likely
19716.0 6144.0 112.0 100.0 to
19875.0 6140.0 132.0 104.0 bo
20055.0 6135.0 480.0 124.0 adopted
20611.0 6132.0 92.0 108.0 Is
20788.0 6132.0 248.0 108.0 that
21127.0 6135.0 192.0 100.0 the
21412.0 6128.0 340.0 132.0 syndi-

18979.0 6288.0 244.0 100.0 cate
19276.0 6284.0 288.0 104.0 shall
19603.0 6280.0 260.0 108.0 take
19911.0 6280.0 188.0 108.0 thu
20148.0 6280.0 312.0 104.0 stock
20515.0 6276.0 112.0 104.0 In
20744.0 6276.0 296.0 104.0 their
21127.0 6300.0 260.0 80.0 own
21467.0 6276.0 296.0 100.0 Inter-

18979.0 6436.0 228.0 92.0 ests
19279.0 6424.0 232.0 104.0 mid
19564.0 6424.0 264.0 104.0 hold
19932.0 6428.0 88.0 100.0 It
20124.0 6420.0 292.0 104.0 until
20520.0 6420.0 188.0 100.0 the
20827.0 6416.0 636.0 104.0 Richmond
21539.0 6412.0 224.0 104.0 Ter-

19007.0 6544.0 352.0 100.0 minal
19547.0 6539.0 216.0 104.0 full
19935.0 6539.0 336.0 100.0 board
20395.0 6536.0 124.0 100.0 of
20644.0 6536.0 544.0 100.0 directors
21312.0 6552.0 504.0 100.0 approve

18999.0 6664.0 124.0 92.0 of
19367.0 6652.0 188.0 104.0 the
19808.0 6656.0 368.0 100.0 action
20423.0 6648.0 124.0 100.0 of
20788.0 6648.0 192.0 100.0 the
21220.0 6652.0 596.0 100.0 executive

18996.0 6768.0 672.0 104.0 committee.
19808.0 6772.0 104.0 96.0 It
19960.0 6768.0 232.0 100.0 will
20243.0 6768.0 268.0 96.0 then
20559.0 6764.0 132.0 100.0 bo
20736.0 6756.0 392.0 128.0 placed
21207.0 6760.0 116.0 100.0 In
21436.0 6764.0 340.0 100.0 collat-

18996.0 6888.0 232.0 96.0 eral
19272.0 6888.0 292.0 96.0 trust
19608.0 6884.0 228.0 100.0 niul
19952.0 6880.0 188.0 104.0 the
20235.0 6880.0 628.0 100.0 Richmond
20908.0 6875.0 584.0 104.0 Terminal
21584.0 6872.0 240.0 112.0 will

18999.0 7000.0 360.0 100.0 either
19400.0 6992.0 696.0 112.0 consolidate
20143.0 6992.0 188.0 104.0 the
20387.0 6996.0 608.0 100.0 Baltimore
21040.0 6996.0 100.0 92.0 &
21187.0 6992.0 292.0 104.0 Ohio
21536.0 6996.0 284.0 100.0 with

19004.0 7120.0 144.0 96.0 Its
19196.0 7124.0 312.0 96.0 grout
19556.0 7120.0 412.0 116.0 system
20019.0 7136.0 120.0 76.0 or
20184.0 7116.0 452.0 108.0 operate
20688.0 7108.0 84.0 104.0 It
20819.0 7108.0 628.0 116.0 separately
21544.0 7128.0 124.0 80.0 as

18999.0 7236.0 696.0 120.0 proprietary
19788.0 7228.0 304.0 104.0 road.
20268.0 7224.0 244.0 104.0 The
20620.0 7224.0 616.0 104.0 Baltimore
21364.0 7215.0 84.0 104.0 fe
21531.0 7220.0 292.0 104.0 Ohio

18999.0 7351.0 312.0 96.0 track
19364.0 7351.0 292.0 96.0 from
19752.0 7343.0 620.0 104.0 Ualtlmore
20479.0 7340.0 228.0 104.0 and
20832.0 7336.0 752.0 124.0 Washington
21703.0 7347.0 120.0 96.0 to

19004.0 7460.0 788.0 108.0 Phlladelvhln
19844.0 7460.0 224.0 104.0 will
20120.0 7464.0 128.0 100.0 be
20300.0 7460.0 272.0 104.0 used
20620.0 7483.0 120.0 76.0 us
20791.0 7488.0 64.0 72.0 n
20904.0 7456.0 348.0 104.0 trunk
21351.0 7460.0 236.0 100.0 line
21639.0 7456.0 184.0 108.0 for

18999.0 7584.0 520.0 100.0 business
19556.0 7584.0 120.0 96.0 of
19727.0 7584.0 144.0 100.0 Its
19916.0 7600.0 256.0 80.0 o\\n
20292.0 7584.0 472.0 96.0 vustein
20883.0 7572.0 296.0 104.0 lines
21287.0 7572.0 232.0 104.0 and
21628.0 7576.0 196.0 100.0 the

18999.0 7704.0 328.0 96.0 other
19372.0 7700.0 328.0 100.0 roads
19752.0 7700.0 116.0 100.0 In
19919.0 7700.0 188.0 100.0 the
20204.0 7687.0 632.0 108.0 Hlchmond
20940.0 7687.0 588.0 104.0 Terminal
21587.0 7712.0 236.0 96.0 sjs-

19004.0 7819.0 256.0 100.0 tern.
19392.0 7815.0 284.0 100.0 This
19775.0 7815.0 488.0 104.0 dlicctor
20364.0 7812.0 240.0 100.0 aNo
20688.0 7804.0 516.0 104.0 declared
21312.0 7808.0 248.0 100.0 that
21628.0 7804.0 116.0 104.0 th

19004.0 7928.0 860.0 124.0 Pennsylvania
19911.0 7928.0 480.0 104.0 r.illroad
20443.0 7928.0 200.0 100.0 has
20695.0 7948.0 148.0 76.0 no
20896.0 7924.0 468.0 104.0 interest
21415.0 7924.0 112.0 100.0 in
21628.0 7928.0 196.0 100.0 the

18999.0 8052.0 248.0 100.0 deal
19264.0 8120.0 24.0 28.0 ,
19348.0 8068.0 212.0 80.0 nor
19603.0 8048.0 200.0 100.0 has
19852.0 8056.0 188.0 92.0 the
20099.0 8044.0 508.0 104.0 Western
20672.0 8040.0 428.0 104.0 Union.

19107.0 8164.0 400.0 104.0 Calvin
19628.0 8168.0 108.0 100.0 S.
19816.0 8159.0 356.0 108.0 Brvce
20179.0 8236.0 24.0 40.0 ,
20320.0 8184.0 220.0 76.0 one
20644.0 8159.0 124.0 96.0 of
20868.0 8159.0 192.0 100.0 the
21176.0 8151.0 640.0 108.0 Richmond

18988.0 8280.0 580.0 104.0 Terminal
19616.0 8284.0 536.0 96.0 directors
20160.0 8352.0 24.0 40.0 ,
20232.0 8280.0 224.0 96.0 and
20495.0 8272.0 240.0 104.0 also
20783.0 8272.0 556.0 124.0 supposed
21451.0 8280.0 116.0 92.0 to
21675.0 8272.0 140.0 104.0 bo

18991.0 8396.0 112.0 100.0 In
19143.0 8400.0 188.0 100.0 the
19364.0 8423.0 104.0 76.0 sv
19508.0 8396.0 444.0 104.0 ndlcato
19999.0 8404.0 112.0 92.0 lo
20163.0 8392.0 364.0 100.0 which
20611.0 8384.0 596.0 108.0 President
21304.0 8388.0 444.0 100.0 Garrc.lt
21755.0 8456.0 36.0 48.0 ,

18988.0 8512.0 124.0 104.0 of
19196.0 8512.0 188.0 104.0 the
19475.0 8512.0 612.0 104.0 Ualtlmore
20171.0 8512.0 100.0 96.0 &
20351.0 8508.0 292.0 100.0 Ohio
20647.0 8580.0 24.0 44.0 ,
20788.0 8508.0 200.0 100.0 has
21076.0 8504.0 424.0 100.0 offcml
21592.0 8500.0 196.0 104.0 the

18988.0 8627.0 388.0 120.0 option
19423.0 8631.0 124.0 96.0 of
19595.0 8627.0 536.0 128.0 purchase
20140.0 8695.0 28.0 36.0 ,
20220.0 8623.0 244.0 100.0 said
20515.0 8623.0 296.0 100.0 after
20855.0 8623.0 188.0 100.0 the
21096.0 8623.0 500.0 108.0 meeting
21659.0 8616.0 140.0 104.0 of.

18999.0 8724.0 628.0 124.0 Hichmoiui
19675.0 8740.0 580.0 108.0 Terminal
20304.0 8736.0 540.0 104.0 directors
20932.0 8736.0 376.0 120.0 today
21340.0 8752.0 28.0 84.0 :
21503.0 8728.0 296.0 108.0 "Wo

18996.0 8864.0 280.0 96.0 ha\o
19323.0 8864.0 200.0 96.0 not
19567.0 8856.0 464.0 104.0 decided
20079.0 8860.0 192.0 100.0 vet
20320.0 8856.0 496.0 100.0 whether
20860.0 8876.0 124.0 76.0 or
21027.0 8864.0 200.0 92.0 not
21279.0 8876.0 168.0 76.0 we
21515.0 8848.0 308.0 104.0 shall

18991.0 8988.0 384.0 120.0 accept
19420.0 8976.0 188.0 96.0 the
19647.0 8976.0 312.0 100.0 olfer.
20104.0 8972.0 44.0 100.0 I
20199.0 8972.0 432.0 120.0 greatly
20719.0 8967.0 348.0 100.0 doubt
21160.0 8967.0 96.0 100.0 If
21364.0 8959.0 468.0 108.0 Gnrrott

18996.0 9068.0 368.0 124.0 would
19412.0 9088.0 200.0 104.0 hell
19628.0 9160.0 24.0 40.0 ,
19703.0 9092.0 392.0 112.0 except
20143.0 9112.0 148.0 76.0 on
20348.0 9088.0 188.0 100.0 the
20567.0 9084.0 588.0 104.0 condition
21271.0 9084.0 244.0 100.0 that
21623.0 9080.0 200.0 104.0 the

19004.0 9208.0 604.0 100.0 Baltimore
19652.0 9256.0 28.0 44.0 >
19680.0 9212.0 72.0 92.0 V.
19739.0 9264.0 12.0 32.0 .
19800.0 9208.0 288.0 100.0 Ohio
20132.0 9204.0 228.0 100.0 and
20472.0 9200.0 632.0 104.0 Richmond
21215.0 9192.0 596.0 108.0 Terminal

18996.0 9324.0 132.0 100.0 bo
19171.0 9320.0 768.0 104.0 consolidated
19955.0 9392.0 24.0 40.0 ,
20027.0 9320.0 468.0 100.0 tnaklnir
20539.0 9344.0 64.0 72.0 a
20700.0 9320.0 280.0 104.0 0,000
21088.0 9316.0 264.0 100.0 mile
21459.0 9316.0 360.0 100.0 trunk

18996.0 9435.0 268.0 104.0 lino.
19279.0 9431.0 68.0 60.0 "
19472.0 9435.0 524.0 100.0 Another
20052.0 9428.0 624.0 104.0 Richmond
20716.0 9428.0 580.0 104.0 Terminal
21335.0 9424.0 492.0 104.0 director

18996.0 9552.0 244.0 104.0 said
19292.0 9552.0 84.0 100.0 It
19423.0 9575.0 232.0 76.0 was
19708.0 9560.0 192.0 92.0 not
19947.0 9548.0 348.0 120.0 likely
20331.0 9552.0 240.0 96.0 that
20616.0 9552.0 760.0 104.0 thocompan\
21443.0 9544.0 384.0 104.0 would

18999.0 9676.0 380.0 100.0 accept
19431.0 9668.0 540.0 100.0 Gnrrott's
20019.0 9668.0 280.0 96.0 offer
20304.0 9736.0 28.0 40.0 ,
20384.0 9660.0 196.0 104.0 but
20628.0 9664.0 140.0 100.0 ho
20816.0 9664.0 484.0 104.0 thought
21328.0 9656.0 188.0 104.0 the
21551.0 9680.0 264.0 96.0 syn-

18996.0 9788.0 372.0 100.0 dlcitc
19415.0 9779.0 116.0 104.0 In
19588.0 9779.0 356.0 104.0 which
19955.0 9856.0 24.0 44.0 ,
20035.0 9779.0 140.0 100.0 ho
20220.0 9775.0 276.0 112.0 "aid.
20556.0 9775.0 448.0 104.0 Mcssis.
21068.0 9775.0 320.0 100.0 Brice
21392.0 9848.0 28.0 40.0 ,
21492.0 9771.0 336.0 124.0 Sully

18999.0 9903.0 236.0 100.0 and
19284.0 9900.0 492.0 100.0 Thomas
19863.0 9920.0 188.0 80.0 arc
20160.0 9892.0 608.0 104.0 Interested
20783.0 9968.0 20.0 48.0 ,
20924.0 9892.0 372.0 100.0 would
21407.0 9888.0 144.0 100.0 do
21659.0 9911.0 164.0 80.0 so.

18991.0 10016.0 284.0 100.0 This
19323.0 10016.0 484.0 100.0 director
19847.0 10008.0 244.0 108.0 said
20148.0 10016.0 184.0 96.0 the
20379.0 10024.0 344.0 88.0 terms
20844.0 10032.0 292.0 80.0 were
21243.0 10012.0 64.0 104.0 S
21323.0 10012.0 24.0 88.0 <
21348.0 10008.0 484.0 116.0 5OOU,000

18996.0 10136.0 332.0 100.0 down
19384.0 10132.0 228.0 100.0 and
19660.0 10132.0 64.0 104.0 S
19747.0 10132.0 544.0 116.0 10,000.000
20343.0 10124.0 112.0 104.0 In
20512.0 10152.0 220.0 76.0 one
20800.0 10152.0 272.0 88.0 jear
21071.0 10196.0 24.0 48.0 ,
21212.0 10124.0 320.0 100.0 stock
21644.0 10128.0 192.0 96.0 for

18999.0 10251.0 244.0 96.0 that
19287.0 10256.0 472.0 92.0 amount
19868.0 10256.0 116.0 92.0 to
20079.0 10232.0 132.0 112.0 bo
20320.0 10239.0 256.0 104.0 held
20688.0 10268.0 120.0 76.0 as
20919.0 10239.0 528.0 120.0 security.
21579.0 10236.0 252.0 108.0 The

19007.0 10364.0 620.0 104.0 Richmond
19680.0 10416.0 24.0 48.0 <
19708.0 10368.0 8.0 96.0 !
19719.0 10364.0 60.0 100.0 fc
19832.0 10356.0 528.0 108.0 Danville
20408.0 10360.0 392.0 120.0 people
20803.0 10432.0 28.0 48.0 ,
20908.0 10356.0 140.0 100.0 he
21155.0 10356.0 244.0 104.0 said
21412.0 10428.0 28.0 36.0 ,
21548.0 10379.0 216.0 80.0 con-

18991.0 10480.0 440.0 104.0 sidered
19484.0 10488.0 188.0 92.0 the
19719.0 10484.0 404.0 108.0 figures
20171.0 10476.0 632.0 116.0 altogether
20852.0 10476.0 184.0 100.0 too
21083.0 10468.0 308.0 124.0 high.

19248.0 10620.0 280.0 76.0 HOW
19595.0 10620.0 256.0 80.0 TIIK
19924.0 10612.0 716.0 84.0 i\MICAir.
20708.0 10612.0 272.0 80.0 WAS
21047.0 10612.0 476.0 80.0 KOIIMKI
21536.0 10616.0 32.0 68.0 )
21575.0 10660.0 24.0 28.0 .

19112.0 10711.0 592.0 104.0 CHICAGO
19711.0 10783.0 24.0 44.0 ,
19836.0 10708.0 380.0 108.0 March
20331.0 10711.0 112.0 92.0 10
20608.0 10708.0 100.0 100.0 A
20819.0 10704.0 648.0 124.0 gentleman
21572.0 10700.0 264.0 104.0 who

18996.0 10824.0 396.0 104.0 claims
19464.0 10840.0 112.0 88.0 to
19636.0 10832.0 280.0 96.0 have
19968.0 10847.0 260.0 76.0 seen
20284.0 10824.0 188.0 100.0 the
20520.0 10820.0 488.0 124.0 original
21096.0 10828.0 512.0 96.0 contract
21651.0 10828.0 188.0 92.0 tor

18999.0 10944.0 188.0 100.0 the
19236.0 10944.0 232.0 100.0 sale
19511.0 10948.0 120.0 96.0 of
19711.0 10944.0 188.0 96.0 the
19960.0 10936.0 604.0 108.0 Ualtlmoro
20611.0 10944.0 100.0 92.0 At
20800.0 10940.0 296.0 100.0 Ohio
21179.0 10936.0 476.0 100.0 railrord
21736.0 10940.0 100.0 96.0 la

18999.0 11059.0 572.0 120.0 authority
19628.0 11064.0 184.0 96.0 for
19855.0 11055.0 188.0 104.0 the
20091.0 11055.0 368.0 100.0 follow
20495.0 11055.0 196.0 116.0 Inn
20744.0 11059.0 612.0 92.0 statement
21384.0 11072.0 24.0 80.0 :
21512.0 11051.0 28.0 48.0 '
21556.0 11047.0 280.0 104.0 'The

19004.0 11176.0 268.0 120.0 plan
19328.0 11183.0 176.0 88.0 for
19547.0 11179.0 192.0 96.0 the
19788.0 11168.0 828.0 108.0 consolidation
20672.0 11168.0 120.0 100.0 of
20839.0 11172.0 192.0 96.0 the
21079.0 11168.0 444.0 100.0 various
21567.0 11160.0 204.0 104.0 rail-

19004.0 11292.0 268.0 100.0 road
19328.0 11292.0 532.0 96.0 Interests
19908.0 11308.0 296.0 96.0 grew
20287.0 11292.0 196.0 92.0 out
20528.0 11292.0 112.0 92.0 ot
20719.0 11292.0 188.0 92.0 the
20991.0 11284.0 388.0 100.0 rflorts
21423.0 11280.0 124.0 96.0 of
21611.0 11280.0 232.0 120.0 Jay

19012.0 11404.0 368.0 100.0 Uould
19431.0 11412.0 116.0 92.0 to
19603.0 11404.0 408.0 100.0 Induce
20112.0 11400.0 412.0 100.0 Robert
20628.0 11400.0 448.0 100.0 Gnrrett
21163.0 11404.0 112.0 96.0 to
21328.0 11395.0 248.0 120.0 pool
21647.0 11395.0 200.0 100.0 the

19012.0 11519.0 524.0 100.0 business
19583.0 11523.0 128.0 96.0 of
19764.0 11519.0 188.0 96.0 the
20007.0 11516.0 616.0 100.0 Baltimore
20672.0 11516.0 100.0 96.0 &
20852.0 11512.0 292.0 100.0 Ohio
21204.0 11512.0 640.0 116.0 Telegraph

19004.0 11659.0 564.0 100.0 company
19664.0 11632.0 268.0 100.0 vvltli
20024.0 11636.0 244.0 96.0 that
20315.0 11636.0 120.0 96.0 of
20548.0 11628.0 188.0 100.0 tlio
20832.0 11624.0 512.0 104.0 Western
21443.0 11624.0 396.0 104.0 Union

19020.0 11748.0 636.0 124.0 Telegraph
19711.0 11768.0 616.0 104.0 company.
20503.0 11744.0 452.0 100.0 Gnrrutt
20996.0 11740.0 628.0 124.0 absolutely
21667.0 11764.0 120.0 80.0 re-

19015.0 11867.0 328.0 100.0 fused
19395.0 11876.0 112.0 92.0 to
19559.0 11867.0 452.0 100.0 become
20055.0 11892.0 56.0 72.0 a
20171.0 11859.0 320.0 128.0 partv
20544.0 11867.0 116.0 92.0 to
20728.0 11867.0 268.0 92.0 such
21088.0 11884.0 144.0 76.0 an
21315.0 11884.0 528.0 76.0 aniiiiLe-

19024.0 11999.0 316.0 84.0 ment
19387.0 11984.0 228.0 100.0 and
19652.0 11980.0 512.0 104.0 declared
20220.0 11984.0 136.0 96.0 lie
20408.0 11976.0 368.0 104.0 would
20852.0 11976.0 420.0 120.0 always
21323.0 11976.0 284.0 120.0 keep
21659.0 11968.0 184.0 108.0 his

19012.0 12100.0 524.0 100.0 business
19631.0 12096.0 392.0 104.0 'under
20099.0 12096.0 172.0 100.0 his
20364.0 12116.0 260.0 76.0 own
20716.0 12092.0 436.0 104.0 control
21184.0 12116.0 28.0 92.0 ;
21227.0 12088.0 24.0 56.0 '
21323.0 12096.0 244.0 96.0 that
21636.0 12092.0 196.0 100.0 the

19012.0 12216.0 568.0 124.0 telegraph
19616.0 12212.0 224.0 104.0 and
19875.0 12207.0 472.0 108.0 railroad
20384.0 12207.0 532.0 104.0 Inteicsts
20947.0 12236.0 288.0 76.0 wcro
21268.0 12199.0 528.0 112.0 Identical
21803.0 12271.0 40.0 56.0 ,

19012.0 12331.0 232.0 104.0 and
19331.0 12335.0 244.0 96.0 that
19664.0 12331.0 188.0 100.0 the
19863.0 12360.0 44.0 92.0 >
20019.0 12327.0 400.0 100.0 should
20531.0 12327.0 548.0 100.0 continue
21163.0 12331.0 116.0 92.0 to
21348.0 12323.0 132.0 100.0 bo
21523.0 12352.0 128.0 72.0 so
21711.0 12348.0 132.0 76.0 as

19007.0 12452.0 272.0 116.0 long
19328.0 12475.0 124.0 72.0 as
19500.0 12452.0 136.0 96.0 he
19680.0 12444.0 628.0 104.0 controlled
20351.0 12440.0 356.0 104.0 them.
20852.0 12444.0 224.0 96.0 But
21132.0 12444.0 116.0 96.0 at
21296.0 12440.0 184.0 100.0 the
21528.0 12463.0 312.0 76.0 same
21824.0 12436.0 20.0 84.0 !

19012.0 12568.0 276.0 100.0 time
19331.0 12564.0 136.0 100.0 he
19520.0 12560.0 596.0 104.0 intimated
20168.0 12560.0 240.0 100.0 that
20443.0 12560.0 132.0 96.0 ho
20611.0 12584.0 228.0 72.0 was
20896.0 12556.0 500.0 104.0 Inclined
21440.0 12564.0 116.0 88.0 to
21600.0 12564.0 240.0 92.0 trco

19015.0 12679.0 456.0 104.0 himself
19536.0 12679.0 120.0 96.0 of
19727.0 12679.0 172.0 100.0 his
19944.0 12675.0 520.0 104.0 business
20512.0 12700.0 312.0 76.0 cares
20911.0 12675.0 140.0 120.0 by
21124.0 12696.0 144.0 76.0 an
21323.0 12667.0 516.0 104.0 absolute

19012.0 12799.0 232.0 100.0 sale
19292.0 12799.0 120.0 96.0 of
19480.0 12795.0 184.0 100.0 thi'
19711.0 12792.0 684.0 108.0 cnntrollhu
20484.0 12792.0 468.0 100.0 Interest
21055.0 12788.0 116.0 100.0 In
21232.0 12784.0 192.0 104.0 the
21479.0 12788.0 288.0 104.0 Halti

19015.0 12939.0 304.0 76.0 moro
19403.0 12912.0 104.0 100.0 So
19616.0 12912.0 288.0 100.0 Ohio
20007.0 12908.0 476.0 100.0 latlroad
20500.0 12984.0 20.0 40.0 ,
20584.0 12904.0 364.0 104.0 which
21071.0 12904.0 368.0 100.0 would
21520.0 12924.0 328.0 96.0 carry

19020.0 13028.0 268.0 104.0 with
19340.0 13028.0 84.0 100.0 It
19472.0 13028.0 664.0 104.0 thouontiol
20187.0 13024.0 124.0 96.0 of
20376.0 13024.0 184.0 100.0 the
20652.0 13024.0 580.0 116.0 telegraph
21323.0 13024.0 228.0 96.0 nnd
21644.0 13044.0 212.0 76.0 ex-

19020.0 13172.0 308.0 100.0 piess
19372.0 13143.0 684.0 124.0 companies.
20196.0 13135.0 308.0 104.0 With
20556.0 13135.0 228.0 104.0 this
20832.0 13128.0 252.0 108.0 hint
21132.0 13164.0 128.0 72.0 as
21307.0 13139.0 188.0 96.0 the
21548.0 13135.0 308.0 100.0 basis

19015.0 13267.0 120.0 96.0 of
19200.0 13260.0 764.0 120.0 negotiations
20012.0 13256.0 368.0 100.0 Gould
20428.0 13256.0 532.0 100.0 returned
21011.0 13260.0 116.0 92.0 to
21176.0 13248.0 284.0 108.0 Now
21528.0 13252.0 328.0 100.0 Yorle

19015.0 13384.0 228.0 96.0 and
19300.0 13380.0 428.0 96.0 termed
19775.0 13403.0 64.0 72.0 a
19888.0 13376.0 588.0 120.0 syndicate
20523.0 13368.0 600.0 124.0 composed
21163.0 13396.0 128.0 76.0 as
21340.0 13364.0 452.0 104.0 follows
21816.0 13388.0 36.0 104.0 ;

19020.0 13492.0 400.0 104.0 Calvin
19472.0 13496.0 112.0 104.0 is.
19644.0 13483.0 1168.0 120.0 Brvce.AlfredSnllj
20844.0 13560.0 24.0 44.0 ,
20908.0 13487.0 432.0 100.0 Austin
21384.0 13479.0 416.0 108.0 Corblu
21816.0 13547.0 36.0 56.0 ,

19015.0 13611.0 304.0 100.0 John
19376.0 13607.0 116.0 104.0 C.
19552.0 13611.0 380.0 96.0 Moore
19940.0 13683.0 24.0 44.0 ,
20016.0 13603.0 484.0 104.0 General
20551.0 13603.0 456.0 100.0 Samuel
21091.0 13596.0 516.0 104.0 Thomatr
21595.0 13671.0 24.0 52.0 ,
21695.0 13600.0 156.0 100.0 II.

19024.0 13728.0 116.0 100.0 C.
19243.0 13724.0 624.0 104.0 Faenstock
19875.0 13796.0 24.0 40.0 ,
19996.0 13716.0 588.0 120.0 Wlnslowt
20667.0 13716.0 420.0 104.0 Lanicr
21215.0 13720.0 80.0 96.0 fc
21351.0 13716.0 192.0 100.0 Co.
21615.0 13704.0 240.0 116.0 nnd

19024.0 13840.0 108.0 104.0 J.
19187.0 13840.0 124.0 104.0 B.
19367.0 13840.0 320.0 100.0 Pace.
19860.0 13840.0 104.0 96.0 A
20012.0 13840.0 516.0 96.0 contraci
20575.0 13860.0 232.0 76.0 was
20852.0 13832.0 276.0 100.0 then
21179.0 13823.0 436.0 108.0 framed
21628.0 13900.0 28.0 48.0 ,
21728.0 13832.0 128.0 100.0 In

19032.0 13951.0 364.0 104.0 which
19444.0 13951.0 448.0 100.0 Garrett
19944.0 13951.0 408.0 116.0 agreed
20400.0 13943.0 644.0 104.0 totraiibfer
21083.0 13947.0 340.0 96.0 tothe
21467.0 13943.0 404.0 104.0 svnill-

19027.0 14091.0 244.0 80.0 CAIO
19315.0 14095.0 68.0 72.0 a
19428.0 14064.0 684.0 116.0 controlling
20160.0 14064.0 472.0 100.0 Inlercst
20680.0 14064.0 112.0 100.0 In
20847.0 14060.0 192.0 100.0 the
21099.0 14060.0 608.0 100.0 Baltimore
21755.0 14104.0 32.0 56.0 <
21783.0 14060.0 84.0 100.0 Sfc

19032.0 14184.0 292.0 100.0 Ohio
19372.0 14184.0 484.0 100.0 railroad
19908.0 14180.0 404.0 104.0 within
20364.0 14176.0 352.0 120.0 thirty
20760.0 14180.0 284.0 116.0 diys
21115.0 14180.0 176.0 96.0 for
21335.0 14172.0 532.0 116.0 610,000.-

19027.0 14304.0 180.0 92.0 000
19207.0 14376.0 28.0 40.0 ,
19287.0 14328.0 64.0 72.0 n
19403.0 14300.0 592.0 100.0 loitoilure
20048.0 14295.0 332.0 116.0 b-jlng
20448.0 14291.0 584.0 120.0 deposited
21127.0 14291.0 144.0 124.0 by
21364.0 14291.0 460.0 100.0 Gariitt
21824.0 14355.0 32.0 56.0 ,

19027.0 14415.0 1072.0 100.0 Thocontractvtns
20148.0 14411.0 392.0 96.0 shown
20595.0 14419.0 116.0 88.0 to
20788.0 14408.0 364.0 100.0 Gould
21248.0 14408.0 560.0 112.0 Saturday

19032.0 14532.0 104.0 96.0 It
19192.0 14532.0 88.0 96.0 Is
19328.0 14524.0 696.0 104.0 understood
20099.0 14528.0 244.0 96.0 that
20392.0 14524.0 188.0 100.0 the
20692.0 14520.0 572.0 124.0 telegraph
21335.0 14520.0 528.0 104.0 business

19032.0 14648.0 92.0 96.0 is
19171.0 14652.0 112.0 92.0 to
19331.0 14668.0 136.0 92.0 go
19516.0 14660.0 116.0 84.0 lo
19727.0 14644.0 184.0 100.0 the
20012.0 14635.0 508.0 108.0 Westeiii
20611.0 14631.0 396.0 108.0 Union
21091.0 14635.0 224.0 108.0 and
21415.0 14640.0 192.0 100.0 the
21672.0 14627.0 32.0 104.0 J
21703.0 14664.0 28.0 36.0 >
21739.0 14660.0 124.0 80.0 x-

19027.0 14788.0 312.0 92.0 prei-s
19428.0 14759.0 520.0 100.0 business
19996.0 14759.0 116.0 96.0 to
20199.0 14751.0 188.0 104.0 the
20475.0 14751.0 436.0 104.0 Adnms
20996.0 14751.0 504.0 120.0 L'xprc"i8
21567.0 14780.0 256.0 80.0 com

19035.0 14899.0 336.0 96.0 pany.
19387.0 14868.0 68.0 56.0 "

19508.0 15012.0 212.0 76.0 PUT
19760.0 15008.0 456.0 80.0 SUM-NT
20284.0 15004.0 596.0 84.0 ntltRElT
20940.0 15004.0 452.0 84.0 TAI.KP.

19151.0 15103.0 748.0 104.0 BAi.TiMoitr
19911.0 15175.0 24.0 44.0 ,
19976.0 15099.0 380.0 108.0 March
20415.0 15107.0 136.0 96.0 10.
20700.0 15099.0 400.0 104.0 Robert
21135.0 15099.0 452.0 104.0 Garrett
21628.0 15095.0 236.0 108.0 thla

19024.0 15227.0 600.0 96.0 atternoon
19688.0 15219.0 524.0 116.0 virtually
20259.0 15219.0 544.0 100.0 admitted
20855.0 15227.0 112.0 92.0 to
21055.0 15244.0 68.0 76.0 a
21199.0 15212.0 660.0 132.0 prommmit

19032.0 15340.0 608.0 100.0 Baltlmoiu
19691.0 15359.0 260.0 76.0 man
20004.0 15340.0 244.0 96.0 that
20331.0 15340.0 316.0 96.0 thcro
20755.0 15359.0 232.0 76.0 was
21079.0 15324.0 788.0 112.0 considerable

19027.0 15456.0 308.0 100.0 tuilli
19392.0 15456.0 112.0 100.0 in
19600.0 15452.0 188.0 104.0 Ihe
19875.0 15468.0 668.0 104.0 newspaper
20628.0 15448.0 240.0 104.0 talk
20916.0 15452.0 116.0 100.0 ot
21107.0 15452.0 188.0 100.0 the
21343.0 15452.0 184.0 120.0 big
21600.0 15448.0 208.0 104.0 rail-

19027.0 15571.0 268.0 100.0 road
19343.0 15567.0 248.0 104.0 deal
19603.0 15639.0 24.0 32.0 ,
19768.0 15567.0 172.0 100.0 lie
19991.0 15567.0 368.0 100.0 would
20412.0 15567.0 256.0 120.0 give
20719.0 15592.0 148.0 76.0 no
20911.0 15567.0 468.0 100.0 dehnlto
21431.0 15567.0 244.0 100.0 Idea
21728.0 15563.0 128.0 100.0 of

19027.0 15688.0 188.0 100.0 the
19268.0 15684.0 664.0 120.0 partlctihis
20004.0 15688.0 116.0 92.0 ot
20192.0 15684.0 184.0 100.0 the
20451.0 15684.0 448.0 100.0 scheme
20904.0 15759.0 28.0 32.0 ,
21024.0 15680.0 200.0 104.0 but
21320.0 15688.0 296.0 96.0 from
21667.0 15680.0 192.0 104.0 his

19027.0 15804.0 504.0 100.0 remarks
19616.0 15800.0 192.0 104.0 the
19899.0 15800.0 584.0 104.0 inference
20531.0 15823.0 232.0 76.0 was
20855.0 15804.0 392.0 96.0 drawn
21328.0 15800.0 252.0 100.0 that
21664.0 15796.0 196.0 104.0 the

19040.0 15920.0 604.0 100.0 Baltimore'
19688.0 15920.0 100.0 96.0 &
19832.0 15920.0 296.0 100.0 Ohio
20199.0 15915.0 480.0 100.0 railroad
20736.0 15915.0 200.0 100.0 has
21004.0 15915.0 452.0 100.0 become
21500.0 15944.0 68.0 72.0 a
21615.0 15915.0 176.0 100.0 fac-

19032.0 16043.0 172.0 92.0 tor
19251.0 16039.0 112.0 96.0 In
19420.0 16035.0 188.0 100.0 the
19664.0 16060.0 104.0 96.0 8)
19808.0 16031.0 228.0 100.0 milt
20076.0 16035.0 180.0 96.0 ate
20304.0 16031.0 244.0 100.0 that
20595.0 16031.0 96.0 100.0 Is
20772.0 16039.0 112.0 92.0 to
20983.0 16031.0 440.0 100.0 control
21500.0 16051.0 312.0 80.0 some-

19035.0 16152.0 332.0 108.0 thing
19420.0 16152.0 228.0 100.0 like
19696.0 16179.0 60.0 72.0 a
19811.0 16148.0 508.0 104.0 national
20408.0 16148.0 464.0 120.0 railway
20963.0 16148.0 324.0 100.0 reach
21312.0 16152.0 20.0 96.0 I
21351.0 16171.0 116.0 80.0 lit
21467.0 16171.0 32.0 80.0 ;
21572.0 16152.0 300.0 100.0 front

19040.0 16268.0 460.0 100.0 Canada
19552.0 16276.0 112.0 92.0 to
19711.0 16268.0 184.0 96.0 the
19947.0 16264.0 272.0 104.0 Gult
20292.0 16264.0 128.0 96.0 of
20484.0 16264.0 448.0 100.0 Mexico
20940.0 16336.0 20.0 44.0 ,
21019.0 16260.0 224.0 104.0 nnd
21332.0 16264.0 544.0 120.0 probably

19032.0 16387.0 288.0 96.0 fiom
19400.0 16383.0 260.0 100.0 Ne\v
19592.0 16412.0 28.0 72.0 \
19732.0 16379.0 316.0 104.0 York
20099.0 16387.0 108.0 92.0 to
20276.0 16379.0 736.0 104.0 thoextitmo
21099.0 16387.0 308.0 92.0 west.
21584.0 16375.0 116.0 104.0 It
21772.0 16379.0 104.0 104.0 13

19043.0 16499.0 580.0 120.0 generally
19755.0 16495.0 496.0 108.0 believed
20400.0 16495.0 244.0 104.0 that
20755.0 16499.0 192.0 100.0 the
21055.0 16495.0 436.0 120.0 biggest
21600.0 16499.0 276.0 96.0 iall-

19027.0 16616.0 268.0 104.0 road
19420.0 16612.0 248.0 108.0 deal
19836.0 16596.0 204.0 120.0 ins
20196.0 16616.0 280.0 96.0 been
20603.0 16635.0 128.0 76.0 or
20839.0 16612.0 96.0 100.0 is
21043.0 16616.0 348.0 96.0 about
21487.0 16616.0 116.0 96.0 to
21711.0 16612.0 140.0 100.0 Lo

19032.0 16732.0 324.0 104.0 made
19364.0 16808.0 20.0 28.0 ,
19547.0 16728.0 228.0 104.0 and
19940.0 16728.0 244.0 104.0 that
20376.0 16732.0 188.0 96.0 the
20728.0 16752.0 468.0 92.0 passaco
21356.0 16723.0 120.0 104.0 of
21667.0 16728.0 84.0 100.0 tl
21800.0 16752.0 72.0 76.0 o

19035.0 16828.0 628.0 124.0 Inter-stato
19752.0 16868.0 616.0 80.0 commeico
20448.0 16843.0 200.0 104.0 bill
20780.0 16843.0 452.0 104.0 hurried
21299.0 16851.0 192.0 92.0 the
21539.0 16843.0 336.0 104.0 affair

19035.0 16971.0 116.0 92.0 to
19279.0 16991.0 64.0 76.0 a
19472.0 16964.0 684.0 100.0 bottlemi'iil.
20408.0 16960.0 208.0 100.0 Mr.
20752.0 16960.0 324.0 120.0 Sully
21220.0 16960.0 208.0 100.0 has
21575.0 16960.0 288.0 104.0 been

19035.0 17080.0 368.0 104.0 aclhe
19451.0 17084.0 116.0 96.0 In
19619.0 17080.0 616.0 120.0 arranging
20284.0 17076.0 192.0 104.0 llio
20523.0 17076.0 412.0 104.0 details
20983.0 17076.0 120.0 100.0 of
21151.0 17080.0 192.0 96.0 the
21407.0 17072.0 460.0 104.0 scheme

19040.0 17200.0 224.0 100.0 and
19315.0 17200.0 140.0 100.0 he
19500.0 17200.0 100.0 96.0 Is
19644.0 17200.0 188.0 96.0 the
19880.0 17195.0 272.0 120.0 only
20196.0 17216.0 216.0 76.0 one
20520.0 17191.0 608.0 124.0 positively
21232.0 17195.0 428.0 96.0 known
21752.0 17195.0 124.0 96.0 to

19040.0 17315.0 136.0 100.0 bo
19215.0 17315.0 624.0 100.0 connected
19911.0 17340.0 80.0 76.0 w
20027.0 17319.0 156.0 92.0 tlh
20240.0 17311.0 88.0 96.0 It
20328.0 17379.0 28.0 52.0 ,
20408.0 17307.0 196.0 104.0 but
20708.0 17340.0 64.0 72.0 a
20875.0 17307.0 556.0 124.0 complete
21528.0 17311.0 340.0 96.0 chain

19043.0 17432.0 96.0 100.0 is
19367.0 17428.0 500.0 104.0 believed
20035.0 17432.0 116.0 100.0 to
20264.0 17428.0 280.0 100.0 ha\o
20700.0 17432.0 276.0 96.0 been
21148.0 17424.0 440.0 104.0 lormed
21752.0 17420.0 132.0 104.0 ot

19043.0 17548.0 644.0 128.0 companies
19739.0 17544.0 588.0 112.0 opeiatlng
20376.0 17540.0 328.0 100.0 10ids
20752.0 17544.0 512.0 116.0 running
21371.0 17544.0 192.0 96.0 the
21667.0 17564.0 144.0 76.0 entire
21819.0 17587.0 44.0 28.0 -

19048.0 17663.0 208.0 100.0 tire
19304.0 17643.0 376.0 124.0 iengtl'
19736.0 17667.0 116.0 88.0 ot
19927.0 17659.0 184.0 100.0 the
20160.0 17655.0 352.0 104.0 North
20556.0 17659.0 608.0 100.0 American
21220.0 17659.0 640.0 100.0 continent.

19048.0 17756.0 560.0 140.0 Opinions
19639.0 17775.0 328.0 100.0 differ
20007.0 17803.0 124.0 68.0 as
20179.0 17779.0 112.0 96.0 to
20340.0 17772.0 496.0 104.0 whetlur
20875.0 17775.0 472.0 116.0 aslnglo
21392.0 17772.0 492.0 104.0 shaioot

19048.0 17892.0 612.0 104.0 Baltlmoic
19700.0 17896.0 64.0 96.0 A
19768.0 17923.0 28.0 68.0 :
19840.0 17892.0 288.0 100.0 Ohio
20176.0 17888.0 320.0 100.0 stock
20559.0 17888.0 204.0 100.0 has
20852.0 17888.0 280.0 100.0 been
21184.0 17915.0 128.0 72.0 or
21400.0 17888.0 228.0 104.0 will
21728.0 17888.0 140.0 100.0 ba

19048.0 18012.0 684.0 100.0 tiansferrcd
19747.0 18084.0 20.0 40.0 ,
19819.0 18007.0 200.0 104.0 but
20068.0 18007.0 184.0 100.0 the
20295.0 18003.0 344.0 100.0 balief
20688.0 18003.0 92.0 100.0 Is
20824.0 18007.0 484.0 120.0 gaining
21420.0 18003.0 452.0 116.0 ground

19043.0 18127.0 248.0 100.0 that
19336.0 18127.0 184.0 96.0 the
19559.0 18123.0 252.0 100.0 deal
19863.0 18127.0 200.0 96.0 not
20096.0 18119.0 272.0 120.0 only
20408.0 18119.0 372.0 100.0 inoh
20808.0 18148.0 120.0 72.0 es
20963.0 18123.0 188.0 100.0 the
21191.0 18139.0 260.0 84.0 road
21503.0 18119.0 308.0 104.0 itself
21819.0 18191.0 32.0 48.0 ,

19052.0 18244.0 192.0 100.0 but
19292.0 18244.0 236.0 100.0 also
19575.0 18244.0 148.0 96.0 Its
19768.0 18240.0 216.0 104.0 telo
20063.0 18240.0 276.0 120.0 raph
20351.0 18312.0 24.0 36.0 ,
20443.0 18263.0 464.0 92.0 express
21007.0 18240.0 232.0 100.0 and
21343.0 18240.0 532.0 136.0 sleeping

19048.0 18383.0 184.0 76.0 car
19279.0 18360.0 560.0 100.0 Inioiests.
19968.0 18352.0 748.0 104.0 Thowlldesl
20824.0 18360.0 244.0 96.0 sort
21168.0 18360.0 120.0 92.0 ot
21415.0 18343.0 244.0 112.0 talk
21772.0 18356.0 104.0 100.0 is

19052.0 18471.0 328.0 112.0 freeh
19451.0 18471.0 540.0 108.0 indulged
20040.0 18471.0 116.0 100.0 in
20176.0 18543.0 20.0 44.0 ,
20251.0 18471.0 196.0 100.0 but
20500.0 18496.0 148.0 76.0 no
20692.0 18471.0 368.0 100.0 actual
21115.0 18471.0 292.0 100.0 facts
21451.0 18492.0 208.0 80.0 can
21731.0 18463.0 144.0 104.0 bo

19048.0 18591.0 532.0 100.0 obtained
19631.0 18591.0 288.0 96.0 from
19968.0 18611.0 140.0 76.0 tin
20127.0 18611.0 44.0 96.0 >
20199.0 18611.0 220.0 76.0 one
20467.0 18583.0 116.0 104.0 In
20636.0 18615.0 68.0 72.0 a
20752.0 18583.0 492.0 112.0 position
21340.0 18595.0 116.0 88.0 to
21528.0 18587.0 348.0 104.0 know

19052.0 18731.0 140.0 76.0 an
19212.0 18731.0 40.0 88.0 )
19287.0 18704.0 328.0 116.0 thing
19660.0 18704.0 340.0 104.0 about
20048.0 18704.0 80.0 100.0 It
20124.0 18772.0 40.0 32.0 ,
20300.0 18704.0 352.0 112.0 Many
20700.0 18727.0 184.0 76.0 tire
20952.0 18704.0 496.0 100.0 Inclined
21528.0 18712.0 112.0 92.0 to
21683.0 18700.0 188.0 104.0 Le-

19052.0 18824.0 284.0 100.0 llevo
19376.0 18824.0 244.0 96.0 that
19664.0 18824.0 188.0 96.0 the
19935.0 18815.0 316.0 104.0 stock
20384.0 18820.0 336.0 108.0 17,000
20819.0 18820.0 388.0 100.0 shares
21335.0 18815.0 268.0 104.0 held
21716.0 18815.0 152.0 124.0 by

19043.0 18935.0 376.0 104.0 Johns
19467.0 18935.0 532.0 116.0 Hopkins
20043.0 18935.0 480.0 100.0 tiusteea
20536.0 19007.0 20.0 32.0 ,
20608.0 18960.0 128.0 72.0 or
20780.0 18939.0 116.0 96.0 at
20944.0 18935.0 392.0 100.0 loista
21420.0 18931.0 452.0 104.0 conslu-

19048.0 19052.0 368.0 100.0 erablo
19580.0 19052.0 448.0 124.0 portion
20196.0 19052.0 124.0 96.0 of
20508.0 19052.0 84.0 96.0 It
20595.0 19123.0 28.0 44.0 ,
20760.0 19048.0 204.0 100.0 has
21076.0 19052.0 280.0 100.0 been
21472.0 19048.0 404.0 124.0 placed

19063.0 19168.0 344.0 100.0 undei
19664.0 19172.0 192.0 96.0 the
20127.0 19164.0 436.0 104.0 control
20767.0 19168.0 124.0 96.0 of
21135.0 19164.0 196.0 104.0 the
21611.0 19187.0 268.0 80.0 now

19060.0 19283.0 588.0 104.0 siidicatc
19655.0 19355.0 24.0 44.0 ,
19855.0 19279.0 200.0 104.0 but
20215.0 19279.0 192.0 100.0 the
20567.0 19279.0 344.0 120.0 S2,000
21071.0 19279.0 396.0 104.0 shares
21628.0 19279.0 276.0 108.0 held

19056.0 19411.0 140.0 104.0 by
19284.0 19411.0 188.0 88.0 the
19516.0 19399.0 228.0 120.0 city
19819.0 19407.0 120.0 88.0 ot
20016.0 19395.0 612.0 100.0 Baltimore
20711.0 19407.0 432.0 100.0 cannot
21212.0 19399.0 136.0 96.0 bo
21392.0 19399.0 492.0 104.0 touched

19060.0 19516.0 476.0 100.0 witnout
19580.0 19543.0 64.0 72.0 a
19691.0 19512.0 412.0 124.0 special
20151.0 19524.0 180.0 92.0 act
20376.0 19516.0 116.0 96.0 ot
20564.0 19508.0 192.0 108.0 the
20796.0 19516.0 232.0 96.0 eltv
21071.0 19516.0 484.0 104.0 council.
21628.0 19512.0 256.0 108.0 The

19052.0 19636.0 340.0 104.0 M.im
19431.0 19644.0 388.0 88.0 snares
19868.0 19628.0 212.0 104.0 left
20127.0 19628.0 116.0 104.0 in
20295.0 19636.0 292.0 96.0 Utist
20631.0 19632.0 144.0 120.0 by
20832.0 19632.0 192.0 100.0 the
21099.0 19632.0 224.0 100.0 late
21364.0 19632.0 312.0 104.0 John
21736.0 19636.0 148.0 100.0 A.

19060.0 19751.0 688.0 100.0 Gairottcan
19804.0 19747.0 128.0 100.0 bo
19976.0 19743.0 528.0 120.0 disposed
20551.0 19747.0 124.0 96.0 of
20680.0 19815.0 28.0 52.0 ,
20760.0 19772.0 124.0 72.0 as
20932.0 19751.0 192.0 96.0 the
21160.0 19747.0 228.0 104.0 will
21436.0 19747.0 200.0 104.0 did
21687.0 19751.0 216.0 104.0 not

19063.0 19863.0 364.0 104.0 foibkl
19467.0 19863.0 188.0 104.0 the
19691.0 19863.0 232.0 100.0 stlo
19971.0 19863.0 196.0 100.0 but
20212.0 19860.0 420.0 128.0 simply
20680.0 19863.0 464.0 104.0 udvi&cd
21220.0 19863.0 244.0 104.0 that
21556.0 19871.0 92.0 96.0 it
21752.0 19867.0 144.0 104.0 beheld

19071.0 19984.0 256.0 100.0 held
19379.0 19984.0 116.0 100.0 in
19547.0 19984.0 288.0 100.0 trust
19883.0 19980.0 176.0 100.0 for
20107.0 19992.0 432.0 104.0 twenty
20620.0 20003.0 332.0 96.0 years
20960.0 20056.0 24.0 48.0 ,
21040.0 20003.0 124.0 76.0 BO
21212.0 19980.0 244.0 104.0 that
21523.0 20007.0 68.0 76.0 a
21631.0 20003.0 220.0 80.0 con-

19063.0 20095.0 464.0 104.0 trolling
19636.0 20099.0 472.0 100.0 interest
20215.0 20087.0 360.0 128.0 might
20688.0 20095.0 132.0 100.0 bo
20927.0 20095.0 468.0 104.0 secured
21508.0 20099.0 92.0 100.0 If
21708.0 20104.0 148.0 100.0 ad-

19068.0 20223.0 700.0 104.0 vantageous
19852.0 20219.0 340.0 96.0 terms
20248.0 20240.0 292.0 76.0 were
20608.0 20211.0 420.0 104.0 ottered
21043.0 20287.0 24.0 36.0 ,
21199.0 20215.0 456.0 104.0 Garrett
21739.0 20219.0 124.0 96.0 to-

19068.0 20335.0 220.0 116.0 day
19340.0 20331.0 232.0 100.0 told
19619.0 20355.0 64.0 76.0 a
19732.0 20331.0 652.0 112.0 gentleman
20436.0 20339.0 116.0 92.0 at
20620.0 20331.0 192.0 100.0 the
20852.0 20328.0 700.0 108.0 Merchant's
21636.0 20331.0 268.0 104.0 club

19076.0 20452.0 248.0 100.0 that
19364.0 20452.0 136.0 100.0 ho
19547.0 20448.0 360.0 116.0 might
19955.0 20456.0 220.0 96.0 rest
20220.0 20448.0 464.0 100.0 nssuied
20752.0 20448.0 96.0 92.0 U
20847.0 20475.0 16.0 44.0 >
20883.0 20460.0 112.0 88.0 nt
21047.0 20448.0 572.0 104.0 whatever
21667.0 20471.0 244.0 80.0 was

19076.0 20563.0 300.0 104.0 done
19423.0 20567.0 372.0 100.0 would
19847.0 20563.0 132.0 100.0 bo
20027.0 20563.0 180.0 100.0 for
20251.0 20563.0 188.0 100.0 the
20487.0 20563.0 236.0 96.0 best
20767.0 20551.0 540.0 112.0 TntprcRts
21348.0 20567.0 124.0 96.0 of
21564.0 20563.0 300.0 104.0 Balti-

19079.0 20703.0 304.0 80.0 more
19392.0 20755.0 24.0 44.0 ,
19516.0 20683.0 188.0 96.0 but
19791.0 20675.0 436.0 104.0 further
20323.0 20675.0 740.0 104.0 Information
21115.0 20679.0 332.0 100.0 could
21500.0 20687.0 208.0 92.0 not
21775.0 20683.0 140.0 100.0 ba

19068.0 20800.0 340.0 112.0 given
19475.0 20796.0 236.0 120.0 just
19804.0 20815.0 292.0 80.0 now.
20235.0 20792.0 320.0 100.0 Kiom
20652.0 20796.0 228.0 100.0 ttiis
20935.0 20796.0 80.0 100.0 It
21104.0 20819.0 232.0 76.0 was
21384.0 20796.0 116.0 100.0 in
21520.0 20796.0 268.0 104.0 fern
21808.0 20792.0 92.0 104.0 3

19076.0 20916.0 236.0 100.0 that
19379.0 20907.0 188.0 100.0 the
19652.0 20907.0 448.0 104.0 schcmo
20151.0 20932.0 228.0 76.0 was
20428.0 20912.0 208.0 96.0 not
20700.0 20907.0 292.0 120.0 lully
21040.0 20912.0 868.0 104.0 consummated

19071.0 21027.0 228.0 100.0 and
19395.0 21027.0 620.0 120.0 Impoilant
20096.0 21023.0 860.0 108.0 developments
21024.0 21027.0 364.0 120.0 might
21479.0 21027.0 136.0 100.0 bo
21695.0 21052.0 144.0 76.0 ex-

19076.0 21143.0 392.0 120.0 pected
19523.0 21143.0 112.0 100.0 in
19691.0 21147.0 188.0 92.0 the
19932.0 21163.0 252.0 76.0 neat
20251.0 21147.0 412.0 96.0 inline.

19628.0 21275.0 372.0 84.0 WHAT
20088.0 21275.0 228.0 84.0 run
20379.0 21279.0 524.0 80.0 iiiuu'M
20916.0 21279.0 32.0 76.0 :
21019.0 21275.0 344.0 84.0 SAYS.

19207.0 21371.0 284.0 104.0 Nr.vv
19588.0 21371.0 364.0 104.0 YOIIK
19960.0 21447.0 28.0 44.0 ,
20063.0 21371.0 384.0 104.0 March
20536.0 21375.0 144.0 100.0 lu.
20816.0 21371.0 244.0 100.0 llio
21143.0 21371.0 508.0 104.0 Tribune
21739.0 21371.0 120.0 100.0 to-

19084.0 21515.0 476.0 76.0 morrow
19672.0 21487.0 228.0 104.0 will
20007.0 21515.0 176.0 88.0 saj
20235.0 21515.0 28.0 76.0 :
20443.0 21487.0 884.0 116.0 "Negotiations
21443.0 21499.0 176.0 92.0 for
21731.0 21491.0 196.0 104.0 tha

19084.0 21611.0 480.0 96.0 tianslei
19619.0 21615.0 112.0 92.0 ot
19836.0 21608.0 436.0 104.0 control
20340.0 21608.0 120.0 92.0 of
20551.0 21604.0 192.0 104.0 the
20800.0 21604.0 616.0 104.0 Baltimore
21464.0 21608.0 104.0 100.0 &
21615.0 21608.0 304.0 100.0 Ohio

19084.0 21724.0 480.0 104.0 railroad
19616.0 21724.0 108.0 100.0 to
19780.0 21728.0 184.0 96.0 the
20012.0 21724.0 284.0 104.0 Now
20356.0 21720.0 308.0 104.0 York
20719.0 21747.0 52.0 72.0 s
20783.0 21747.0 44.0 96.0 }
20863.0 21724.0 456.0 104.0 initiate
21368.0 21728.0 288.0 100.0 have
21708.0 21728.0 212.0 104.0 not

19088.0 21839.0 280.0 104.0 been
19459.0 21839.0 428.0 104.0 carried
19976.0 21843.0 120.0 100.0 to
20143.0 21868.0 60.0 72.0 n
20256.0 21839.0 620.0 104.0 successful
20976.0 21843.0 344.0 100.0 Issue.
21464.0 21839.0 100.0 100.0 It
21615.0 21839.0 92.0 100.0 Is
21759.0 21864.0 120.0 76.0 re-

19096.0 21967.0 388.0 112.0 ported
19536.0 21955.0 240.0 104.0 that
19863.0 21959.0 188.0 96.0 the
20099.0 21959.0 392.0 120.0 option
20587.0 21959.0 540.0 100.0 outlined
21184.0 21959.0 288.0 100.0 from
21572.0 21955.0 308.0 108.0 Presi-

19092.0 22076.0 276.0 104.0 dent
19415.0 22076.0 444.0 100.0 Gartetl
19911.0 22076.0 140.0 124.0 by
20099.0 22072.0 408.0 104.0 Alfred
20556.0 22076.0 328.0 120.0 bully
20976.0 22076.0 464.0 104.0 expired
21492.0 22080.0 444.0 116.0 jestor-

19092.0 22196.0 216.0 100.0 dav
19359.0 22192.0 228.0 104.0 and
19636.0 22192.0 244.0 100.0 hull
19896.0 22215.0 40.0 96.0 }
20016.0 22215.0 228.0 76.0 was
20292.0 22187.0 412.0 104.0 unable
20760.0 22200.0 112.0 92.0 to
20924.0 22192.0 292.0 100.0 ralso
21268.0 22192.0 188.0 100.0 the
21508.0 22212.0 424.0 92.0 money

19096.0 22319.0 116.0 88.0 to
19259.0 22315.0 292.0 96.0 meet
19600.0 22311.0 188.0 96.0 the
19840.0 22315.0 236.0 92.0 hist
20127.0 22319.0 568.0 112.0 painent.
20836.0 22307.0 104.0 100.0 It
20988.0 22332.0 480.0 100.0 appears
21515.0 22315.0 244.0 92.0 th.it
21803.0 22303.0 132.0 104.0 of

19099.0 22427.0 188.0 96.0 the
19387.0 22423.0 268.0 100.0 cash
19739.0 22451.0 68.0 96.0 p
19844.0 22451.0 32.0 72.0 i
19891.0 22451.0 40.0 96.0 )
19971.0 22435.0 308.0 96.0 mont
20328.0 22447.0 144.0 76.0 an
20531.0 22423.0 712.0 104.0 installment
21287.0 22431.0 112.0 92.0 ot
21500.0 22423.0 444.0 116.0 il.OO-
21800.0 22427.0 24.0 84.0 !
21824.0 22431.0 32.0 84.0 )

19092.0 22548.0 180.0 92.0 000
19323.0 22567.0 76.0 76.0 vv
19431.0 22567.0 120.0 76.0 as
19595.0 22548.0 120.0 92.0 lo
19768.0 22548.0 128.0 92.0 be
19944.0 22540.0 256.0 140.0 paid
20292.0 22540.0 632.0 120.0 jestcrday.
21055.0 22540.0 244.0 100.0 'llio
21392.0 22563.0 244.0 76.0 sum
21700.0 22559.0 236.0 80.0 was

19099.0 22664.0 204.0 96.0 not
19392.0 22664.0 264.0 96.0 sent
19739.0 22659.0 116.0 96.0 to
19944.0 22651.0 620.0 108.0 Baltimore
20567.0 22732.0 24.0 40.0 ,
20656.0 22655.0 180.0 100.0 but
20852.0 22727.0 24.0 44.0 ,
20960.0 22651.0 108.0 104.0 In
21160.0 22651.0 316.0 124.0 place
21544.0 22655.0 124.0 96.0 of
21736.0 22651.0 200.0 104.0 tha

19104.0 22795.0 416.0 96.0 money
19523.0 22843.0 24.0 44.0 ,
19603.0 22800.0 64.0 76.0 a
19716.0 22779.0 444.0 112.0 request
20207.0 22775.0 152.0 96.0 foi
20412.0 22795.0 140.0 76.0 nn
20595.0 22771.0 600.0 100.0 extension
21240.0 22771.0 124.0 96.0 of
21412.0 22771.0 188.0 96.0 the
21644.0 22767.0 244.0 120.0 priv-

19107.0 22891.0 288.0 112.0 ilege
19475.0 22911.0 228.0 76.0 was
19775.0 22884.0 672.0 108.0 forwarded.
20587.0 22884.0 100.0 104.0 It
20764.0 22884.0 92.0 100.0 Is
20924.0 22891.0 200.0 92.0 not
21176.0 22884.0 420.0 104.0 known
21675.0 22884.0 256.0 104.0 that

19099.0 23027.0 140.0 80.0 an
19264.0 23031.0 44.0 92.0 >
19379.0 22999.0 228.0 116.0 ropl
19619.0 23027.0 48.0 96.0 >
19739.0 23008.0 112.0 92.0 to
19899.0 23004.0 188.0 100.0 thu
20140.0 23023.0 504.0 84.0 mes-age
20703.0 23023.0 224.0 76.0 was
21019.0 22999.0 544.0 104.0 received.
21687.0 22995.0 256.0 108.0 Theme

19107.0 23144.0 176.0 76.0 mo
19359.0 23123.0 36.0 92.0 t
19448.0 23115.0 544.0 116.0 plausible
20043.0 23144.0 172.0 72.0 ext
20259.0 23140.0 164.0 76.0 list
20420.0 23144.0 32.0 72.0 !
20503.0 23115.0 176.0 100.0 for
20772.0 23115.0 188.0 100.0 the
21055.0 23115.0 404.0 100.0 failuio
21551.0 23123.0 116.0 96.0 to
21736.0 23140.0 188.0 76.0 ex-

19104.0 23259.0 356.0 76.0 erci--o
19508.0 23235.0 188.0 96.0 the
19739.0 23231.0 388.0 120.0 option
20187.0 23255.0 232.0 72.0 was
20472.0 23231.0 192.0 100.0 the
20760.0 23239.0 616.0 92.0 statement
21456.0 23227.0 248.0 108.0 that
21744.0 23231.0 196.0 104.0 the

19107.0 23348.0 676.0 116.0 purchasing
19832.0 23371.0 100.0 92.0 sj
19971.0 23344.0 448.0 108.0 ndlcato
20503.0 23344.0 436.0 104.0 desired
21035.0 23375.0 68.0 72.0 a
21187.0 23348.0 400.0 116.0 longer
21664.0 23348.0 284.0 108.0 time

19120.0 23476.0 180.0 88.0 tor
19343.0 23488.0 140.0 76.0 un
19539.0 23463.0 812.0 120.0 Investigation
20412.0 23463.0 120.0 96.0 of
20600.0 23467.0 192.0 96.0 the
20860.0 23463.0 592.0 104.0 condition
21539.0 23463.0 124.0 100.0 of
21739.0 23463.0 204.0 104.0 tha

19115.0 23579.0 612.0 100.0 lidltimoro
19775.0 23599.0 72.0 76.0 iv
19919.0 23563.0 292.0 116.0 Ohio
20295.0 23608.0 28.0 68.0 <
20364.0 23603.0 496.0 96.0 omiany
20559.0 23603.0 24.0 96.0 |
20863.0 23647.0 28.0 36.0 ,
21032.0 23583.0 96.0 100.0 A
21212.0 23579.0 500.0 104.0 member
21791.0 23583.0 140.0 96.0 of

19112.0 23696.0 188.0 100.0 the
19343.0 23696.0 552.0 124.0 proposed
19983.0 23715.0 108.0 84.0 HV
20127.0 23692.0 444.0 108.0 ndlcato
20675.0 23699.0 616.0 112.0 expressed
21379.0 23699.0 192.0 96.0 the
21675.0 23719.0 216.0 100.0 gen-

19107.0 23807.0 228.0 104.0 eral
19467.0 23816.0 544.0 100.0 situation
20099.0 23812.0 112.0 100.0 In
20307.0 23816.0 340.0 104.0 nbont
20736.0 23816.0 320.0 100.0 these
21160.0 23820.0 376.0 96.0 vvoids
21559.0 23839.0 28.0 76.0 :
21719.0 23799.0 224.0 116.0 Wa

19115.0 23927.0 368.0 100.0 would
19536.0 23931.0 280.0 100.0 have
19860.0 23952.0 148.0 80.0 no
20052.0 23927.0 560.0 120.0 objection
20667.0 23931.0 344.0 100.0 about
21047.0 23931.0 528.0 108.0 entering
21620.0 23952.0 320.0 92.0 upon

19115.0 24043.0 224.0 104.0 this
19387.0 24051.0 588.0 116.0 argument
19991.0 24111.0 24.0 52.0 ,
20052.0 24043.0 192.0 100.0 but
20292.0 24071.0 124.0 72.0 as
20467.0 24047.0 520.0 100.0 business
21040.0 24071.0 252.0 76.0 men
21351.0 24043.0 120.0 100.0 of
21559.0 24043.0 328.0 108.0 ordin-

19115.0 24187.0 192.0 112.0 ary
19359.0 24164.0 568.0 136.0 prudence
19971.0 24160.0 228.0 104.0 and
20243.0 24160.0 516.0 120.0 capacity
20811.0 24171.0 308.0 92.0 must
21207.0 24164.0 340.0 100.0 Insist
21620.0 24187.0 308.0 96.0 upon

19112.0 24307.0 64.0 68.0 a
19228.0 24275.0 336.0 104.0 fuller
19603.0 24279.0 232.0 100.0 and
19888.0 24303.0 300.0 76.0 moio
20232.0 24288.0 324.0 88.0 exact
20608.0 24288.0 368.0 108.0 report
21019.0 24275.0 124.0 100.0 of
21191.0 24279.0 192.0 100.0 the
21431.0 24275.0 324.0 104.0 value
21800.0 24279.0 136.0 100.0 ot

19120.0 24395.0 188.0 100.0 the
19359.0 24403.0 520.0 108.0 properly
19935.0 24420.0 160.0 80.0 we
20148.0 24415.0 188.0 76.0 are
20387.0 24391.0 460.0 120.0 tmjIng.
20996.0 24391.0 100.0 100.0 It
21187.0 24399.0 304.0 96.0 must
21539.0 24399.0 204.0 96.0 not
21788.0 24395.0 140.0 104.0 la

19115.0 24511.0 564.0 112.0 forgotten
19819.0 24507.0 240.0 104.0 tli.it
20232.0 24515.0 188.0 92.0 the
20587.0 24507.0 628.0 104.0 Baltimore
21371.0 24507.0 104.0 100.0 it
21639.0 24511.0 304.0 104.0 Olio

19120.0 24624.0 200.0 104.0 has
19364.0 24624.0 428.0 104.0 sovonl
19847.0 24628.0 616.0 120.0 Important
20508.0 24624.0 504.0 120.0 quarrels
21083.0 24647.0 144.0 80.0 on
21328.0 24628.0 148.0 100.0 Its
21567.0 24607.0 376.0 124.0 hands

19120.0 24743.0 116.0 100.0 In
19292.0 24743.0 468.0 100.0 railroad
19816.0 24751.0 588.0 108.0 quuslions
20459.0 24743.0 268.0 100.0 with
20803.0 24739.0 192.0 104.0 the
21091.0 24739.0 860.0 140.0 Pennsylvania

19120.0 24863.0 264.0 96.0 road
19412.0 24879.0 28.0 92.0 ;
19495.0 24859.0 112.0 100.0 In
19664.0 24855.0 576.0 120.0 telegraph
20295.0 24863.0 460.0 96.0 matters
20844.0 24855.0 276.0 104.0 with
21171.0 24859.0 188.0 100.0 the
21420.0 24847.0 524.0 120.0 Western

19132.0 24972.0 376.0 104.0 Union
19564.0 24995.0 556.0 100.0 company
20127.0 25043.0 24.0 48.0 ,
20207.0 24975.0 224.0 100.0 nnd
20487.0 24975.0 112.0 100.0 In
20652.0 24995.0 456.0 80.0 cxuresb
21151.0 24979.0 464.0 100.0 matters
21664.0 24975.0 284.0 104.0 vvltli

19115.0 25087.0 152.0 104.0 all
19315.0 25087.0 188.0 104.0 the
19552.0 25092.0 304.0 116.0 Inrgtt
19919.0 25111.0 464.0 88.0 express
20448.0 25087.0 692.0 108.0 companies.
21335.0 25092.0 108.0 104.0 It
21556.0 25092.0 384.0 108.0 would

19124.0 25203.0 908.0 104.0 scemudvlsftblo
20079.0 25203.0 364.0 104.0 under
20492.0 25207.0 1108.0 104.0 thoclioumsUr.ces
21692.0 25211.0 252.0 100.0 that

19128.0 25347.0 464.0 100.0 peisom
19644.0 25319.0 428.0 120.0 ltijlng
19680.0 25347.0 24.0 68.0 )
20124.0 25319.0 664.0 104.0 thocontiol
20880.0 25323.0 124.0 100.0 of
21091.0 25327.0 188.0 96.0 the
21384.0 25347.0 572.0 100.0 company

19120.0 25440.0 404.0 100.0 should
19575.0 25440.0 552.0 100.0 ascertain
20184.0 25436.0 240.0 104.0 Hist
20475.0 25440.0 496.0 100.0 whether
21024.0 25440.0 184.0 100.0 the
21279.0 25467.0 60.0 72.0 e
21440.0 25440.0 524.0 120.0 disputes

19124.0 25551.0 324.0 104.0 could
19511.0 25555.0 128.0 96.0 bo
19683.0 25551.0 356.0 124.0 easily
20091.0 25551.0 556.0 124.0 adjusted.
20791.0 25551.0 44.0 104.0 1
20904.0 25555.0 340.0 100.0 think
21351.0 25555.0 192.0 104.0 the
21651.0 25580.0 248.0 100.0 pres-

19115.0 25675.0 200.0 96.0 ent
19367.0 25667.0 400.0 104.0 lalluro
19816.0 25667.0 200.0 104.0 1ms
20063.0 25671.0 128.0 100.0 bc
20199.0 25700.0 24.0 60.0 <
20271.0 25695.0 68.0 76.0 n
20400.0 25667.0 220.0 100.0 duo
20667.0 25667.0 408.0 124.0 chielly
21127.0 25675.0 108.0 96.0 to
21287.0 25671.0 184.0 100.0 the
21523.0 25695.0 264.0 96.0 prim
21836.0 25695.0 76.0 84.0 a
21991.0 25671.0 28.0 100.0 I

19135.0 25795.0 244.0 92.0 turn
19423.0 25791.0 924.0 96.0 unuouni'cmcnt
20395.0 25787.0 124.0 100.0 of
20567.0 25787.0 184.0 100.0 the
20844.0 25787.0 264.0 124.0 plan
21163.0 25787.0 112.0 100.0 IK
21307.0 25787.0 240.0 100.0 font
21595.0 25787.0 88.0 104.0 It
21728.0 25811.0 244.0 88.0 was

19124.0 25904.0 460.0 104.0 learned
19703.0 25899.0 504.0 104.0 whether
20300.0 25904.0 312.0 100.0 thcsii
20728.0 25904.0 624.0 124.0 Important
21440.0 25899.0 520.0 116.0 disputes

19120.0 26015.0 328.0 104.0 could
19603.0 26015.0 136.0 108.0 ho
19904.0 26015.0 552.0 124.0 amicably
20620.0 26019.0 596.0 112.0 arranged.
21387.0 26023.0 188.0 100.0 An
21752.0 26019.0 220.0 108.0 cd-

19124.0 26131.0 480.0 128.0 journed
19855.0 26135.0 496.0 120.0 meeting
20595.0 26135.0 124.0 100.0 of
20960.0 26135.0 192.0 104.0 the
21364.0 26139.0 596.0 104.0 oxectitlvo

19120.0 26252.0 648.0 104.0 fonimitteo
19891.0 26248.0 124.0 104.0 of
20179.0 26255.0 188.0 96.0 the
20548.0 26248.0 632.0 108.0 R'chmond
21371.0 26252.0 100.0 104.0 A
21647.0 26252.0 316.0 108.0 West

19135.0 26367.0 336.0 104.0 Point
19631.0 26363.0 584.0 108.0 Tumltiat
20439.0 26391.0 564.0 100.0 rompany
21232.0 26391.0 232.0 80.0 was
21692.0 26367.0 268.0 108.0 hc.'d

19135.0 26479.0 600.0 128.0 jestetday
19739.0 26551.0 24.0 40.0 ,
19911.0 26483.0 100.0 108.0 li
20060.0 26508.0 232.0 80.0 was
20340.0 26487.0 356.0 100.0 staled
20755.0 26512.0 112.0 76.0 in
20963.0 26487.0 568.0 120.0 emphatic
21620.0 26491.0 352.0 100.0 ternm

19140.0 26599.0 240.0 104.0 ihat
19431.0 26599.0 364.0 108.0 under
19844.0 26623.0 148.0 80.0 no
20040.0 26603.0 880.0 104.0 circumstances
20971.0 26603.0 368.0 104.0 would
21420.0 26615.0 28.0 92.0 (
21467.0 26607.0 132.0 100.0 ho
21703.0 26603.0 272.0 104.0 Ter-i

19143.0 26720.0 352.0 104.0 mlnal
19544.0 26739.0 560.0 100.0 emniiany
20160.0 26720.0 292.0 100.0 issue
20531.0 26735.0 232.0 88.0 nnv
20875.0 26747.0 300.0 76.0 moro
21279.0 26720.0 692.0 112.0 oblltratlons

19140.0 26835.0 180.0 100.0 for
19364.0 26835.0 188.0 100.0 the
19595.0 26827.0 676.0 128.0 acquisition
20323.0 26839.0 120.0 96.0 of
20487.0 26839.0 184.0 96.0 the
20724.0 26835.0 612.0 104.0 Baltlmoru
21379.0 26839.0 104.0 96.0 .t
21515.0 26835.0 292.0 104.0 Ohio
21844.0 26859.0 136.0 84.0 or

19140.0 26980.0 24.0 72.0 :
19176.0 26975.0 196.0 96.0 iny
19415.0 26951.0 324.0 100.0 other
19791.0 26963.0 556.0 112.0 iiroperty.
20487.0 26951.0 104.0 104.0 It
20647.0 26980.0 224.0 72.0 wan
20919.0 26967.0 252.0 108.0 part
21256.0 26955.0 124.0 100.0 of
21423.0 26955.0 188.0 100.0 the
21723.0 26975.0 196.0 96.0 pro-

19140.0 27083.0 340.0 120.0 posed
19531.0 27067.0 444.0 100.0 scheme
20032.0 27079.0 108.0 92.0 to
20192.0 27067.0 200.0 100.0 sell
20443.0 27091.0 124.0 80.0 or
20616.0 27071.0 296.0 100.0 lease
20963.0 27071.0 188.0 100.0 the
21207.0 27067.0 612.0 104.0 Baltimore
21872.0 27067.0 108.0 104.0 &

19135.0 27184.0 756.0 120.0 OhlnsjsU'm
19947.0 27195.0 116.0 88.0 to
20112.0 27184.0 188.0 104.0 the
20351.0 27184.0 344.0 100.0 Westt
20739.0 27207.0 128.0 80.0 rn
20935.0 27179.0 384.0 108.0 Union
21359.0 27211.0 564.0 96.0 comuany
21932.0 27252.0 32.0 60.0 ,

19135.0 27299.0 188.0 100.0 the
19367.0 27311.0 240.0 92.0 cost
19652.0 27303.0 124.0 96.0 of
19819.0 27299.0 188.0 104.0 thu
20055.0 27299.0 576.0 124.0 tnlecraph
20688.0 27299.0 288.0 100.0 lines
21024.0 27311.0 116.0 88.0 to
21184.0 27307.0 332.0 100.0 stand
21564.0 27324.0 148.0 80.0 on
21772.0 27303.0 196.0 104.0 tha

19135.0 27411.0 660.0 120.0 rompati's
19844.0 27415.0 348.0 100.0 IIOOKH
20284.0 27427.0 112.0 92.0 ut
20475.0 27415.0 340.0 104.0 nbout
20919.0 27415.0 480.0 120.0 $000,000
21400.0 27447.0 28.0 88.0 ;
21536.0 27427.0 228.0 92.0 and
21880.0 27419.0 80.0 100.0 it
21955.0 27479.0 20.0 64.0 ,

19143.0 27555.0 228.0 80.0 was
19420.0 27531.0 476.0 108.0 tlmiiKlit
19940.0 27531.0 144.0 116.0 by
20135.0 27535.0 184.0 96.0 th'i
20408.0 27531.0 644.0 140.0 jirojectom
21155.0 27539.0 124.0 96.0 of
21384.0 27535.0 192.0 104.0 the
21687.0 27531.0 272.0 108.0 ulnn

19143.0 27647.0 240.0 104.0 that
19492.0 27647.0 184.0 104.0 thn
19772.0 27643.0 512.0 108.0 Western
20412.0 27643.0 384.0 108.0 I'nlun
20908.0 27671.0 564.0 100.0 company
21584.0 27647.0 384.0 108.0 wo.ild

19143.0 27763.0 668.0 124.0 rnadllybut
19883.0 27759.0 188.0 108.0 the
20115.0 27771.0 420.0 108.0 Hjhtei.i
20587.0 27775.0 124.0 88.0 nt
20788.0 27771.0 244.0 96.0 cost
21124.0 27771.0 296.0 116.0 prjco
21528.0 27763.0 84.0 100.0 fi
21623.0 27792.0 20.0 56.0 >
21656.0 27787.0 52.0 80.0 r
21772.0 27767.0 116.0 104.0 th

19140.0 27879.0 428.0 104.0 fakoot
19647.0 27875.0 516.0 116.0 lellevini
20163.0 27903.0 36.0 80.0 !
20315.0 27875.0 312.0 108.0 itself
20731.0 27879.0 292.0 108.0 liom
21132.0 27879.0 408.0 128.0 porsltt
21620.0 27891.0 132.0 92.0 lit
21844.0 27883.0 132.0 108.0 ili

19143.0 28000.0 352.0 128.0 valrjr.
19508.0 27992.0 68.0 60.0 "
