22676 28944
4524.0 604.0 2040.0 796.0 THE
7740.0 604.0 3496.0 784.0 OMAHA
12396.0 568.0 2840.0 796.0 DAILY
16268.0 552.0 1784.0 796.0 BEE

856.0 2032.0 1712.0 204.0 SIXTEENTH
2708.0 2028.0 856.0 192.0 YEAH.
7884.0 2028.0 1120.0 200.0 OMAHA.
9228.0 2012.0 1376.0 196.0 TUESDAY
10920.0 1992.0 1372.0 212.0 MORNING.
12536.0 1992.0 1032.0 200.0 MARCH
13784.0 2000.0 184.0 200.0 8.
14168.0 2000.0 540.0 184.0 1SS7.
19859.0 1948.0 1240.0 200.0 NUMBER
21311.0 1940.0 380.0 184.0 202

892.0 2556.0 328.0 80.0 TIir
1220.0 2560.0 40.0 60.0 >
1384.0 2556.0 152.0 76.0 OI
1616.0 2556.0 108.0 76.0 XT
1776.0 2556.0 48.0 76.0 I
1872.0 2552.0 224.0 80.0 TP
2184.0 2544.0 636.0 88.0 "CMIAHT
2896.0 2544.0 44.0 84.0 [
2940.0 2532.0 704.0 96.0 MPPIA\T

892.0 2556.0 376.0 240.0 THE
1384.0 2552.0 720.0 240.0 SENATE
2220.0 2548.0 600.0 236.0 SHORT
2896.0 2544.0 748.0 232.0 SESSION
3672.0 2708.0 28.0 60.0 ,

908.0 3116.0 360.0 136.0 What
1308.0 3120.0 204.0 132.0 the
1556.0 3120.0 396.0 168.0 Upper
1996.0 3112.0 452.0 132.0 Branch
2516.0 3112.0 136.0 124.0 of
2700.0 3108.0 200.0 128.0 the
2996.0 3092.0 724.0 172.0 Legislature

1520.0 3300.0 876.0 168.0 Accomplished
2444.0 3288.0 672.0 164.0 Yesterday.

924.0 3680.0 456.0 116.0 ONLY
1440.0 3684.0 100.0 108.0 A
1628.0 3676.0 336.0 116.0 FEW
2052.0 3668.0 468.0 116.0 BILLS
2600.0 3644.0 1088.0 128.0 CONSIDERED
3704.0 3720.0 16.0 36.0 ,

920.0 4064.0 280.0 96.0 The
1316.0 4060.0 632.0 96.0 Mcnsnre
2080.0 4068.0 144.0 84.0 to
2308.0 4036.0 552.0 108.0 Abolish
2968.0 4036.0 244.0 96.0 tlio
3320.0 4024.0 404.0 104.0 Third

1048.0 4232.0 408.0 112.0 1'arty
1520.0 4232.0 128.0 92.0 In
1704.0 4216.0 516.0 112.0 Mnklnj
2220.0 4244.0 44.0 80.0 :
2304.0 4216.0 712.0 92.0 Transfers
3048.0 4212.0 152.0 88.0 of
3236.0 4204.0 344.0 108.0 Prop-

1284.0 4408.0 292.0 100.0 erty
1668.0 4392.0 392.0 92.0 From
2128.0 4376.0 660.0 104.0 lltiHUiind
2848.0 4392.0 140.0 84.0 to
3056.0 4372.0 332.0 100.0 Wife

1640.0 4564.0 484.0 96.0 CIIUHCS
2224.0 4556.0 820.0 100.0 Discussion.

1584.0 4927.0 504.0 96.0 SPIIIUO
2140.0 4916.0 960.0 112.0 Proceedings.

1464.0 5084.0 160.0 84.0 i.N
1632.0 5136.0 28.0 44.0 ,
1728.0 5060.0 280.0 108.0 Xob.
2032.0 5132.0 24.0 48.0 ,
2132.0 5060.0 384.0 104.0 March
2604.0 5067.0 88.0 96.0 7.
2836.0 5064.0 24.0 116.0 [
2884.0 5048.0 448.0 132.0 Special
3448.0 5044.0 280.0 108.0 Tclo

936.0 5236.0 316.0 96.0 tram
1352.0 5220.0 112.0 92.0 to
1556.0 5212.0 188.0 100.0 this
1828.0 5200.0 340.0 128.0 Uii.l
1968.0 5228.0 24.0 84.0 :
2052.0 5232.0 24.0 76.0 :
2320.0 5204.0 244.0 104.0 The
2672.0 5204.0 392.0 100.0 senate
3172.0 5216.0 548.0 84.0 convenei

936.0 5348.0 232.0 108.0 this
1216.0 5356.0 604.0 100.0 afternoon
1876.0 5356.0 112.0 100.0 at
2032.0 5351.0 240.0 104.0 4:20
2116.0 5376.0 28.0 80.0 :
2276.0 5424.0 24.0 44.0 ,
2372.0 5344.0 144.0 104.0 all
2600.0 5368.0 268.0 80.0 save
2956.0 5340.0 312.0 104.0 throe
3364.0 5336.0 124.0 100.0 of
3580.0 5328.0 148.0 108.0 tin

944.0 5496.0 556.0 104.0 members
1608.0 5500.0 336.0 116.0 being
2052.0 5496.0 488.0 108.0 present.
2732.0 5484.0 384.0 104.0 House
3208.0 5468.0 520.0 132.0 Chaplalt

964.0 5636.0 244.0 108.0 Van
1272.0 5640.0 304.0 104.0 Fleet
1652.0 5636.0 424.0 104.0 oirured
2168.0 5660.0 428.0 100.0 prayer.
2736.0 5624.0 248.0 104.0 Tiu
2844.0 5631.0 24.0 96.0 !
3056.0 5616.0 660.0 124.0 reslgnatloi

948.0 5788.0 124.0 96.0 of
1168.0 5784.0 36.0 100.0 I
1224.0 5788.0 36.0 92.0 )
1268.0 5856.0 24.0 32.0 .
1348.0 5788.0 116.0 104.0 C.
1516.0 5776.0 536.0 116.0 ShlcKley
2140.0 5780.0 120.0 96.0 of
2368.0 5776.0 460.0 100.0 Geneva
2840.0 5843.0 24.0 40.0 ,
2924.0 5768.0 236.0 100.0 lirsl
3228.0 5764.0 480.0 100.0 assist-in

948.0 5928.0 592.0 108.0 Fccretarv.
1596.0 5948.0 228.0 76.0 was
1868.0 5924.0 420.0 100.0 offered
2340.0 5920.0 140.0 120.0 by
2532.0 5916.0 216.0 100.0 Mr.
2816.0 5908.0 312.0 108.0 Snell
3184.0 5908.0 120.0 100.0 of
3368.0 5904.0 360.0 104.0 JelTer

952.0 6096.0 208.0 76.0 Kin
1212.0 6068.0 224.0 104.0 and
1516.0 6072.0 520.0 108.0 accepted
2048.0 6136.0 28.0 48.0 ,
2128.0 6072.0 228.0 92.0 and
2412.0 6055.0 380.0 108.0 Frank
2864.0 6044.0 864.0 132.0 llolllngawortl

956.0 6240.0 232.0 72.0 was
1232.0 6208.0 424.0 104.0 elected
1716.0 6204.0 112.0 104.0 In
1892.0 6204.0 176.0 104.0 his
2124.0 6212.0 344.0 96.0 stead.

1072.0 6352.0 244.0 104.0 The
1356.0 6348.0 644.0 108.0 committee
2044.0 6376.0 144.0 76.0 on
2244.0 6344.0 504.0 108.0 enrolled
2836.0 6340.0 224.0 108.0 and
3160.0 6360.0 572.0 96.0 engrosBCt

960.0 6492.0 252.0 104.0 bills
1300.0 6492.0 516.0 124.0 reported
1904.0 6488.0 580.0 124.0 favorably
2556.0 6492.0 368.0 100.0 sennit
2924.0 6516.0 28.0 68.0 )
3044.0 6480.0 192.0 108.0 bill
3332.0 6484.0 172.0 96.0 120
3508.0 6556.0 24.0 44.0 ,
3588.0 6475.0 144.0 104.0 tin

956.0 6636.0 832.0 104.0 consideration
1844.0 6636.0 124.0 100.0 of
2016.0 6628.0 360.0 120.0 which
2392.0 6708.0 24.0 48.0 ,
2472.0 6628.0 384.0 116.0 owing
2900.0 6636.0 116.0 96.0 to
3068.0 6624.0 184.0 108.0 the
3304.0 6624.0 428.0 104.0 absent

952.0 6792.0 124.0 92.0 ot
1124.0 6780.0 208.0 104.0 Mr.
1392.0 6776.0 616.0 108.0 Hcartvvcll
2016.0 6852.0 28.0 48.0 ,
2096.0 6804.0 236.0 76.0 was
2380.0 6772.0 676.0 108.0 afterwards
3104.0 6776.0 632.0 116.0 postponed

1080.0 6924.0 228.0 104.0 Mr-
1368.0 6920.0 348.0 128.0 Colby
1720.0 6996.0 24.0 36.0 ,
1808.0 6924.0 288.0 100.0 from
2184.0 6920.0 192.0 104.0 thn
2452.0 6920.0 644.0 104.0 committee
3184.0 6940.0 152.0 76.0 on
3432.0 6912.0 304.0 104.0 labor

964.0 7068.0 516.0 124.0 reported
1588.0 7068.0 352.0 100.0 house
2044.0 7064.0 208.0 104.0 roll
2344.0 7068.0 164.0 96.0 1st
2604.0 7060.0 600.0 124.0 legartllng
3316.0 7060.0 188.0 96.0 thu
3576.0 7080.0 160.0 76.0 me

960.0 7208.0 500.0 108.0 chariics'
1512.0 7208.0 228.0 108.0 lien
1796.0 7212.0 216.0 100.0 law
2064.0 7204.0 580.0 128.0 requiting
2676.0 7236.0 64.0 72.0 a
2772.0 7200.0 376.0 104.0 notice
3184.0 7204.0 124.0 96.0 of
3356.0 7204.0 352.0 96.0 twent
3720.0 7224.0 16.0 84.0 :

964.0 7352.0 280.0 116.0 days
1252.0 7428.0 28.0 40.0 ,
1336.0 7352.0 272.0 104.0 with
1664.0 7352.0 184.0 104.0 the
1900.0 7344.0 1040.0 112.0 recommendation
3020.0 7340.0 240.0 104.0 that
3312.0 7336.0 84.0 104.0 it
3448.0 7340.0 128.0 100.0 be
3624.0 7340.0 112.0 96.0 In-

968.0 7496.0 592.0 124.0 definitely
1608.0 7496.0 668.0 124.0 postponed.

1080.0 7640.0 220.0 104.0 Mr.
1348.0 7644.0 396.0 96.0 Moore
1788.0 7636.0 452.0 104.0 wanted
2288.0 7640.0 120.0 96.0 to
2452.0 7632.0 316.0 124.0 place
2812.0 7628.0 96.0 104.0 It
2976.0 7652.0 152.0 76.0 on
3220.0 7624.0 196.0 104.0 the
3500.0 7644.0 220.0 96.0 gen-

964.0 7807.0 188.0 76.0 era
1164.0 7780.0 28.0 104.0 !
1248.0 7780.0 208.0 108.0 file.
1596.0 7780.0 280.0 100.0 Half
1916.0 7811.0 64.0 68.0 a
2028.0 7780.0 352.0 100.0 do/.en
2436.0 7772.0 312.0 104.0 labor
2844.0 7768.0 252.0 100.0 bills
3188.0 7764.0 220.0 104.0 had
3500.0 7764.0 240.0 100.0 beci

968.0 7924.0 604.0 100.0 otherwise
1672.0 7916.0 536.0 128.0 disposed
2308.0 7920.0 124.0 96.0 of
2536.0 7908.0 228.0 108.0 and
2864.0 7908.0 84.0 104.0 It
3020.0 7904.0 408.0 108.0 looked
3480.0 7928.0 124.0 80.0 as
3700.0 7904.0 32.0 100.0 1

968.0 8064.0 316.0 104.0 there
1332.0 8088.0 228.0 80.0 was
1608.0 8091.0 64.0 72.0 a
1720.0 8060.0 368.0 104.0 de.sire
2140.0 8068.0 108.0 92.0 to
2296.0 8084.0 68.0 92.0 g
2444.0 8060.0 36.0 100.0 t
2532.0 8052.0 228.0 108.0 this
2808.0 8048.0 196.0 108.0 bill
3052.0 8048.0 240.0 108.0 also
3380.0 8056.0 200.0 96.0 out
3672.0 8076.0 64.0 76.0 o

968.0 8208.0 196.0 104.0 the
1212.0 8231.0 284.0 92.0 way.

1092.0 8348.0 208.0 108.0 Mr.
1356.0 8352.0 412.0 100.0 Drown
1824.0 8352.0 124.0 100.0 of
2036.0 8348.0 276.0 120.0 Clay
2364.0 8344.0 244.0 104.0 said
2656.0 8344.0 248.0 104.0 that
2992.0 8340.0 192.0 104.0 the
3268.0 8336.0 200.0 108.0 bill
3560.0 8336.0 148.0 104.0 ha
3716.0 8364.0 24.0 68.0 <

984.0 8504.0 272.0 96.0 been
1308.0 8500.0 412.0 116.0 passect
1760.0 8492.0 140.0 124.0 by
1936.0 8500.0 192.0 96.0 tlio
2176.0 8492.0 348.0 104.0 house
2532.0 8564.0 24.0 40.0 ,
2592.0 8488.0 228.0 104.0 and
2872.0 8484.0 176.0 104.0 for
3092.0 8484.0 252.0 104.0 that
3388.0 8504.0 352.0 80.0 reasoi

984.0 8640.0 140.0 104.0 he
1168.0 8640.0 488.0 124.0 tfiought
1728.0 8636.0 92.0 104.0 It
1904.0 8636.0 356.0 128.0 ought
2368.0 8648.0 112.0 88.0 to
2588.0 8632.0 136.0 104.0 be
2816.0 8636.0 432.0 100.0 tu-ated
3300.0 8632.0 116.0 100.0 In
3472.0 8655.0 60.0 76.0 a
3584.0 8620.0 160.0 108.0 tal

988.0 8808.0 516.0 80.0 manner.

1112.0 8928.0 204.0 104.0 Mr.
1380.0 8928.0 500.0 100.0 Hobblns
1924.0 8924.0 244.0 108.0 said
2216.0 8924.0 188.0 104.0 the
2452.0 8920.0 396.0 128.0 people
2940.0 8944.0 292.0 80.0 were
3296.0 8916.0 448.0 104.0 satlsfiei

996.0 9068.0 276.0 108.0 with
1380.0 9071.0 192.0 104.0 the
1676.0 9075.0 456.0 120.0 present
2180.0 9064.0 672.0 108.0 mechanics'
2952.0 9064.0 228.0 104.0 Hen
3276.0 9064.0 216.0 100.0 law
3584.0 9083.0 144.0 76.0 an

996.0 9215.0 316.0 104.0 there
1364.0 9244.0 232.0 76.0 was
1644.0 9240.0 148.0 76.0 no
1856.0 9240.0 200.0 76.0 use
2104.0 9232.0 112.0 80.0 ot
2268.0 9236.0 244.0 80.0 carr
2516.0 9236.0 52.0 92.0 >
2600.0 9208.0 192.0 124.0 Ing
2880.0 9232.0 304.0 100.0 upon
3284.0 9204.0 184.0 104.0 the
3552.0 9228.0 176.0 100.0 gei

1008.0 9359.0 228.0 104.0 t-ral
1292.0 9359.0 180.0 100.0 lile
1524.0 9355.0 256.0 104.0 bills
1832.0 9352.0 364.0 112.0 which
2248.0 9352.0 324.0 104.0 could
2628.0 9355.0 196.0 100.0 not
2868.0 9352.0 132.0 100.0 be
3068.0 9344.0 508.0 112.0 reached.

1124.0 9503.0 184.0 100.0 Mr
1308.0 9571.0 24.0 36.0 ,
1392.0 9499.0 412.0 104.0 Drown
1848.0 9499.0 252.0 100.0 said
2144.0 9495.0 248.0 104.0 that
2436.0 9495.0 96.0 100.0 If
2572.0 9495.0 316.0 100.0 there
2928.0 9520.0 240.0 76.0 was
3208.0 9520.0 76.0 76.0 a
3360.0 9492.0 388.0 104.0 senate

1004.0 9672.0 148.0 80.0 on
1204.0 9643.0 192.0 108.0 thu
1448.0 9643.0 276.0 104.0 floor
1768.0 9643.0 252.0 104.0 who
2072.0 9643.0 216.0 100.0 had
2336.0 9639.0 264.0 104.0 read
2648.0 9635.0 188.0 104.0 the
2884.0 9632.0 192.0 108.0 bill
3132.0 9639.0 136.0 100.0 ho
3312.0 9635.0 216.0 100.0 had
3584.0 9660.0 148.0 76.0 no

1012.0 9792.0 112.0 100.0 It
1220.0 9787.0 220.0 104.0 had
1528.0 9787.0 416.0 124.0 simply
2036.0 9783.0 276.0 104.0 been
2392.0 9779.0 660.0 108.0 considered
3124.0 9775.0 116.0 104.0 In
3296.0 9775.0 188.0 104.0 the
3528.0 9800.0 216.0 84.0 con

1016.0 9932.0 388.0 104.0 mltteo
1448.0 9960.0 128.0 76.0 as
1624.0 9932.0 84.0 100.0 It
1760.0 9932.0 216.0 100.0 had
2028.0 9923.0 396.0 128.0 passed
2476.0 9923.0 188.0 104.0 the
2728.0 9919.0 384.0 108.0 house.
3308.0 9919.0 104.0 100.0 It
3476.0 9919.0 260.0 120.0 ougl

1016.0 10059.0 116.0 92.0 to
1180.0 10052.0 128.0 100.0 bo
1344.0 10048.0 656.0 104.0 considered
2056.0 10052.0 112.0 96.0 In
2224.0 10044.0 188.0 104.0 the
2460.0 10055.0 420.0 88.0 senate.
3084.0 10040.0 176.0 100.0 Ho
3344.0 10040.0 384.0 100.0 thougl
3744.0 10063.0 4.0 68.0 :

1012.0 10172.0 252.0 100.0 that
1312.0 10164.0 84.0 104.0 It
1440.0 10164.0 216.0 108.0 had
1716.0 10168.0 488.0 100.0 features
2256.0 10160.0 364.0 104.0 which
2668.0 10160.0 352.0 120.0 ought
3092.0 10164.0 112.0 96.0 to
3312.0 10180.0 196.0 80.0 can
3528.0 10180.0 116.0 76.0 so

1016.0 10296.0 116.0 92.0 to
1180.0 10312.0 288.0 92.0 pass.

1136.0 10404.0 224.0 100.0 Mr.
1416.0 10396.0 624.0 108.0 Schmlnko
2072.0 10392.0 368.0 120.0 hoped
2484.0 10392.0 244.0 100.0 that
2776.0 10388.0 92.0 104.0 it
2912.0 10388.0 380.0 104.0 would
3352.0 10388.0 140.0 100.0 be
3528.0 10411.0 216.0 76.0 con

1020.0 10520.0 432.0 100.0 nidere.it
1508.0 10516.0 112.0 100.0 In
1672.0 10512.0 632.0 108.0 committee
2352.0 10520.0 112.0 88.0 ot
2536.0 10508.0 188.0 104.0 tlm
2812.0 10508.0 392.0 104.0 whole.
3400.0 10504.0 352.0 104.0 Itvi
3708.0 10540.0 24.0 68.0 ;

1020.0 10636.0 388.0 124.0 placed
1460.0 10660.0 144.0 72.0 on
1660.0 10640.0 188.0 92.0 the
1892.0 10627.0 460.0 124.0 general
2428.0 10627.0 208.0 100.0 tile.

1140.0 10752.0 204.0 100.0 Mr.
1404.0 10752.0 348.0 116.0 Colby
1756.0 10824.0 24.0 36.0 ,
1860.0 10759.0 288.0 88.0 from
2200.0 10752.0 184.0 92.0 the
2428.0 10767.0 312.0 76.0 same
2824.0 10736.0 644.0 108.0 committee
3476.0 10816.0 24.0 40.0 ,
3600.0 10763.0 116.0 76.0 rc
3728.0 10767.0 24.0 72.0 <

1024.0 10868.0 672.0 104.0 oinmended
1744.0 10868.0 244.0 100.0 that
2032.0 10876.0 388.0 88.0 senate
2472.0 10860.0 172.0 100.0 tile
2704.0 10860.0 128.0 96.0 10.
2840.0 10864.0 28.0 88.0 )
2916.0 10864.0 144.0 96.0 do
3112.0 10864.0 196.0 92.0 not
3352.0 10880.0 288.0 100.0 pass.

1148.0 10988.0 204.0 100.0 Mr.
1412.0 10983.0 372.0 100.0 Fuller
1832.0 10988.0 336.0 96.0 noted
2224.0 10971.0 1204.0 116.0 tlicsingularfatallly
3468.0 10968.0 280.0 104.0 whlc

1032.0 11100.0 576.0 120.0 gcnerallv
1652.0 11100.0 380.0 100.0 struck
2084.0 11096.0 144.0 100.0 all
2268.0 11096.0 256.0 100.0 bills
2572.0 11096.0 228.0 100.0 like
2840.0 11092.0 312.0 100.0 these
3180.0 11092.0 124.0 96.0 of
3348.0 11092.0 184.0 96.0 the
3568.0 11111.0 176.0 96.0 gei

1040.0 11228.0 416.0 92.0 tleman
1536.0 11220.0 288.0 96.0 from
1876.0 11216.0 308.0 112.0 dago
2188.0 11284.0 28.0 44.0 ,
2268.0 11236.0 124.0 76.0 or
2440.0 11208.0 364.0 104.0 which
2856.0 11208.0 216.0 100.0 had
3148.0 11208.0 188.0 100.0 the
3384.0 11208.0 368.0 100.0 mist'oi

1032.0 11344.0 280.0 96.0 tune
1356.0 11348.0 116.0 88.0 to
1516.0 11335.0 136.0 100.0 be
1744.0 11331.0 492.0 100.0 referiea
2308.0 11331.0 120.0 96.0 to
2536.0 11327.0 176.0 96.0 his
2796.0 11327.0 668.0 100.0 committee.
3592.0 11320.0 164.0 100.0 'I'll

1036.0 11452.0 220.0 104.0 last
1304.0 11460.0 224.0 92.0 two
1572.0 11448.0 260.0 104.0 bills
1876.0 11471.0 288.0 76.0 were
2216.0 11444.0 228.0 100.0 like
2532.0 11444.0 200.0 100.0 Mr.
2832.0 11440.0 444.0 120.0 Colby's
3288.0 11512.0 20.0 40.0 ,
3368.0 11440.0 220.0 100.0 and
3648.0 11436.0 108.0 100.0 th

1040.0 11576.0 476.0 116.0 attempt
1624.0 11572.0 108.0 96.0 to
1836.0 11564.0 448.0 116.0 dispose
2388.0 11564.0 124.0 96.0 of
2640.0 11560.0 300.0 100.0 thorn
3052.0 11556.0 496.0 124.0 justified
3656.0 11556.0 100.0 100.0 tli

1040.0 11679.0 568.0 120.0 speaker's
1656.0 11683.0 604.0 96.0 reference.

1160.0 11804.0 240.0 100.0 The
1452.0 11800.0 228.0 100.0 will
1736.0 11823.0 224.0 72.0 was
2008.0 11792.0 384.0 128.0 placed
2440.0 11815.0 144.0 76.0 on
2636.0 11788.0 188.0 104.0 the
2868.0 11788.0 456.0 116.0 general
3376.0 11788.0 216.0 104.0 tilo.

1164.0 11920.0 244.0 100.0 The
1484.0 11928.0 388.0 88.0 senate
1920.0 11920.0 304.0 96.0 went
2332.0 11928.0 244.0 80.0 into
2680.0 11908.0 640.0 100.0 committee
3428.0 11912.0 120.0 96.0 of
3656.0 11904.0 100.0 100.0 tli

1060.0 12035.0 352.0 104.0 whole
1420.0 12111.0 24.0 40.0 ,
1500.0 12031.0 204.0 100.0 Mr.
1756.0 12027.0 316.0 104.0 Snell
2120.0 12052.0 112.0 80.0 in
2292.0 12027.0 184.0 100.0 the
2524.0 12023.0 304.0 104.0 chair
2828.0 12095.0 28.0 40.0 ,
2992.0 12023.0 416.0 104.0 Senate
3460.0 12023.0 172.0 100.0 tile
3688.0 12027.0 36.0 92.0 I

1052.0 12179.0 232.0 76.0 was
1388.0 12148.0 692.0 104.0 considered.
2208.0 12144.0 280.0 100.0 This
2596.0 12140.0 384.0 104.0 makes
3096.0 12144.0 84.0 100.0 It
3284.0 12171.0 64.0 68.0 a
3456.0 12140.0 284.0 100.0 misd

1052.0 12292.0 464.0 80.0 meaner
1520.0 12340.0 24.0 40.0 ,
1604.0 12260.0 668.0 128.0 punishable
2360.0 12260.0 136.0 112.0 by
2584.0 12288.0 64.0 72.0 a
2716.0 12260.0 220.0 96.0 line
2984.0 12264.0 200.0 92.0 not
3232.0 12256.0 528.0 100.0 exceedln

1056.0 12391.0 188.0 100.0 810
1252.0 12463.0 24.0 40.0 ,
1328.0 12412.0 124.0 72.0 or
1500.0 12383.0 872.0 112.0 Imprisonment
2424.0 12387.0 192.0 84.0 not
2660.0 12372.0 616.0 112.0 exceeding
3308.0 12387.0 184.0 84.0 ton
3532.0 12372.0 212.0 120.0 day

1056.0 12512.0 176.0 92.0 for
1276.0 12527.0 220.0 92.0 any
1544.0 12523.0 216.0 76.0 one
1808.0 12492.0 804.0 116.0 Intentionally
2692.0 12500.0 116.0 88.0 to
2856.0 12492.0 488.0 120.0 provoke
3448.0 12515.0 132.0 76.0 or
3680.0 12512.0 80.0 80.0 a'
3752.0 12512.0 8.0 60.0 '

1052.0 12624.0 356.0 116.0 tempt
1456.0 12628.0 112.0 88.0 to
1616.0 12612.0 492.0 124.0 provoke
2156.0 12636.0 140.0 72.0 an
2400.0 12608.0 424.0 100.0 assault
2872.0 12632.0 296.0 116.0 upon
3224.0 12603.0 460.0 104.0 himself
3728.0 12632.0 32.0 72.0 c

1052.0 12735.0 376.0 100.0 others
1472.0 12731.0 140.0 120.0 by
1664.0 12731.0 188.0 100.0 the
1900.0 12752.0 192.0 80.0 use
2176.0 12731.0 128.0 96.0 of
2400.0 12748.0 316.0 92.0 gross
2724.0 12795.0 24.0 48.0 ,
2864.0 12724.0 220.0 104.0 vile
3192.0 12752.0 124.0 72.0 or
3400.0 12720.0 360.0 108.0 abusl\
3732.0 12748.0 28.0 80.0 \

1048.0 12852.0 596.0 108.0 language.

1172.0 12968.0 200.0 96.0 Mr.
1440.0 12960.0 444.0 120.0 Wright
1968.0 12955.0 124.0 104.0 of
2164.0 12951.0 456.0 108.0 Seward
2672.0 12951.0 476.0 120.0 thought
3200.0 12951.0 560.0 124.0 provontlc

1044.0 13083.0 368.0 96.0 bellw
1444.0 13076.0 280.0 104.0 than
1764.0 13100.0 272.0 76.0 cure
2032.0 13147.0 32.0 44.0 ,
2112.0 13076.0 232.0 96.0 and
2388.0 13095.0 156.0 76.0 on
2592.0 13072.0 432.0 100.0 motion
3104.0 13076.0 196.0 100.0 the
3380.0 13072.0 200.0 104.0 bill
3628.0 13100.0 136.0 76.0 wi

1056.0 13192.0 856.0 108.0 recommended
1960.0 13196.0 116.0 96.0 to
2140.0 13212.0 300.0 100.0 pass.

1172.0 13316.0 204.0 100.0 Mr.
1436.0 13307.0 540.0 116.0 Wright's
1884.0 13307.0 20.0 52.0 '
2060.0 13316.0 388.0 92.0 senate
2556.0 13299.0 176.0 104.0 lile
2824.0 13303.0 168.0 100.0 HI
3044.0 13328.0 228.0 76.0 was
3324.0 13312.0 296.0 96.0 read.
3756.0 13312.0 8.0 92.0 :

1056.0 13427.0 488.0 124.0 compels
1592.0 13427.0 264.0 100.0 land
1904.0 13447.0 444.0 76.0 owners
2396.0 13427.0 112.0 92.0 to
2556.0 13443.0 288.0 76.0 mow
2900.0 13424.0 368.0 100.0 weeds
3312.0 13447.0 144.0 76.0 on
3540.0 13424.0 224.0 104.0 hlgl

1068.0 13575.0 300.0 92.0 ways
1412.0 13548.0 600.0 132.0 adjoining
2080.0 13536.0 292.0 104.0 limit1
2476.0 13544.0 528.0 112.0 property
3088.0 13540.0 500.0 100.0 between
3664.0 13540.0 100.0 100.0 tli

1064.0 13672.0 160.0 96.0 1st
1268.0 13668.0 224.0 96.0 and
1544.0 13664.0 236.0 96.0 -Otli
1828.0 13664.0 120.0 96.0 of
1996.0 13659.0 444.0 116.0 August
2448.0 13723.0 28.0 40.0 ,
2572.0 13651.0 228.0 100.0 and
2884.0 13651.0 416.0 120.0 failing
3348.0 13684.0 124.0 72.0 so
3520.0 13664.0 112.0 92.0 to
3680.0 13655.0 64.0 100.0 d

1064.0 13787.0 116.0 92.0 to
1228.0 13787.0 280.0 96.0 have
1544.0 13779.0 188.0 96.0 the
1772.0 13772.0 440.0 120.0 cutting
2264.0 13776.0 292.0 92.0 done
2648.0 13768.0 140.0 120.0 by
2872.0 13772.0 188.0 100.0 the
3176.0 13772.0 268.0 100.0 road
3552.0 13795.0 204.0 76.0 eve

1068.0 13923.0 244.0 76.0 seer
1352.0 13896.0 228.0 100.0 and
1628.0 13896.0 192.0 96.0 the
1860.0 13896.0 236.0 96.0 cost
2140.0 13888.0 120.0 100.0 of
2308.0 13888.0 184.0 100.0 the
2540.0 13912.0 304.0 72.0 same
2908.0 13884.0 532.0 104.0 collected
3488.0 13884.0 140.0 124.0 by
3680.0 13888.0 84.0 100.0 tl

1064.0 14020.0 428.0 112.0 oounty
1532.0 14016.0 584.0 92.0 tieasurer.
2240.0 14007.0 112.0 92.0 A
2396.0 14007.0 272.0 108.0 long
2744.0 13999.0 404.0 100.0 debate
3224.0 14003.0 436.0 100.0 ensued
3664.0 14075.0 28.0 44.0 ,
3748.0 14007.0 20.0 96.0 !

1072.0 14131.0 192.0 96.0 the
1368.0 14151.0 388.0 76.0 course
1856.0 14124.0 124.0 96.0 of
2088.0 14116.0 364.0 100.0 which
2556.0 14116.0 424.0 100.0 several
3084.0 14120.0 676.0 100.0 aniendmen

1072.0 14268.0 296.0 80.0 were
1408.0 14240.0 420.0 100.0 olTered
1876.0 14236.0 228.0 104.0 and
2148.0 14236.0 448.0 100.0 Messrs.
2644.0 14232.0 396.0 100.0 Fuller.
3096.0 14232.0 352.0 100.0 Duras
3460.0 14308.0 20.0 44.0 ,
3536.0 14232.0 216.0 104.0 Lin

1068.0 14388.0 200.0 88.0 say
1312.0 14359.0 228.0 100.0 and
1596.0 14355.0 496.0 100.0 Hobblns
2136.0 14351.0 384.0 120.0 spoke.
2652.0 14347.0 244.0 100.0 The
2944.0 14340.0 196.0 108.0 bill
3192.0 14376.0 228.0 72.0 was
3472.0 14351.0 296.0 96.0 finall

1064.0 14464.0 856.0 108.0 recommended
1972.0 14476.0 112.0 88.0 to
2132.0 14487.0 256.0 96.0 pass
2444.0 14460.0 260.0 100.0 wltti
2760.0 14460.0 184.0 100.0 the
3012.0 14464.0 756.0 100.0 nndortandin

956.0 14656.0 40.0 36.0 .
1000.0 14660.0 24.0 40.0 ,
1064.0 14588.0 244.0 100.0 that
1356.0 14588.0 188.0 96.0 the
1588.0 14588.0 240.0 96.0 cost
1872.0 14580.0 124.0 96.0 of
2040.0 14580.0 188.0 96.0 the
2276.0 14575.0 304.0 96.0 work
2628.0 14596.0 232.0 80.0 was
2928.0 14588.0 112.0 84.0 to
3128.0 14571.0 128.0 100.0 bo
3360.0 14600.0 408.0 76.0 asses.sc

1064.0 14703.0 448.0 116.0 against
1556.0 14699.0 188.0 100.0 the
1792.0 14692.0 356.0 116.0 realty
2196.0 14692.0 120.0 100.0 of
2368.0 14695.0 184.0 96.0 the
2620.0 14688.0 680.0 116.0 contiguous
3348.0 14699.0 420.0 112.0 properl

1060.0 14839.0 388.0 80.0 owner
1492.0 14816.0 228.0 100.0 and
1768.0 14824.0 204.0 88.0 not
2056.0 14808.0 192.0 100.0 the
2352.0 14804.0 648.0 116.0 personally
3008.0 14876.0 24.0 44.0 ,
3108.0 14804.0 228.0 100.0 and
3384.0 14804.0 248.0 104.0 that
3676.0 14808.0 80.0 100.0 tl

1060.0 14960.0 316.0 76.0 name
1408.0 14960.0 236.0 72.0 wits
1684.0 14936.0 120.0 96.0 to
1840.0 14932.0 140.0 96.0 be
2012.0 14919.0 340.0 104.0 listed
2392.0 14923.0 152.0 116.0 by
2584.0 14923.0 196.0 100.0 the
2816.0 14932.0 432.0 112.0 county
3284.0 14919.0 312.0 104.0 cletk
3636.0 14948.0 136.0 76.0 au

1064.0 15051.0 536.0 108.0 collected
1644.0 15047.0 144.0 136.0 by
1836.0 15043.0 192.0 100.0 the
2068.0 15047.0 420.0 108.0 county
2536.0 15043.0 584.0 96.0 treasurer.

1192.0 15172.0 420.0 96.0 Senate
1660.0 15144.0 176.0 120.0 uio
1876.0 15160.0 120.0 96.0 20
2004.0 15232.0 24.0 36.0 ,
2080.0 15152.0 616.0 108.0 amendinz
2744.0 15152.0 420.0 100.0 section
3224.0 15156.0 40.0 92.0 1
3280.0 15224.0 24.0 52.0 ,
3400.0 15156.0 372.0 120.0 chapti

1072.0 15284.0 116.0 96.0 Ki
1192.0 15360.0 28.0 44.0 ,
1272.0 15308.0 232.0 76.0 was
1548.0 15279.0 296.0 100.0 read.
1984.0 15279.0 104.0 96.0 It
2136.0 15267.0 516.0 120.0 provides
2728.0 15271.0 240.0 96.0 that
3056.0 15271.0 188.0 96.0 the
3332.0 15292.0 400.0 96.0 proper
3744.0 15279.0 28.0 92.0 !

1076.0 15399.0 404.0 104.0 owned
1528.0 15399.0 140.0 116.0 by
1716.0 15415.0 228.0 100.0 any
1992.0 15407.0 440.0 84.0 woman
2484.0 15392.0 116.0 96.0 at
2648.0 15384.0 188.0 100.0 the
2884.0 15388.0 272.0 96.0 time
3192.0 15384.0 120.0 100.0 of
3360.0 15388.0 408.0 100.0 hernia

1076.0 15516.0 304.0 120.0 rlage
1380.0 15588.0 28.0 40.0 ,
1460.0 15512.0 216.0 104.0 and
1732.0 15535.0 228.0 92.0 any
2008.0 15512.0 312.0 96.0 rents
2328.0 15576.0 24.0 44.0 ,
2452.0 15500.0 352.0 104.0 Issues
2812.0 15572.0 28.0 40.0 ,
2928.0 15504.0 392.0 140.0 profits
3436.0 15528.0 128.0 76.0 or
3648.0 15532.0 124.0 80.0 pr

1072.0 15644.0 328.0 92.0 cceds
1440.0 15631.0 200.0 100.0 she
1692.0 15652.0 248.0 96.0 may
1988.0 15623.0 384.0 100.0 derive
2416.0 15627.0 288.0 96.0 from
2808.0 15611.0 364.0 104.0 either
3272.0 15619.0 224.0 100.0 real
3508.0 15691.0 24.0 48.0 ,
3628.0 15648.0 132.0 92.0 pe

1076.0 15751.0 324.0 100.0 8onal
1444.0 15776.0 124.0 72.0 or
1612.0 15740.0 372.0 108.0 mixed
2032.0 15747.0 524.0 116.0 property
2604.0 15732.0 364.0 104.0 which
3016.0 15732.0 288.0 104.0 shall
3348.0 15759.0 316.0 80.0 come
3756.0 15747.0 16.0 88.0 I

1072.0 15872.0 208.0 96.0 tier
1312.0 15868.0 148.0 116.0 by
1496.0 15864.0 476.0 100.0 descent
2008.0 15884.0 132.0 72.0 or
2232.0 15856.0 396.0 100.0 devise
2632.0 15924.0 24.0 44.0 ,
2744.0 15848.0 296.0 100.0 shall
3140.0 15852.0 444.0 100.0 remain
3672.0 15852.0 104.0 100.0 hi

1080.0 15983.0 232.0 100.0 sole
1356.0 15979.0 224.0 100.0 and
1628.0 15975.0 508.0 124.0 separate
2180.0 15971.0 532.0 136.0 property
2756.0 15963.0 228.0 100.0 and
3096.0 15963.0 132.0 104.0 bo
3340.0 15975.0 200.0 92.0 not
3624.0 15992.0 128.0 76.0 su

1080.0 16099.0 228.0 120.0 Ject
1352.0 16103.0 180.0 92.0 for
1592.0 16088.0 500.0 128.0 disposal
2140.0 16088.0 144.0 132.0 by
2332.0 16088.0 196.0 96.0 her
2636.0 16076.0 512.0 108.0 husband
3248.0 16103.0 212.0 80.0 nor
3548.0 16084.0 224.0 100.0 llab

1084.0 16220.0 180.0 96.0 for
1308.0 16212.0 180.0 100.0 his
1528.0 16208.0 320.0 100.0 debts
1872.0 16228.0 32.0 96.0 ;
1952.0 16200.0 536.0 124.0 provided
2500.0 16272.0 24.0 48.0 ,
2576.0 16200.0 244.0 100.0 that
2904.0 16195.0 152.0 100.0 all
3144.0 16208.0 532.0 112.0 nroperty
3764.0 16236.0 12.0 56.0 i

1084.0 16327.0 484.0 104.0 married
1616.0 16344.0 436.0 80.0 women
2104.0 16315.0 136.0 104.0 bo
2332.0 16335.0 208.0 84.0 not
2580.0 16323.0 452.0 108.0 exempt
3076.0 16311.0 288.0 104.0 from
3456.0 16315.0 144.0 100.0 all
3716.0 16344.0 60.0 72.0 a

1088.0 16448.0 636.0 100.0 tachmcnts
1768.0 16463.0 124.0 76.0 or
1932.0 16440.0 660.0 96.0 executions
2644.0 16432.0 172.0 100.0 for
2856.0 16432.0 264.0 100.0 debt
3172.0 16428.0 520.0 108.0 Incurred
3744.0 16436.0 28.0 96.0 1

1092.0 16572.0 188.0 92.0 the
1328.0 16560.0 796.0 100.0 maintenance
2168.0 16552.0 120.0 100.0 of
2332.0 16552.0 292.0 100.0 their
2672.0 16547.0 528.0 100.0 families.

1220.0 16675.0 216.0 104.0 Mr.
1484.0 16675.0 392.0 100.0 Moore
1920.0 16667.0 556.0 104.0 amended
2560.0 16667.0 144.0 112.0 by
2752.0 16663.0 428.0 112.0 adding
3268.0 16671.0 116.0 92.0 to
3428.0 16663.0 188.0 100.0 the
3680.0 16663.0 96.0 100.0 la

1108.0 16799.0 180.0 100.0 act
1364.0 16823.0 68.0 68.0 a
1504.0 16792.0 376.0 100.0 clause
1928.0 16784.0 568.0 124.0 requiring
2544.0 16788.0 240.0 96.0 first
2864.0 16784.0 200.0 96.0 the
3104.0 16788.0 384.0 92.0 return
3560.0 16788.0 128.0 92.0 of
3748.0 16811.0 32.0 72.0 r

1100.0 16912.0 592.0 96.0 execution
1744.0 16899.0 448.0 124.0 against
2236.0 16899.0 188.0 100.0 the
2472.0 16883.0 508.0 116.0 husband
3060.0 16920.0 124.0 76.0 as
3232.0 16899.0 548.0 100.0 unsatlstit

1108.0 17031.0 460.0 96.0 because
1620.0 17023.0 116.0 96.0 of
1788.0 17027.0 308.0 96.0 want
2140.0 17019.0 124.0 100.0 of
2304.0 17015.0 332.0 100.0 lands
2684.0 17035.0 120.0 76.0 or
2848.0 17011.0 324.0 104.0 other
3212.0 17035.0 384.0 100.0 propel
3624.0 17023.0 148.0 112.0 ty.

1220.0 17144.0 244.0 100.0 The
1508.0 17136.0 200.0 104.0 bill
1756.0 17163.0 232.0 72.0 was
2036.0 17132.0 512.0 124.0 reported
2596.0 17140.0 112.0 96.0 to
2756.0 17155.0 300.0 112.0 pass.

1220.0 17260.0 248.0 100.0 The
1556.0 17260.0 272.0 96.0 next
1916.0 17276.0 228.0 76.0 was
2232.0 17256.0 392.0 96.0 senate
2728.0 17247.0 180.0 96.0 lilu
2988.0 17247.0 120.0 92.0 3.1
3112.0 17315.0 28.0 44.0 ,
3240.0 17243.0 356.0 104.0 which
3664.0 17272.0 116.0 88.0 pt

1112.0 17375.0 316.0 100.0 vldes
1476.0 17371.0 244.0 100.0 that
1792.0 17396.0 68.0 72.0 a
1904.0 17367.0 496.0 100.0 transfer
2440.0 17391.0 132.0 76.0 or
2616.0 17363.0 220.0 100.0 lien
2888.0 17360.0 140.0 112.0 by
3076.0 17363.0 284.0 100.0 deed
3408.0 17387.0 124.0 76.0 or
3580.0 17391.0 200.0 72.0 moi

1108.0 17523.0 32.0 88.0 (
1188.0 17515.0 204.0 84.0 ago
1476.0 17488.0 144.0 120.0 by
1708.0 17484.0 356.0 104.0 either
2152.0 17480.0 516.0 104.0 husband
2772.0 17480.0 224.0 100.0 and
3084.0 17480.0 268.0 100.0 wife
3416.0 17480.0 288.0 100.0 shall
3772.0 17484.0 8.0 64.0 :

1112.0 17608.0 304.0 104.0 valid
1464.0 17612.0 116.0 96.0 to
1664.0 17603.0 192.0 100.0 the
1936.0 17624.0 312.0 80.0 same
2328.0 17612.0 392.0 88.0 extent
2804.0 17620.0 124.0 76.0 as
3016.0 17591.0 500.0 108.0 between
3592.0 17595.0 188.0 104.0 oth

1112.0 17743.0 496.0 108.0 persons.

1232.0 17844.0 208.0 100.0 Mr.
1556.0 17828.0 504.0 120.0 Llnnsay
2148.0 17828.0 244.0 104.0 said
2484.0 17828.0 224.0 104.0 this
2792.0 17824.0 196.0 104.0 bill
3076.0 17828.0 368.0 104.0 aimed
3536.0 17832.0 112.0 96.0 to
3756.0 17859.0 28.0 68.0 i

1116.0 17980.0 320.0 96.0 away
1484.0 17951.0 276.0 104.0 with
1808.0 17955.0 192.0 96.0 the
2064.0 17947.0 300.0 104.0 third
2456.0 17968.0 404.0 100.0 person
2952.0 17968.0 268.0 76.0 now
3312.0 17968.0 456.0 84.0 necessa

1116.0 18079.0 116.0 96.0 to
1276.0 18071.0 460.0 120.0 legalize
1784.0 18067.0 188.0 100.0 the
2020.0 18064.0 492.0 104.0 tiansfcr
2592.0 18064.0 124.0 100.0 of
2792.0 18067.0 520.0 120.0 property
3404.0 18064.0 380.0 104.0 betwet

1116.0 18211.0 256.0 80.0 man
1424.0 18184.0 228.0 104.0 and
1704.0 18188.0 296.0 100.0 wife.

1232.0 18307.0 204.0 100.0 Mr.
1500.0 18299.0 492.0 104.0 Hnbblns
2040.0 18299.0 124.0 100.0 of
2212.0 18295.0 404.0 124.0 Valley
2664.0 18291.0 244.0 104.0 said
2952.0 18291.0 244.0 104.0 that
3284.0 18291.0 188.0 104.0 the
3560.0 18291.0 224.0 104.0 doll

1116.0 18447.0 320.0 88.0 away
1532.0 18415.0 272.0 108.0 with
1892.0 18419.0 244.0 100.0 that
2200.0 18415.0 296.0 100.0 third
2588.0 18435.0 400.0 100.0 person
3080.0 18412.0 420.0 100.0 tended
3568.0 18419.0 116.0 96.0 to
3752.0 18412.0 32.0 104.0 1

1112.0 18563.0 384.0 76.0 crease
1572.0 18536.0 196.0 100.0 the
1848.0 18532.0 480.0 100.0 number
2400.0 18532.0 132.0 96.0 of
2612.0 18528.0 664.0 100.0 fraudulent
3356.0 18532.0 432.0 104.0 transff

1132.0 18651.0 360.0 104.0 which
1536.0 18676.0 260.0 72.0 now
1844.0 18647.0 260.0 100.0 take
2152.0 18647.0 312.0 116.0 place
2508.0 18643.0 504.0 100.0 between
3096.0 18643.0 516.0 100.0 husband
3680.0 18668.0 108.0 76.0 at

1128.0 18767.0 300.0 100.0 wife.
1560.0 18764.0 108.0 100.0 It
1708.0 18760.0 408.0 120.0 simply
2160.0 18760.0 244.0 100.0 said
2452.0 18764.0 112.0 92.0 to
2648.0 18760.0 268.0 100.0 both
3000.0 18760.0 268.0 96.0 wife
3352.0 18760.0 228.0 100.0 and
3672.0 18760.0 116.0 100.0 hi

1132.0 18884.0 296.0 100.0 band
1440.0 18952.0 24.0 44.0 ,
1524.0 18876.0 332.0 104.0 "You
1904.0 18896.0 256.0 100.0 may
2220.0 18900.0 144.0 88.0 go
2448.0 18871.0 244.0 104.0 Into
2776.0 18871.0 264.0 104.0 debt
3128.0 18871.0 228.0 104.0 and
3444.0 18871.0 344.0 104.0 defrai

1128.0 19024.0 276.0 92.0 your
1444.0 18991.0 536.0 104.0 creditors
2028.0 18995.0 140.0 92.0 bv
2216.0 18987.0 756.0 120.0 transferring
3060.0 19011.0 288.0 100.0 your
3392.0 19011.0 392.0 100.0 proper

1132.0 19123.0 112.0 96.0 to
1288.0 19135.0 224.0 80.0 one
1572.0 19108.0 480.0 104.0 another
2056.0 19176.0 24.0 36.0 ,
2092.0 19104.0 68.0 56.0 "

1248.0 19228.0 212.0 108.0 Mr.
1512.0 19223.0 616.0 104.0 Schmlnko
2176.0 19219.0 256.0 100.0 held
2476.0 19215.0 192.0 104.0 the
2752.0 19236.0 308.0 84.0 same
3104.0 19211.0 320.0 108.0 view.
3556.0 19215.0 216.0 104.0 Wh

1128.0 19376.0 72.0 76.0 n
1248.0 19343.0 304.0 108.0 third
1604.0 19351.0 320.0 112.0 party
2032.0 19363.0 228.0 76.0 was
2308.0 19335.0 508.0 124.0 resulted
2924.0 19331.0 180.0 100.0 for
3144.0 19331.0 192.0 100.0 the
3440.0 19339.0 348.0 96.0 transl

1128.0 19468.0 340.0 100.0 fraud
1504.0 19456.0 344.0 108.0 could
1892.0 19464.0 204.0 96.0 not
2140.0 19460.0 136.0 92.0 be
2316.0 19448.0 572.0 128.0 practiced
2920.0 19475.0 136.0 72.0 so
3096.0 19452.0 256.0 100.0 well
3352.0 19520.0 36.0 36.0 ,
3520.0 19452.0 184.0 100.0 lie
3752.0 19452.0 36.0 104.0 I

1128.0 19575.0 476.0 108.0 stanct'd
1708.0 19604.0 64.0 72.0 a
1816.0 19596.0 252.0 76.0 case
2116.0 19571.0 368.0 100.0 where
2532.0 19596.0 64.0 76.0 a
2644.0 19567.0 628.0 100.0 bondsman
3288.0 19639.0 24.0 48.0 ,
3416.0 19567.0 112.0 100.0 to
3580.0 19592.0 212.0 80.0 ave

1132.0 19687.0 848.0 124.0 responsibility
1984.0 19759.0 28.0 44.0 ,
2068.0 19687.0 692.0 104.0 transferred
2808.0 19683.0 172.0 104.0 his
3024.0 19687.0 524.0 120.0 property
3648.0 19687.0 116.0 100.0 to

1136.0 19816.0 300.0 104.0 third
1544.0 19816.0 328.0 120.0 party
2000.0 19812.0 256.0 92.0 who
2260.0 19880.0 24.0 44.0 ,
2420.0 19808.0 324.0 96.0 when
2860.0 19804.0 188.0 100.0 the
3148.0 19804.0 436.0 112.0 danger
3708.0 19800.0 68.0 100.0 h

1136.0 19927.0 396.0 120.0 passed
1544.0 19999.0 28.0 52.0 ,
1628.0 19919.0 448.0 108.0 refused
2124.0 19927.0 112.0 96.0 to
2284.0 19915.0 656.0 108.0 re-transfer
2984.0 19932.0 112.0 88.0 to
3200.0 19919.0 192.0 96.0 the
3440.0 19915.0 352.0 116.0 origin

1136.0 20072.0 392.0 76.0 owner
1528.0 20115.0 28.0 52.0 ,
1616.0 20039.0 672.0 124.0 whereupon
2344.0 20035.0 184.0 104.0 the
2576.0 20035.0 328.0 104.0 latter
2992.0 20035.0 652.0 104.0 committed
3688.0 20059.0 104.0 76.0 si

1136.0 20164.0 280.0 108.0 cldo.

1136.0 20164.0 308.0 220.0 cldo.Mr.
1440.0 20351.0 28.0 32.0 .
1520.0 20271.0 516.0 124.0 Lindsay
2080.0 20267.0 244.0 108.0 said
2376.0 20267.0 240.0 104.0 that
2664.0 20263.0 88.0 104.0 If
2856.0 20263.0 188.0 104.0 the
3092.0 20263.0 496.0 104.0 transfer
3668.0 20267.0 116.0 104.0 to

1140.0 20399.0 280.0 104.0 wife
1420.0 20471.0 28.0 24.0 ,
1496.0 20419.0 132.0 76.0 or
1668.0 20395.0 248.0 104.0 vlco
1960.0 20415.0 320.0 80.0 versa
2284.0 20463.0 28.0 36.0 ,
2368.0 20411.0 232.0 76.0 was
2636.0 20383.0 664.0 104.0 fraudulent
3296.0 20459.0 32.0 40.0 ,
3380.0 20387.0 196.0 100.0 the
3616.0 20407.0 172.0 76.0 sat

1140.0 20520.0 328.0 104.0 could
1516.0 20512.0 136.0 104.0 be
1756.0 20516.0 172.0 96.0 set
2020.0 20508.0 312.0 100.0 aside
2416.0 20527.0 124.0 80.0 as
2644.0 20508.0 120.0 96.0 at
2868.0 20508.0 484.0 120.0 present
3476.0 20508.0 116.0 96.0 A
3640.0 20504.0 156.0 100.0 thl

1140.0 20644.0 328.0 112.0 partv
1532.0 20627.0 360.0 124.0 rarely
2000.0 20623.0 340.0 104.0 know
2444.0 20619.0 332.0 108.0 when
2888.0 20644.0 68.0 76.0 a
3020.0 20619.0 332.0 104.0 traud
3448.0 20644.0 224.0 80.0 was
3756.0 20623.0 32.0 100.0 i

1144.0 20747.0 464.0 108.0 tended.

1260.0 20868.0 220.0 100.0 Mr.
1548.0 20860.0 496.0 104.0 Hnbblns
2084.0 20856.0 244.0 104.0 said
2408.0 20852.0 272.0 108.0 with
2780.0 20852.0 188.0 104.0 the
3076.0 20852.0 544.0 128.0 proposed
3704.0 20852.0 92.0 104.0 In

1144.0 20983.0 312.0 104.0 theto
1492.0 20979.0 328.0 100.0 could
1864.0 20979.0 132.0 96.0 be
2044.0 21000.0 144.0 76.0 no
2236.0 20971.0 652.0 104.0 fraudulent
2920.0 20979.0 492.0 96.0 transfer
3456.0 20979.0 340.0 96.0 bccan

1148.0 21128.0 64.0 72.0 ft
1256.0 21099.0 268.0 104.0 wife
1572.0 21095.0 324.0 100.0 could
1992.0 21099.0 200.0 92.0 not
2232.0 21091.0 132.0 100.0 be
2408.0 21087.0 324.0 104.0 uiadu
2824.0 21095.0 112.0 96.0 to
2988.0 21087.0 392.0 124.0 testify
3484.0 21091.0 312.0 120.0 again

1148.0 21216.0 200.0 100.0 her
1392.0 21212.0 544.0 100.0 husband.

1272.0 21331.0 212.0 96.0 Mr.
1544.0 21323.0 404.0 104.0 Drown
1992.0 21323.0 132.0 100.0 of
2160.0 21319.0 284.0 124.0 Clay
2480.0 21319.0 252.0 104.0 said
2764.0 21319.0 248.0 100.0 that
3056.0 21319.0 92.0 100.0 It
3232.0 21344.0 236.0 80.0 was
3508.0 21348.0 64.0 72.0 a
3616.0 21319.0 184.0 104.0 she

1156.0 21451.0 200.0 100.0 but
1396.0 21443.0 640.0 116.0 dangerous
2080.0 21439.0 232.0 104.0 bill.
2436.0 21436.0 244.0 104.0 Tim
2764.0 21443.0 392.0 96.0 senate
3236.0 21436.0 216.0 104.0 had
3540.0 21463.0 64.0 76.0 a
3672.0 21439.0 128.0 96.0 da

1152.0 21583.0 408.0 104.0 gorous
1604.0 21556.0 484.0 124.0 practice
2128.0 21556.0 124.0 100.0 of
2300.0 21556.0 456.0 120.0 passing
2804.0 21552.0 400.0 100.0 almost
3268.0 21576.0 336.0 112.0 every
3708.0 21552.0 92.0 104.0 bl

1156.0 21675.0 372.0 108.0 which
1572.0 21700.0 312.0 76.0 came
1940.0 21667.0 376.0 104.0 before
2364.0 21667.0 76.0 100.0 It
2452.0 21739.0 28.0 48.0 ,
2536.0 21692.0 124.0 76.0 so
2708.0 21667.0 324.0 100.0 much
3080.0 21692.0 124.0 76.0 so
3252.0 21667.0 244.0 104.0 that
3532.0 21647.0 96.0 120.0 It
3724.0 21675.0 64.0 96.0 h

1148.0 21799.0 288.0 104.0 been
1524.0 21787.0 244.0 104.0 said
1872.0 21787.0 248.0 100.0 that
2220.0 21787.0 188.0 100.0 the
2512.0 21787.0 288.0 96.0 state
2892.0 21784.0 360.0 104.0 would
3356.0 21784.0 384.0 100.0 derive
3788.0 21787.0 12.0 96.0 !

1148.0 21908.0 620.0 112.0 calculable
1800.0 21904.0 628.0 100.0 advantage
2476.0 21904.0 92.0 100.0 if
2616.0 21899.0 188.0 104.0 thu
2888.0 21895.0 288.0 120.0 body
3264.0 21899.0 400.0 100.0 should
3748.0 21928.0 52.0 72.0 a

1156.0 22011.0 336.0 152.0 journ
1548.0 22023.0 484.0 104.0 without
2100.0 22015.0 460.0 116.0 passing
2664.0 22015.0 472.0 100.0 another
3240.0 22011.0 244.0 104.0 law.
3672.0 22011.0 128.0 104.0 Tl

1168.0 22124.0 140.0 132.0 111
1324.0 22155.0 32.0 96.0 !
1404.0 22139.0 352.0 116.0 ought
1800.0 22147.0 200.0 92.0 not
2048.0 22143.0 112.0 88.0 to
2212.0 22147.0 124.0 84.0 Do
2384.0 22128.0 320.0 104.0 made
2752.0 22155.0 64.0 76.0 a
2860.0 22128.0 248.0 104.0 law.
3236.0 22128.0 116.0 100.0 If
3416.0 22128.0 84.0 104.0 It
3548.0 22128.0 248.0 104.0 shoi

1156.0 22287.0 268.0 88.0 pass
1492.0 22256.0 504.0 104.0 millions
2040.0 22256.0 120.0 96.0 of
2204.0 22256.0 520.0 120.0 property
2768.0 22243.0 380.0 104.0 would
3248.0 22247.0 136.0 100.0 be
3488.0 22247.0 316.0 104.0 fraud

1160.0 22379.0 360.0 132.0 lenijy
1568.0 22359.0 688.0 116.0 transferred
2312.0 22367.0 108.0 100.0 in
2476.0 22363.0 224.0 104.0 tills
2744.0 22367.0 288.0 100.0 state
3084.0 22375.0 108.0 88.0 to
3224.0 22359.0 328.0 112.0 avoid
3596.0 22363.0 208.0 100.0 deb

1164.0 22491.0 620.0 112.0 Husnamls
1832.0 22484.0 368.0 108.0 would
2248.0 22488.0 500.0 100.0 contract
2836.0 22480.0 316.0 104.0 debts
3260.0 22480.0 224.0 104.0 and
3600.0 22480.0 204.0 104.0 wlv

1164.0 22612.0 380.0 108.0 would
1588.0 22612.0 136.0 100.0 bo
1772.0 22603.0 356.0 104.0 found
2180.0 22612.0 112.0 92.0 to
2336.0 22624.0 260.0 80.0 own
2668.0 22599.0 188.0 104.0 the
2964.0 22603.0 556.0 116.0 property.
3712.0 22595.0 92.0 104.0 T

1164.0 22731.0 460.0 128.0 present
1668.0 22723.0 212.0 108.0 law
1932.0 22743.0 224.0 80.0 was
2204.0 22748.0 64.0 76.0 a
2312.0 22719.0 244.0 100.0 safe
2600.0 22739.0 244.0 84.0 one.
2900.0 22715.0 580.0 120.0 requiring
3540.0 22739.0 68.0 76.0 a
3656.0 22711.0 148.0 108.0 thl

1164.0 22855.0 328.0 132.0 party
1544.0 22851.0 112.0 100.0 to
1700.0 22843.0 188.0 104.0 the
1936.0 22843.0 492.0 100.0 transfer
2428.0 22908.0 28.0 48.0 ,
2512.0 22836.0 248.0 100.0 who
2808.0 22832.0 216.0 104.0 had
3076.0 22843.0 112.0 88.0 to
3296.0 22832.0 132.0 100.0 be
3516.0 22832.0 116.0 100.0 In
3744.0 22859.0 56.0 76.0 c

1164.0 22968.0 372.0 104.0 luslon
1588.0 22960.0 272.0 104.0 with
1900.0 22960.0 188.0 100.0 the
2132.0 22955.0 320.0 100.0 other
2496.0 22955.0 220.0 104.0 two
2768.0 22951.0 376.0 104.0 before
3192.0 22972.0 60.0 80.0 a
3304.0 22947.0 492.0 104.0 transfer

1160.0 23087.0 336.0 104.0 fraud
1540.0 23075.0 332.0 108.0 could
1920.0 23087.0 136.0 92.0 be
2092.0 23071.0 512.0 104.0 effected.

1284.0 23203.0 208.0 104.0 Mr.
1544.0 23199.0 348.0 116.0 Colby
1940.0 23192.0 248.0 104.0 said
2232.0 23195.0 248.0 100.0 that
2528.0 23192.0 136.0 100.0 ho
2712.0 23184.0 512.0 108.0 believed
3272.0 23207.0 280.0 80.0 even
3608.0 23207.0 200.0 80.0 nov

1168.0 23316.0 516.0 108.0 husband
1732.0 23312.0 324.0 108.0 could
2112.0 23312.0 492.0 104.0 transfer
2648.0 23312.0 120.0 96.0 to
2860.0 23303.0 176.0 104.0 his
3140.0 23299.0 268.0 108.0 wife
3492.0 23303.0 316.0 100.0 withi

1168.0 23435.0 192.0 100.0 the
1408.0 23431.0 752.0 104.0 Intervention
2216.0 23431.0 120.0 96.0 of
2400.0 23456.0 64.0 76.0 a
2572.0 23423.0 300.0 104.0 third
2964.0 23427.0 328.0 136.0 party
3292.0 23491.0 28.0 48.0 ,
3412.0 23415.0 380.0 104.0 althou

1172.0 23551.0 324.0 100.0 other
1576.0 23547.0 472.0 116.0 lawyers
2132.0 23544.0 252.0 104.0 held
2468.0 23544.0 688.0 112.0 differently.
3344.0 23536.0 284.0 100.0 This
3740.0 23536.0 68.0 104.0 li

1180.0 23664.0 372.0 100.0 Mould
1600.0 23668.0 324.0 92.0 settle
1968.0 23664.0 184.0 100.0 the
2196.0 23659.0 548.0 104.0 business.
2876.0 23664.0 100.0 100.0 A
3020.0 23655.0 300.0 108.0 third
3356.0 23659.0 324.0 120.0 party
3732.0 23680.0 76.0 76.0 w

1184.0 23799.0 152.0 88.0 BO
1372.0 23779.0 616.0 124.0 protection
2040.0 23775.0 448.0 108.0 against
2532.0 23775.0 324.0 104.0 fraud
2868.0 23847.0 24.0 40.0 ,
2968.0 23775.0 468.0 104.0 because
3496.0 23767.0 140.0 104.0 ho
3744.0 23767.0 64.0 104.0 h

1188.0 23895.0 312.0 108.0 acted
1548.0 23895.0 116.0 100.0 In
1716.0 23895.0 240.0 96.0 tuat
2016.0 23895.0 500.0 116.0 capacity
2560.0 23895.0 228.0 100.0 and
2828.0 23892.0 196.0 100.0 did
3076.0 23895.0 196.0 100.0 not
3320.0 23892.0 344.0 104.0 know
3712.0 23915.0 92.0 76.0 w

1184.0 24011.0 200.0 104.0 the
1480.0 24007.0 496.0 104.0 transfer
2072.0 24028.0 232.0 76.0 was
2456.0 24007.0 356.0 100.0 made.
2944.0 24007.0 176.0 100.0 He
3216.0 24007.0 520.0 104.0 declared

1188.0 24147.0 448.0 80.0 woman
1688.0 24119.0 368.0 108.0 would
2104.0 24119.0 120.0 104.0 K
2280.0 24147.0 64.0 76.0 a
2392.0 24119.0 460.0 104.0 witness
2896.0 24123.0 444.0 112.0 against
3428.0 24127.0 200.0 100.0 her
3708.0 24127.0 104.0 100.0 hi

1200.0 24244.0 300.0 104.0 band
1548.0 24240.0 116.0 100.0 In
1716.0 24267.0 64.0 72.0 a
1820.0 24263.0 252.0 72.0 case
2120.0 24236.0 172.0 100.0 for
2340.0 24236.0 644.0 104.0 fraudulent
3032.0 24240.0 520.0 104.0 transfer.

1308.0 24359.0 208.0 104.0 Mr.
1576.0 24355.0 500.0 100.0 Hobblns
2120.0 24351.0 408.0 124.0 quoted
2616.0 24355.0 40.0 96.0 f
2676.0 24372.0 232.0 84.0 rum
2992.0 24351.0 188.0 100.0 thu
3264.0 24359.0 472.0 100.0 btatutes

1200.0 24475.0 320.0 104.0 show
1564.0 24475.0 240.0 100.0 that
1852.0 24475.0 196.0 96.0 she
2092.0 24467.0 324.0 104.0 could
2468.0 24475.0 228.0 96.0 not.

1316.0 24596.0 208.0 104.0 Mr.
1584.0 24588.0 380.0 108.0 Moore
2004.0 24588.0 120.0 100.0 of
2180.0 24584.0 608.0 104.0 Lancaster
2828.0 24580.0 244.0 112.0 said
3124.0 24588.0 184.0 100.0 the
3352.0 24584.0 192.0 108.0 bill
3600.0 24611.0 208.0 80.0 wet

1192.0 24736.0 452.0 84.0 remove
1676.0 24711.0 188.0 96.0 the
1912.0 24703.0 420.0 100.0 bunion
2384.0 24703.0 120.0 100.0 of
2540.0 24703.0 320.0 124.0 proof
2908.0 24707.0 124.0 96.0 of
3140.0 24703.0 328.0 100.0 fraud
3572.0 24711.0 116.0 96.0 to
3776.0 24720.0 36.0 88.0 t

1196.0 24835.0 400.0 96.0 Honest
1644.0 24823.0 392.0 104.0 debtor
2084.0 24819.0 436.0 104.0 Instead
2564.0 24823.0 124.0 96.0 of
2728.0 24819.0 188.0 104.0 the
2964.0 24815.0 300.0 108.0 third
3320.0 24831.0 320.0 104.0 party
3644.0 24891.0 24.0 48.0 ,
3724.0 24843.0 88.0 76.0 ai

1188.0 24951.0 232.0 100.0 this
1464.0 24948.0 124.0 100.0 In
1628.0 24944.0 196.0 104.0 the
1868.0 24944.0 252.0 100.0 face
2152.0 24940.0 132.0 96.0 of
2320.0 24936.0 196.0 100.0 the
2556.0 24940.0 236.0 100.0 fact
2864.0 24936.0 252.0 104.0 that
3152.0 24940.0 200.0 100.0 the
3448.0 24959.0 368.0 112.0 supiei

1192.0 25067.0 320.0 104.0 court
1552.0 25059.0 216.0 104.0 had
1816.0 25055.0 256.0 104.0 held
2120.0 25051.0 240.0 104.0 that
2404.0 25055.0 548.0 104.0 transfers
2996.0 25076.0 140.0 84.0 ou
3228.0 25059.0 116.0 96.0 Ut
3396.0 25059.0 112.0 96.0 to
3596.0 25031.0 132.0 124.0 be

1192.0 25179.0 420.0 124.0 gardod
1668.0 25175.0 268.0 104.0 with
1980.0 25171.0 608.0 112.0 suspicion.

1316.0 25296.0 208.0 108.0 Mr.
1576.0 25288.0 620.0 108.0 Schmlnko
2236.0 25288.0 544.0 104.0 amended
2832.0 25284.0 236.0 108.0 that
3116.0 25288.0 188.0 108.0 the
3356.0 25284.0 452.0 112.0 commit

1208.0 25419.0 376.0 112.0 report
1644.0 25411.0 236.0 100.0 that
1932.0 25411.0 184.0 100.0 the
2160.0 25403.0 192.0 104.0 bill
2404.0 25399.0 140.0 104.0 do
2592.0 25411.0 200.0 96.0 not
2836.0 25432.0 288.0 96.0 pass.

1324.0 25535.0 204.0 104.0 Mr.
1628.0 25523.0 500.0 120.0 Lindsay
2212.0 25519.0 244.0 104.0 said
2544.0 25523.0 184.0 100.0 the
2796.0 25519.0 192.0 104.0 bill
3056.0 25519.0 184.0 104.0 did
3308.0 25543.0 316.0 96.0 nway
3708.0 25543.0 96.0 76.0 w

1204.0 25648.0 316.0 104.0 three
1560.0 25640.0 344.0 112.0 dtods
1948.0 25667.0 124.0 76.0 as
2156.0 25663.0 256.0 76.0 now
2464.0 25659.0 580.0 104.0 necessary
3060.0 25712.0 24.0 56.0 ,
3132.0 25640.0 228.0 108.0 and
3412.0 25636.0 292.0 108.0 their
3744.0 25659.0 52.0 80.0 s

1204.0 25767.0 476.0 120.0 sequent
1724.0 25763.0 232.0 100.0 cost
1968.0 25831.0 28.0 48.0 ,
2048.0 25763.0 112.0 100.0 to
2208.0 25759.0 192.0 100.0 but
2444.0 25767.0 256.0 92.0 two.

1316.0 25887.0 216.0 100.0 Mr.
1592.0 25879.0 496.0 108.0 Hobblns
2136.0 25871.0 396.0 108.0 moved
2616.0 25879.0 120.0 92.0 to
2812.0 25871.0 360.0 108.0 cf.llc
3256.0 25875.0 204.0 100.0 out
3536.0 25867.0 192.0 108.0 thu

1212.0 26003.0 384.0 112.0 Acting
1640.0 25996.0 404.0 104.0 clause.
2172.0 25992.0 248.0 104.0 The
2464.0 25988.0 424.0 104.0 motion
2952.0 26015.0 220.0 76.0 was
3220.0 25992.0 260.0 104.0 lo.tt.

1320.0 26119.0 208.0 104.0 Mr.
1580.0 26115.0 584.0 104.0 T/Kliuck
2212.0 26103.0 400.0 104.0 moved
2664.0 26111.0 112.0 96.0 to
2868.0 26107.0 412.0 100.0 amend
3328.0 26107.0 188.0 100.0 the
3560.0 26103.0 200.0 108.0 Mil

1208.0 26235.0 196.0 108.0 bill
1460.0 26239.0 112.0 100.0 to
1616.0 26227.0 400.0 108.0 enable
2092.0 26219.0 512.0 108.0 husband
2684.0 26223.0 224.0 100.0 and
2984.0 26223.0 260.0 100.0 wife
3328.0 26231.0 112.0 96.0 to
3524.0 26231.0 284.0 92.0 swln

1204.0 26355.0 544.0 108.0 creditors
1792.0 26344.0 228.0 108.0 and
2064.0 26344.0 148.0 104.0 do
2296.0 26363.0 316.0 92.0 away
2708.0 26367.0 80.0 76.0 vs
2816.0 26340.0 164.0 100.0 Uh
3024.0 26340.0 676.0 124.0 unpleasant
3756.0 26367.0 64.0 72.0 v

1204.0 26495.0 428.0 84.0 nesses.
1644.0 26467.0 68.0 56.0 "
1852.0 26467.0 32.0 120.0 [
1908.0 26459.0 560.0 120.0 Laughter
2488.0 26463.0 32.0 116.0 !
2524.0 26527.0 44.0 32.0 .

1320.0 26595.0 208.0 104.0 Mr.
1604.0 26575.0 716.0 116.0 Hchmlnko's
2384.0 26571.0 736.0 116.0 amendment
3200.0 26595.0 220.0 80.0 was
3480.0 26567.0 228.0 108.0 lost
3752.0 26567.0 68.0 108.0 b

1200.0 26727.0 268.0 92.0 vote
1500.0 26711.0 132.0 104.0 ot
1672.0 26707.0 64.0 100.0 0
1772.0 26711.0 120.0 100.0 to
1932.0 26704.0 144.0 104.0 11.

1324.0 26836.0 208.0 100.0 Mr.
1588.0 26827.0 416.0 104.0 Drown
2076.0 26840.0 240.0 84.0 mOT
2400.0 26847.0 28.0 68.0 i
2428.0 26815.0 40.0 104.0 !
2520.0 26815.0 224.0 104.0 this
2828.0 26807.0 740.0 108.0 amendnidnV
3652.0 26807.0 116.0 96.0 to

1208.0 26943.0 216.0 104.0 last
1460.0 26943.0 388.0 108.0 clause
1852.0 27019.0 24.0 28.0 ,
1932.0 26935.0 684.0 116.0 "providing
2668.0 26931.0 184.0 104.0 the
2904.0 26919.0 512.0 108.0 husband
3472.0 26919.0 224.0 104.0 and
3748.0 26943.0 40.0 72.0 \
3788.0 26947.0 36.0 72.0 >

1216.0 27059.0 280.0 108.0 Imvo
1600.0 27087.0 156.0 80.0 no
1840.0 27059.0 324.0 108.0 debts
2248.0 27052.0 232.0 108.0 and
2584.0 27044.0 576.0 112.0 liabilities
3272.0 27035.0 532.0 108.0 outstand

1212.0 27179.0 440.0 100.0 ftzalnst
1704.0 27192.0 340.0 92.0 tiicm.
2052.0 27175.0 72.0 60.0 "

1292.0 27283.0 32.0 20.0 "
1336.0 27291.0 208.0 108.0 .Mr.
1592.0 27256.0 688.0 164.0 Mclklrjohn
2336.0 27287.0 356.0 120.0 hoped
2744.0 27283.0 188.0 108.0 tlu-
2980.0 27271.0 192.0 112.0 bill
3232.0 27267.0 356.0 108.0 wor.lU
3644.0 27271.0 180.0 100.0 ccl

1212.0 27407.0 556.0 108.0 defeated.
1964.0 27411.0 104.0 104.0 It
2156.0 27407.0 372.0 108.0 would
2628.0 27411.0 172.0 96.0 DPI
2888.0 27396.0 408.0 108.0 doubts
3340.0 27396.0 376.0 104.0 attest
3760.0 27411.0 56.0 76.0 c

1212.0 27527.0 484.0 120.0 centime
1796.0 27536.0 188.0 96.0 the
2092.0 27536.0 444.0 104.0 present
2644.0 27523.0 216.0 104.0 Uw
2864.0 27595.0 32.0 52.0 ,
2988.0 27523.0 228.0 96.0 and
3328.0 27507.0 360.0 112.0 under
3760.0 27503.0 64.0 100.0 II

1208.0 27647.0 340.0 104.0 fraud
1596.0 27667.0 296.0 80.0 wore
1932.0 27647.0 592.0 120.0 practiced.
2612.0 27655.0 196.0 88.0 tiu
2908.0 27635.0 364.0 104.0 wirtle
3276.0 27651.0 60.0 84.0 3
3428.0 27623.0 344.0 112.0 cculd

1216.0 27752.0 248.0 116.0 Into
1500.0 27771.0 324.0 92.0 court
1864.0 27756.0 224.0 104.0 And
2136.0 27759.0 488.0 108.0 tmowlt.

1328.0 27879.0 212.0 108.0 Air.
1596.0 27875.0 480.0 104.0 Mooie's
2120.0 27871.0 736.0 112.0 amendment
2904.0 27892.0 228.0 80.0 was
3156.0 27867.0 292.0 104.0 'lost.

1324.0 27995.0 532.0 116.0 Another
1952.0 27991.0 292.0 120.0 Ucur
2244.0 27991.0 24.0 48.0 >
2276.0 28015.0 56.0 92.0 &
2432.0 27991.0 404.0 120.0 debute
2936.0 27987.0 440.0 124.0 euauvd

3896.0 2532.0 156.0 104.0 Tz
4120.0 2532.0 356.0 108.0 chuck
4532.0 2536.0 400.0 112.0 moved
4996.0 2536.0 188.0 112.0 the
5228.0 2544.0 648.0 108.0 committee
5924.0 2540.0 216.0 112.0 rise
6188.0 2540.0 228.0 108.0 and
6472.0 2536.0 224.0 112.0 this

3900.0 2652.0 600.0 128.0 prevailed.

4016.0 2764.0 244.0 108.0 The
4300.0 2768.0 648.0 112.0 conimltleo
4996.0 2780.0 504.0 124.0 reported
5604.0 2800.0 508.0 104.0 progress
6204.0 2776.0 224.0 104.0 and
6528.0 2772.0 188.0 108.0 the

3900.0 2896.0 392.0 92.0 senate
4336.0 2888.0 660.0 124.0 adjourned.

4660.0 3032.0 80.0 80.0 A
4820.0 3032.0 448.0 88.0 1.1TTI.K
5324.0 3036.0 676.0 84.0 rollEPAST.

4032.0 3128.0 132.0 88.0 In
4312.0 3124.0 200.0 100.0 the
4652.0 3124.0 356.0 104.0 house
5128.0 3140.0 668.0 96.0 to-morrow
5916.0 3132.0 192.0 104.0 the
6232.0 3124.0 484.0 112.0 Lincoln

3904.0 3232.0 440.0 104.0 chatter
4456.0 3236.0 228.0 108.0 will
4860.0 3248.0 132.0 100.0 be
5152.0 3248.0 360.0 104.0 called
5700.0 3276.0 124.0 76.0 as
5992.0 3252.0 188.0 100.0 the
6312.0 3244.0 412.0 128.0 special

3908.0 3352.0 352.0 100.0 order.
4452.0 3352.0 280.0 108.0 This
4940.0 3360.0 224.0 104.0 will
5356.0 3372.0 200.0 96.0 not
5768.0 3368.0 436.0 124.0 rcqu're
6048.0 3368.0 20.0 60.0 '
6392.0 3364.0 332.0 104.0 much

3912.0 3472.0 272.0 100.0 time
4288.0 3480.0 116.0 92.0 to
4508.0 3472.0 456.0 128.0 dispose
5112.0 3480.0 120.0 100.0 of
5240.0 3552.0 24.0 52.0 ,
5416.0 3480.0 476.0 108.0 because
6016.0 3488.0 188.0 96.0 the
6332.0 3484.0 396.0 100.0 dltfcr-

3912.0 3608.0 276.0 80.0 enco
4296.0 3588.0 364.0 108.0 which
4764.0 3596.0 432.0 104.0 existed
5304.0 3596.0 504.0 108.0 between
5968.0 3604.0 188.0 100.0 the
6304.0 3608.0 424.0 108.0 county

3912.0 3724.0 228.0 80.0 mm
4184.0 3708.0 232.0 120.0 city
4468.0 3712.0 544.0 104.0 members
5064.0 3716.0 112.0 104.0 In
5272.0 3720.0 188.0 100.0 the
5564.0 3716.0 608.0 104.0 Lancaster
6280.0 3716.0 392.0 116.0 delega-

3916.0 3824.0 236.0 96.0 tion
4212.0 3820.0 200.0 104.0 has
4460.0 3824.0 276.0 108.0 been
4788.0 3828.0 552.0 124.0 adjusted.
5548.0 3844.0 100.0 92.0 A
5776.0 3832.0 688.0 104.0 unanimous
6576.0 3860.0 116.0 72.0 re-

3920.0 3944.0 248.0 100.0 coil
4220.0 3940.0 224.0 104.0 will
4488.0 3952.0 816.0 120.0 consequently
5340.0 3952.0 128.0 100.0 he
5524.0 3948.0 804.0 104.0 inadeandthc
6380.0 3948.0 348.0 104.0 house

3928.0 4056.0 232.0 100.0 will
4212.0 4083.0 252.0 96.0 pass
4516.0 4068.0 192.0 96.0 the
4792.0 4052.0 644.0 120.0 charter"
5552.0 4064.0 536.0 124.0 reported.
6292.0 4064.0 132.0 100.0 In
6544.0 4072.0 188.0 92.0 the

3924.0 4180.0 600.0 96.0 afternoon
4580.0 4204.0 144.0 76.0 an
4780.0 4188.0 472.0 108.0 attempt
5304.0 4180.0 224.0 104.0 \\ill
5608.0 4188.0 132.0 100.0 be
5848.0 4184.0 328.0 100.0 made
6276.0 4188.0 116.0 96.0 to
6500.0 4200.0 212.0 80.0 run

3928.0 4292.0 480.0 104.0 throu.'h
4460.0 4300.0 192.0 100.0 the
4728.0 4300.0 192.0 100.0 bill
5012.0 4308.0 112.0 92.0 to
5212.0 4296.0 196.0 108.0 sell
5524.0 4296.0 188.0 104.0 the
5820.0 4300.0 472.0 112.0 packers
6400.0 4296.0 340.0 100.0 about

3928.0 4408.0 312.0 104.0 three
4288.0 4424.0 492.0 92.0 sections
4824.0 4416.0 120.0 100.0 of
4992.0 4412.0 388.0 108.0 Saline
5464.0 4412.0 332.0 108.0 lands
5848.0 4420.0 524.0 120.0 outlying
6444.0 4416.0 288.0 100.0 their

3932.0 4532.0 404.0 92.0 hotiics
4388.0 4528.0 108.0 100.0 In
4568.0 4528.0 300.0 104.0 West
4924.0 4528.0 512.0 108.0 Lincoln.

4052.0 4640.0 448.0 104.0 Several
4552.0 4644.0 284.0 124.0 days
4880.0 4676.0 208.0 88.0 ago
5140.0 4652.0 184.0 96.0 the
5376.0 4648.0 244.0 104.0 Idea
5728.0 4656.0 124.0 96.0 of
5960.0 4676.0 140.0 76.0 nn
6200.0 4648.0 472.0 124.0 adjourn-

3936.0 4764.0 316.0 96.0 ment
4292.0 4764.0 120.0 92.0 of
4464.0 4772.0 288.0 92.0 trom
4804.0 4787.0 220.0 80.0 one
5064.0 4768.0 312.0 100.0 week
5424.0 4776.0 112.0 92.0 to
5588.0 4776.0 184.0 92.0 ten
5848.0 4768.0 284.0 124.0 days
6180.0 4784.0 116.0 84.0 to
6344.0 4768.0 404.0 100.0 enable

3936.0 4896.0 336.0 100.0 every
4316.0 4880.0 492.0 104.0 member
4804.0 4952.0 32.0 40.0 ,
4944.0 4884.0 588.0 104.0 tneichant
5632.0 4884.0 240.0 104.0 and
5972.0 4880.0 772.0 128.0 professional

3940.0 5012.0 256.0 80.0 man
4248.0 4996.0 224.0 96.0 and
4528.0 5004.0 416.0 96.0 farmer
4988.0 5012.0 112.0 88.0 to
5148.0 5008.0 380.0 96.0 return
5584.0 4999.0 324.0 104.0 homo
5956.0 4999.0 228.0 104.0 and
6240.0 5024.0 256.0 100.0 map
6544.0 5004.0 192.0 92.0 out

3944.0 5112.0 172.0 96.0 his
4160.0 5108.0 396.0 120.0 spring
4604.0 5116.0 516.0 100.0 business
5128.0 5192.0 24.0 44.0 ,
5216.0 5144.0 224.0 72.0 was
5492.0 5124.0 596.0 116.0 suggested
6144.0 5120.0 224.0 100.0 anil
6484.0 5136.0 212.0 92.0 sup

3944.0 5228.0 424.0 116.0 ported.
4496.0 5228.0 244.0 100.0 The
4784.0 5236.0 812.0 120.0 adjournment
5644.0 5236.0 120.0 100.0 of
5808.0 5236.0 560.0 116.0 Saturday
6372.0 5300.0 28.0 44.0 ,
6456.0 5228.0 252.0 100.0 how-

3940.0 5364.0 260.0 76.0 ever
4204.0 5412.0 24.0 48.0 ,
4284.0 5344.0 200.0 100.0 has
4536.0 5348.0 340.0 104.0 killed
4932.0 5351.0 188.0 100.0 thu
5168.0 5351.0 428.0 120.0 project
5644.0 5356.0 224.0 100.0 and
5928.0 5356.0 84.0 96.0 It
6064.0 5351.0 92.0 100.0 is
6212.0 5372.0 260.0 76.0 now
6564.0 5372.0 140.0 76.0 ex-

3948.0 5460.0 384.0 116.0 pected
4384.0 5464.0 244.0 100.0 that
4676.0 5464.0 268.0 104.0 with
4996.0 5472.0 188.0 96.0 the
5220.0 5468.0 596.0 124.0 exception
5868.0 5476.0 124.0 92.0 ot
6040.0 5496.0 64.0 72.0 a
6160.0 5468.0 220.0 100.0 few
6432.0 5464.0 320.0 96.0 short

3944.0 5576.0 868.0 116.0 adjournments
4860.0 5584.0 184.0 100.0 thn
5088.0 5588.0 432.0 100.0 session
5584.0 5588.0 224.0 100.0 will
5924.0 5588.0 132.0 96.0 ho
6104.0 5580.0 480.0 104.0 brought
6640.0 5588.0 112.0 88.0 tea

3944.0 5716.0 60.0 72.0 a
4056.0 5699.0 416.0 112.0 sueedy
4520.0 5696.0 764.0 108.0 termination.
5456.0 5699.0 244.0 104.0 The
5808.0 5699.0 436.0 100.0 Omaha
6324.0 5699.0 428.0 96.0 chattel

3940.0 5816.0 432.0 92.0 cannot
4412.0 5820.0 136.0 92.0 he
4588.0 5820.0 476.0 100.0 reached
5160.0 5816.0 388.0 108.0 hefoio
5656.0 5816.0 720.0 120.0 Wednesday
6384.0 5884.0 28.0 48.0 ,
6532.0 5808.0 224.0 104.0 and

3952.0 5924.0 476.0 120.0 perhaps
4480.0 5940.0 196.0 92.0 not
4720.0 5956.0 284.0 80.0 even
5088.0 5932.0 304.0 108.0 then.

4436.0 6172.0 644.0 100.0 Rnllrnatl
5164.0 6180.0 440.0 96.0 Hoiuls
5688.0 6180.0 600.0 100.0 Cnrrloil.

4072.0 6308.0 364.0 104.0 YOHK
4444.0 6380.0 28.0 48.0 ,
4532.0 6312.0 268.0 108.0 Neb.
4824.0 6388.0 24.0 48.0 ,
4912.0 6316.0 380.0 104.0 March
5340.0 6324.0 88.0 96.0 7.
5576.0 6316.0 488.0 128.0 jSpeclal
6164.0 6312.0 592.0 116.0 Telegram

3956.0 6464.0 116.0 88.0 to
4120.0 6452.0 184.0 104.0 the
4356.0 6456.0 348.0 128.0 DEI.J
4844.0 6460.0 240.0 104.0 The
5136.0 6468.0 448.0 96.0 returns
5628.0 6488.0 188.0 76.0 are
5864.0 6460.0 148.0 104.0 all
6072.0 6460.0 112.0 104.0 In
6240.0 6456.0 232.0 108.0 and
6580.0 6456.0 176.0 104.0 the

3960.0 6592.0 356.0 108.0 bonds
4368.0 6596.0 112.0 104.0 In
4532.0 6600.0 184.0 104.0 aid
4768.0 6608.0 112.0 96.0 of
4936.0 6604.0 180.0 104.0 the
5164.0 6608.0 768.0 100.0 construction
6012.0 6604.0 124.0 100.0 of
6232.0 6600.0 188.0 104.0 the
6524.0 6596.0 204.0 108.0 Fre-

3960.0 6755.0 320.0 84.0 mont
4284.0 6816.0 24.0 44.0 ,
4388.0 6740.0 504.0 108.0 Elk-horn
4980.0 6755.0 108.0 92.0 &
5176.0 6744.0 536.0 108.0 Missouri
5792.0 6744.0 424.0 124.0 Valley
6300.0 6740.0 460.0 120.0 lallw.iy

3960.0 6880.0 284.0 104.0 have
4284.0 6884.0 432.0 108.0 carried
4768.0 6888.0 112.0 104.0 In
4936.0 6916.0 336.0 92.0 every
5320.0 6888.0 604.0 116.0 township.
6064.0 6884.0 284.0 104.0 This
6428.0 6880.0 92.0 108.0 is
6572.0 6884.0 188.0 100.0 the

3960.0 7024.0 172.0 100.0 air
4232.0 7024.0 228.0 108.0 line
4568.0 7032.0 288.0 100.0 ftom
4996.0 7035.0 532.0 100.0 Fremont
5648.0 7039.0 112.0 92.0 to
5888.0 7032.0 480.0 100.0 Denver.
6544.0 7028.0 216.0 100.0 The

3964.0 7168.0 680.0 120.0 boomlngof
4684.0 7200.0 452.0 76.0 cannon
5192.0 7175.0 224.0 100.0 and
5464.0 7172.0 508.0 120.0 displays
6016.0 7175.0 124.0 96.0 of
6192.0 7164.0 568.0 108.0 llrewotks

3960.0 7304.0 228.0 104.0 and
4240.0 7308.0 484.0 108.0 bonfires
4764.0 7315.0 484.0 100.0 attested
5300.0 7315.0 144.0 100.0 Ihi
5456.0 7340.0 28.0 72.0 !
5556.0 7312.0 432.0 104.0 feeling
6028.0 7312.0 124.0 96.0 of
6244.0 7336.0 204.0 76.0 our
6500.0 7336.0 208.0 80.0 pee

3964.0 7424.0 212.0 120.0 ple.
4304.0 7428.0 552.0 112.0 Securing
4904.0 7428.0 220.0 104.0 this
5176.0 7432.0 264.0 100.0 road
5532.0 7432.0 316.0 116.0 gives
5952.0 7428.0 308.0 100.0 York
6320.0 7456.0 64.0 72.0 a
6428.0 7428.0 332.0 100.0 direcl

3960.0 7540.0 652.0 124.0 competing
4656.0 7544.0 232.0 104.0 line
4936.0 7548.0 268.0 100.0 with
5256.0 7548.0 488.0 116.0 Chicago
5780.0 7548.0 232.0 100.0 and
6052.0 7548.0 188.0 100.0 the
6284.0 7544.0 476.0 104.0 markets

3960.0 7656.0 132.0 96.0 of
4192.0 7656.0 200.0 100.0 the
4488.0 7667.0 272.0 92.0 east.
4956.0 7660.0 316.0 104.0 York
5360.0 7664.0 100.0 100.0 Is
5536.0 7688.0 152.0 76.0 on
5740.0 7664.0 196.0 100.0 the
5972.0 7688.0 212.0 76.0 esc
6224.0 7667.0 132.0 92.0 of
6396.0 7688.0 156.0 76.0 an
6596.0 7688.0 148.0 76.0 ex-

3964.0 7776.0 440.0 100.0 tensive
4444.0 7772.0 360.0 108.0 boom.
4932.0 7776.0 368.0 104.0 Three
5352.0 7776.0 292.0 104.0 lines
5724.0 7780.0 124.0 100.0 of
5944.0 7780.0 484.0 100.0 railroad
6520.0 7804.0 208.0 80.0 con-

3968.0 7888.0 416.0 104.0 tribute
4432.0 7900.0 116.0 92.0 to
4596.0 7896.0 188.0 100.0 the
4836.0 7896.0 320.0 100.0 boom
5248.0 7896.0 228.0 104.0 and
5564.0 7896.0 324.0 104.0 other
5980.0 7896.0 528.0 104.0 interests
6600.0 7924.0 164.0 76.0 an

3968.0 8008.0 340.0 104.0 being
4356.0 8008.0 404.0 104.0 looked
4812.0 8012.0 320.0 104.0 after.
5276.0 8012.0 264.0 104.0 Re.il
5592.0 8023.0 356.0 92.0 estate
6040.0 8016.0 92.0 100.0 Is
6220.0 8008.0 468.0 108.0 doublln
6736.0 8044.0 28.0 84.0 i

3968.0 8124.0 444.0 120.0 rapidly
4460.0 8124.0 116.0 104.0 In
4632.0 8132.0 320.0 100.0 value
5000.0 8132.0 224.0 100.0 and
5280.0 8156.0 252.0 76.0 new
5580.0 8128.0 580.0 104.0 additions
6236.0 8156.0 184.0 76.0 are
6468.0 8132.0 296.0 116.0 dailj

3972.0 8240.0 340.0 120.0 being
4360.0 8244.0 460.0 116.0 platted.
4948.0 8244.0 244.0 104.0 The
5248.0 8260.0 452.0 108.0 present
5748.0 8256.0 236.0 92.0 rate
6052.0 8248.0 120.0 100.0 of
6268.0 8248.0 436.0 104.0 Increas
6748.0 8276.0 16.0 68.0 i

3980.0 8360.0 116.0 96.0 In
4152.0 8368.0 520.0 112.0 property
4728.0 8364.0 380.0 100.0 values
5160.0 8368.0 228.0 100.0 will
5440.0 8364.0 312.0 120.0 place
5800.0 8360.0 556.0 108.0 desirable
6404.0 8368.0 224.0 100.0 lots
6680.0 8371.0 84.0 92.0 ai

3980.0 8496.0 596.0 88.0 enormous
4688.0 8480.0 404.0 104.0 fizures
5200.0 8484.0 380.0 100.0 before
5688.0 8480.0 188.0 104.0 the
5980.0 8484.0 300.0 104.0 close
6388.0 8484.0 116.0 100.0 of
6604.0 8488.0 160.0 96.0 tlu

3980.0 8592.0 524.0 120.0 building
4560.0 8624.0 440.0 76.0 season.

4228.0 8808.0 744.0 120.0 Kearney's
5032.0 8820.0 376.0 92.0 Move
5488.0 8820.0 264.0 96.0 For
5804.0 8820.0 764.0 96.0 Grorttnesa.

4108.0 8948.0 672.0 120.0 KEAKNKY.
4852.0 8952.0 272.0 108.0 Xeb.
5144.0 9028.0 24.0 44.0 ,
5264.0 8956.0 384.0 104.0 March
5712.0 8964.0 88.0 104.0 7.
5952.0 8960.0 32.0 124.0 [
5996.0 8956.0 452.0 124.0 Special
6496.0 8952.0 272.0 108.0 Tele-

3988.0 9120.0 308.0 88.0 gram
4348.0 9100.0 112.0 96.0 to
4508.0 9096.0 188.0 100.0 the
4748.0 9096.0 216.0 104.0 Hit
4892.0 9124.0 24.0 76.0 :
4980.0 9124.0 24.0 76.0 :
5012.0 9172.0 28.0 24.0 .
5072.0 9100.0 20.0 124.0 |
5236.0 9108.0 160.0 96.0 At
5480.0 9128.0 64.0 76.0 a
5628.0 9100.0 308.0 120.0 large
5988.0 9112.0 232.0 92.0 and
6312.0 9096.0 456.0 108.0 cnthusl

3992.0 9236.0 280.0 100.0 astic
4316.0 9240.0 496.0 124.0 meeting
4856.0 9244.0 120.0 96.0 of
5016.0 9240.0 472.0 104.0 citizens
5536.0 9244.0 124.0 100.0 of
5748.0 9240.0 524.0 124.0 Kearney
6316.0 9240.0 436.0 116.0 to-nigh

4000.0 9372.0 84.0 104.0 It
4176.0 9404.0 224.0 76.0 was
4504.0 9380.0 808.0 124.0 unanimously
5396.0 9384.0 408.0 116.0 ajreed
5916.0 9392.0 112.0 92.0 to
6136.0 9384.0 528.0 112.0 oiganfro
6732.0 9412.0 36.0 72.0 r

3992.0 9516.0 340.0 108.0 bo.ird
4384.0 9528.0 120.0 92.0 of
4572.0 9524.0 312.0 104.0 trade
4972.0 9528.0 244.0 104.0 that
5264.0 9528.0 228.0 104.0 will
5588.0 9528.0 324.0 104.0 make
5960.0 9528.0 388.0 104.0 Grand
6412.0 9524.0 336.0 104.0 Islam
6756.0 9524.0 16.0 100.0 !

3996.0 9639.0 228.0 100.0 and
4340.0 9639.0 548.0 108.0 Hastings
4992.0 9672.0 340.0 76.0 green
5428.0 9648.0 276.0 96.0 with
5816.0 9668.0 332.0 92.0 envy.
6340.0 9643.0 432.0 100.0 Sexcra

4000.0 9756.0 452.0 108.0 leading
4504.0 9760.0 328.0 104.0 roads
4920.0 9760.0 432.0 104.0 buMdes
5424.0 9760.0 188.0 104.0 the
5668.0 9760.0 388.0 104.0 Union
6116.0 9760.0 408.0 104.0 Pacific
6596.0 9783.0 176.0 76.0 am

4012.0 9872.0 116.0 100.0 D.
4184.0 9876.0 292.0 104.0 AM.
4568.0 9904.0 188.0 76.0 are
4840.0 9880.0 584.0 100.0 ccntcilng
5532.0 9876.0 264.0 104.0 here
5880.0 9876.0 228.0 104.0 and
6208.0 9880.0 228.0 100.0 will
6512.0 9876.0 260.0 100.0 have

4004.0 9987.0 292.0 100.0 their
4340.0 9987.0 360.0 104.0 trains
4748.0 9995.0 508.0 116.0 running
5344.0 9999.0 112.0 100.0 In
5512.0 9995.0 188.0 100.0 the
5744.0 9995.0 232.0 120.0 city
6024.0 9991.0 380.0 104.0 before
6476.0 10020.0 296.0 72.0 sno\\

4004.0 10108.0 232.0 100.0 lllfc-j
4244.0 10180.0 28.0 44.0 ,
4320.0 10108.0 224.0 100.0 and
4600.0 10120.0 116.0 92.0 to
4764.0 10112.0 284.0 116.0 keep
5136.0 10108.0 388.0 108.0 thluss
5572.0 10120.0 464.0 108.0 moving
6088.0 10135.0 204.0 76.0 our
6332.0 10108.0 440.0 108.0 cltl/en1

4004.0 10232.0 312.0 92.0 want
4464.0 10232.0 116.0 92.0 to
4732.0 10252.0 624.0 88.0 encourage
5484.0 10228.0 928.0 112.0 nianufactuiing
6544.0 10228.0 228.0 96.0 will

4004.0 10351.0 352.0 88.0 water
4452.0 10368.0 388.0 92.0 power
5016.0 10343.0 776.0 124.0 unparalleled
5940.0 10343.0 124.0 100.0 in
6192.0 10343.0 196.0 100.0 the
6496.0 10347.0 280.0 96.0 state

4008.0 10456.0 628.0 140.0 Kearney's
4720.0 10456.0 468.0 104.0 etllzens
5280.0 10464.0 284.0 96.0 have
5652.0 10456.0 708.0 104.0 determined
6452.0 10464.0 112.0 92.0 to
6656.0 10460.0 120.0 96.0 become

4008.0 10596.0 312.0 80.0 como
4412.0 10576.0 188.0 100.0 the
4688.0 10576.0 300.0 100.0 third
5076.0 10576.0 232.0 116.0 city
5400.0 10576.0 112.0 96.0 in
5608.0 10572.0 620.0 104.0 Nebraska.
6408.0 10572.0 188.0 104.0 All
6664.0 10600.0 104.0 72.0 ai

4008.0 10695.0 724.0 112.0 rangements
4820.0 10716.0 288.0 76.0 were
5200.0 10691.0 320.0 100.0 made
5608.0 10691.0 224.0 100.0 and
5924.0 10691.0 504.0 116.0 Monday
6500.0 10687.0 268.0 120.0 nigh

4012.0 10820.0 272.0 88.0 next
4328.0 10808.0 188.0 104.0 the
4564.0 10808.0 776.0 120.0 organization
5396.0 10808.0 232.0 100.0 will
5676.0 10808.0 132.0 104.0 bo
5852.0 10804.0 680.0 124.0 completed.

4428.0 11055.0 104.0 88.0 A
4588.0 11047.0 488.0 112.0 Younc
5160.0 11047.0 396.0 96.0 Glrl'rt
5632.0 11051.0 764.0 112.0 Depravity.

4128.0 11187.0 1012.0 104.0 COI.U.MIIUXeb.
5144.0 11263.0 24.0 28.0 .
5184.0 11263.0 28.0 48.0 ,
5312.0 11187.0 384.0 104.0 March
5780.0 11195.0 92.0 96.0 7.
6020.0 11187.0 36.0 128.0 [
6068.0 11183.0 440.0 128.0 Special
6556.0 11183.0 200.0 104.0 Tel

4012.0 11352.0 372.0 84.0 ecram
4464.0 11340.0 124.0 92.0 to
4672.0 11331.0 188.0 100.0 the
4912.0 11331.0 212.0 104.0 DKI
5136.0 11356.0 32.0 80.0 :
5184.0 11331.0 36.0 124.0 ]
5360.0 11331.0 324.0 116.0 Mary
5736.0 11331.0 248.0 100.0 Fita
5996.0 11403.0 24.0 36.0 ,
6072.0 11360.0 64.0 72.0 a
6184.0 11331.0 220.0 112.0 girl
6452.0 11331.0 304.0 100.0 undo
6772.0 11360.0 8.0 68.0 :

4020.0 11471.0 508.0 104.0 fourteen
4580.0 11500.0 324.0 96.0 years
4948.0 11480.0 124.0 92.0 of
5116.0 11500.0 204.0 80.0 aie
5328.0 11547.0 24.0 44.0 ,
5408.0 11500.0 232.0 76.0 was
5680.0 11480.0 260.0 96.0 sent
5988.0 11471.0 400.0 120.0 to-day
6436.0 11488.0 112.0 84.0 to
6604.0 11471.0 176.0 104.0 the

4016.0 11620.0 408.0 96.0 re-form
4476.0 11615.0 376.0 104.0 school
4900.0 11624.0 112.0 96.0 at
5068.0 11615.0 528.0 124.0 Kearney
5604.0 11687.0 24.0 44.0 ,
5684.0 11615.0 144.0 120.0 by
5936.0 11615.0 376.0 120.0 Judge
6360.0 11611.0 400.0 128.0 Speice
6768.0 11687.0 12.0 32.0 ,

4024.0 11759.0 108.0 100.0 It
4236.0 11755.0 92.0 100.0 is
4376.0 11755.0 276.0 104.0 hard
4696.0 11764.0 112.0 96.0 to
4888.0 11759.0 532.0 104.0 concelvo
5536.0 11755.0 240.0 104.0 thai
5888.0 11784.0 216.0 76.0 one
6212.0 11784.0 128.0 76.0 so
6452.0 11784.0 328.0 96.0 youni

4024.0 11876.0 320.0 100.0 could
4408.0 11876.0 132.0 100.0 be
4584.0 11904.0 128.0 72.0 so
4756.0 11876.0 616.0 100.0 shameless
5420.0 11876.0 228.0 100.0 and
5744.0 11876.0 400.0 100.0 wilful.
6284.0 11872.0 236.0 104.0 She
6604.0 11899.0 172.0 76.0 wa

4020.0 11996.0 492.0 100.0 arrested
4560.0 11996.0 176.0 96.0 for
4784.0 11996.0 720.0 120.0 prostitution
5560.0 11996.0 228.0 96.0 and
5840.0 12016.0 608.0 96.0 vagrancy.
6592.0 11992.0 168.0 100.0 He

4028.0 12116.0 452.0 112.0 parents
4520.0 12136.0 192.0 76.0 are
4816.0 12111.0 700.0 100.0 Industrious
5628.0 12111.0 392.0 120.0 people
6152.0 12107.0 224.0 100.0 ami
6428.0 12132.0 352.0 80.0 cannc

4024.0 12239.0 260.0 88.0 tutu
4336.0 12228.0 200.0 100.0 her
4600.0 12228.0 292.0 100.0 from
4936.0 12228.0 192.0 100.0 the
5168.0 12251.0 304.0 88.0 wajs
5556.0 12232.0 124.0 92.0 ot
5728.0 12224.0 180.0 100.0 .sin
5924.0 12300.0 24.0 36.0 ,
6000.0 12224.0 432.0 116.0 having
6476.0 12228.0 308.0 100.0 takei

4028.0 12344.0 200.0 100.0 her
4272.0 12344.0 324.0 100.0 home
4636.0 12372.0 144.0 72.0 on
4836.0 12344.0 424.0 100.0 several
5348.0 12340.0 584.0 104.0 occasions
5940.0 12416.0 28.0 44.0 ,
6024.0 12344.0 196.0 96.0 but
6268.0 12344.0 204.0 96.0 she
6564.0 12368.0 204.0 72.0 run-

4028.0 12484.0 320.0 84.0 away
4444.0 12463.0 116.0 96.0 to
4608.0 12463.0 180.0 100.0 the
4840.0 12463.0 416.0 100.0 haunts
5300.0 12459.0 124.0 100.0 of
5536.0 12484.0 236.0 76.0 vice
5820.0 12455.0 228.0 104.0 and
6096.0 12455.0 384.0 104.0 eludes
6532.0 12459.0 188.0 100.0 the
6732.0 12459.0 28.0 100.0 !

4036.0 12576.0 604.0 120.0 vigilance.

4396.0 12792.0 716.0 108.0 Dynamite
5176.0 12792.0 476.0 96.0 WorkH
5728.0 12795.0 456.0 92.0 Hlown
6236.0 12792.0 252.0 120.0 Up.

4152.0 12932.0 308.0 100.0 NEW
4508.0 12928.0 364.0 104.0 Yonic
4880.0 13004.0 24.0 48.0 ,
4948.0 12932.0 476.0 100.0 March"
5424.0 13000.0 24.0 32.0 .
5584.0 12928.0 244.0 104.0 The
5856.0 12928.0 588.0 124.0 dynamite
6484.0 12928.0 300.0 104.0 work

4028.0 13076.0 132.0 96.0 of
4196.0 13076.0 272.0 104.0 Mrs.
4504.0 13072.0 328.0 116.0 Mary
4876.0 13076.0 140.0 100.0 A.
5072.0 13072.0 452.0 100.0 Ditmar
5520.0 13151.0 32.0 32.0 ,
5604.0 13076.0 120.0 100.0 at
5776.0 13072.0 244.0 124.0 Uay
6108.0 13072.0 476.0 104.0 Chester
6576.0 13144.0 32.0 44.0 ,
6700.0 13100.0 72.0 72.0 o

4036.0 13216.0 324.0 116.0 Long
4404.0 13212.0 388.0 108.0 Island
4896.0 13216.0 368.0 100.0 sound
5276.0 13287.0 24.0 40.0 ,
5388.0 13216.0 292.0 100.0 blow
5760.0 13240.0 144.0 96.0 up
6032.0 13216.0 176.0 100.0 for
6292.0 13212.0 192.0 104.0 the
6600.0 13216.0 176.0 100.0 flft

4032.0 13363.0 268.0 96.0 time
4344.0 13363.0 116.0 96.0 at
4512.0 13363.0 44.0 92.0 1
4604.0 13356.0 424.0 108.0 o'clock
5080.0 13359.0 384.0 116.0 to-day
5472.0 13427.0 24.0 48.0 ,
5556.0 13356.0 412.0 120.0 killing
6012.0 13379.0 216.0 76.0 one
6280.0 13379.0 260.0 76.0 man
6628.0 13379.0 140.0 76.0 an

4036.0 13499.0 484.0 124.0 leveling
4572.0 13499.0 188.0 104.0 the
4808.0 13496.0 576.0 124.0 buildings
5436.0 13503.0 116.0 96.0 to
5668.0 13496.0 192.0 104.0 the
5948.0 13496.0 480.0 116.0 ground.
6616.0 13496.0 172.0 104.0 Th

4032.0 13643.0 584.0 120.0 explosion
4672.0 13668.0 228.0 76.0 was
4948.0 13643.0 116.0 100.0 In
5168.0 13647.0 188.0 96.0 the
5444.0 13639.0 452.0 112.0 mixing
6028.0 13639.0 388.0 104.0 house.
6604.0 13639.0 172.0 100.0 Th

4040.0 13764.0 272.0 116.0 only
4356.0 13783.0 404.0 96.0 person
4816.0 13764.0 112.0 96.0 in
4968.0 13764.0 188.0 96.0 the
5204.0 13756.0 516.0 120.0 building
5768.0 13768.0 108.0 92.0 at
5928.0 13760.0 192.0 100.0 the
6212.0 13760.0 296.0 100.0 time
6608.0 13783.0 172.0 76.0 wa

4048.0 13876.0 392.0 144.0 Henry
4568.0 13876.0 448.0 100.0 Allison
5032.0 13948.0 28.0 40.0 ,
5212.0 13904.0 68.0 72.0 a
5404.0 13876.0 488.0 100.0 German
6004.0 13876.0 436.0 96.0 laborer
6444.0 13944.0 28.0 48.0 ,
6584.0 13900.0 200.0 76.0 age

4044.0 13991.0 844.0 120.0 twenty-three.
5048.0 13988.0 184.0 100.0 He
5288.0 14016.0 240.0 72.0 was
5564.0 13988.0 436.0 120.0 adding
6040.0 13995.0 196.0 92.0 ttio
6328.0 13988.0 428.0 104.0 chcmic
6760.0 14016.0 32.0 72.0 ;

4052.0 14116.0 112.0 92.0 to
4296.0 14135.0 64.0 72.0 a
4484.0 14112.0 192.0 96.0 vat
4796.0 14112.0 120.0 96.0 of
5040.0 14108.0 188.0 96.0 the
5352.0 14104.0 604.0 120.0 explosive.
6104.0 14104.0 248.0 100.0 The
6512.0 14128.0 280.0 76.0 vest

4052.0 14248.0 232.0 76.0 was
4412.0 14248.0 292.0 96.0 open
4836.0 14228.0 116.0 96.0 at
5076.0 14223.0 188.0 100.0 the
5392.0 14228.0 192.0 112.0 top
5752.0 14219.0 228.0 100.0 and
6152.0 14244.0 232.0 76.0 was
6552.0 14219.0 232.0 100.0 line

4052.0 14340.0 272.0 96.0 with
4380.0 14340.0 288.0 100.0 lead.
4804.0 14340.0 136.0 96.0 In
4996.0 14336.0 188.0 100.0 thu
5232.0 14336.0 792.0 100.0 manufacture
6112.0 14336.0 128.0 96.0 of
6324.0 14332.0 220.0 100.0 tills
6596.0 14336.0 196.0 96.0 nib

4044.0 14456.0 248.0 92.0 lure
4380.0 14452.0 84.0 96.0 It
4556.0 14456.0 92.0 96.0 Is
4700.0 14476.0 588.0 84.0 necessary
5356.0 14456.0 116.0 92.0 to
5528.0 14452.0 284.0 116.0 keep
5876.0 14452.0 192.0 96.0 the
6112.0 14456.0 680.0 112.0 temperatur

4040.0 14575.0 336.0 88.0 down
4468.0 14575.0 120.0 88.0 to
4652.0 14592.0 64.0 68.0 a
4784.0 14563.0 424.0 104.0 certain
5308.0 14559.0 356.0 120.0 point.
5796.0 14559.0 244.0 100.0 The
6084.0 14580.0 516.0 104.0 operator
6644.0 14588.0 136.0 72.0 ev

4040.0 14680.0 400.0 120.0 dently
4544.0 14676.0 472.0 104.0 allowed
5096.0 14680.0 192.0 96.0 the
5372.0 14680.0 748.0 112.0 temperature
6204.0 14684.0 112.0 88.0 to
6408.0 14676.0 216.0 100.0 rise
6676.0 14684.0 112.0 92.0 to

4044.0 14796.0 264.0 116.0 high
4360.0 14796.0 228.0 100.0 and
4636.0 14796.0 192.0 100.0 the
4872.0 14792.0 584.0 112.0 explosion
5504.0 14792.0 572.0 104.0 followed.
6216.0 14792.0 368.0 100.0 There
6628.0 14816.0 164.0 76.0 wa

4044.0 14911.0 344.0 100.0 about
4420.0 14911.0 192.0 96.0 COO
4648.0 14919.0 452.0 108.0 pounds
5180.0 14911.0 132.0 96.0 of
5348.0 14907.0 576.0 120.0 glycerine
5972.0 14911.0 120.0 96.0 In
6144.0 14911.0 196.0 100.0 the
6384.0 14907.0 412.0 104.0 vessel-

4048.0 15028.0 448.0 112.0 enough
4584.0 15036.0 116.0 92.0 to
4748.0 15028.0 292.0 104.0 blow
5124.0 15028.0 192.0 100.0 the
5360.0 15028.0 348.0 100.0 house
5776.0 15028.0 220.0 100.0 and
6056.0 15028.0 676.0 116.0 everything
6784.0 15024.0 12.0 100.0 I

4044.0 15139.0 616.0 104.0 contained
4908.0 15144.0 120.0 100.0 to
5292.0 15144.0 408.0 100.0 atoms.
5996.0 15139.0 248.0 100.0 The
6524.0 15139.0 272.0 100.0 bulk-

4076.0 15259.0 196.0 116.0 Ing
4432.0 15284.0 236.0 76.0 was
4828.0 15255.0 336.0 104.0 about
5328.0 15259.0 312.0 92.0 19x24
5804.0 15255.0 232.0 100.0 feet
6192.0 15255.0 116.0 100.0 In
6440.0 15255.0 348.0 100.0 dimet

4052.0 15376.0 312.0 100.0 slons
4512.0 15372.0 228.0 104.0 and
4880.0 15380.0 228.0 96.0 two
5276.0 15372.0 404.0 100.0 stories
5844.0 15372.0 272.0 120.0 high
6132.0 15444.0 24.0 40.0 ,
6292.0 15372.0 288.0 100.0 built
6744.0 15395.0 52.0 76.0 o

4056.0 15491.0 352.0 108.0 rough
4448.0 15487.0 436.0 104.0 boards.
5016.0 15487.0 368.0 100.0 There
5432.0 15491.0 96.0 96.0 Is
5576.0 15491.0 204.0 96.0 not
5824.0 15516.0 64.0 72.0 a
6004.0 15483.0 428.0 116.0 vestige
6536.0 15487.0 116.0 100.0 of
6776.0 15487.0 20.0 100.0 1

4060.0 15607.0 208.0 104.0 left
4312.0 15615.0 396.0 112.0 except
4756.0 15604.0 328.0 100.0 small
5132.0 15604.0 332.0 100.0 black
5512.0 15604.0 544.0 120.0 splinters
6144.0 15604.0 336.0 100.0 about
6556.0 15607.0 240.0 96.0 thre

4060.0 15747.0 124.0 76.0 or
4228.0 15728.0 256.0 96.0 four
4532.0 15724.0 392.0 100.0 Inches
4972.0 15728.0 300.0 104.0 long.
5400.0 15720.0 248.0 100.0 The
5688.0 15724.0 216.0 100.0 site
6008.0 15720.0 124.0 100.0 of
6236.0 15720.0 192.0 100.0 the
6512.0 15720.0 284.0 100.0 built

4060.0 15839.0 200.0 108.0 Ing
4300.0 15839.0 100.0 104.0 Is
4436.0 15839.0 472.0 100.0 marked
4952.0 15839.0 148.0 112.0 by
5140.0 15864.0 76.0 76.0 a
5248.0 15835.0 264.0 100.0 hole
5552.0 15835.0 344.0 100.0 about
5936.0 15839.0 200.0 96.0 ten
6244.0 15839.0 240.0 96.0 feet
6580.0 15835.0 212.0 100.0 dee

4060.0 15959.0 228.0 100.0 and
4336.0 15963.0 432.0 104.0 twenty
4816.0 15956.0 232.0 100.0 feet
5100.0 15956.0 116.0 96.0 In
5264.0 15952.0 580.0 104.0 diameter.
5916.0 15952.0 244.0 100.0 The
6200.0 15952.0 588.0 104.0 detonallo

4068.0 16099.0 224.0 72.0 was
4344.0 16072.0 344.0 104.0 heard
4732.0 16068.0 692.0 140.0 twenty-tivo
5472.0 16072.0 352.0 100.0 miles.
5960.0 16068.0 248.0 100.0 The
6240.0 16068.0 352.0 100.0 shock
6636.0 16088.0 164.0 80.0 Wii

4068.0 16187.0 212.0 104.0 felt
4444.0 16187.0 160.0 112.0 In.
4728.0 16183.0 156.0 104.0 all
5044.0 16187.0 192.0 100.0 the
5424.0 16183.0 776.0 124.0 sutroundtng
6408.0 16183.0 392.0 120.0 village

4068.0 16307.0 224.0 100.0 and
4392.0 16300.0 400.0 128.0 people
4952.0 16323.0 200.0 80.0 ran
5264.0 16307.0 200.0 92.0 out
5564.0 16304.0 120.0 96.0 of
5876.0 16300.0 188.0 104.0 the
6188.0 16304.0 408.0 100.0 houses
6768.0 16304.0 32.0 96.0 I

4072.0 16451.0 64.0 68.0 a
4344.0 16420.0 348.0 124.0 panic
4696.0 16492.0 28.0 48.0 ,
4892.0 16416.0 548.0 120.0 thinking
5596.0 16424.0 88.0 96.0 it
5848.0 16444.0 144.0 72.0 an
6164.0 16416.0 616.0 124.0 earthquak
6792.0 16459.0 8.0 40.0 <

4076.0 16535.0 584.0 104.0 Windows
4712.0 16560.0 288.0 80.0 were
5044.0 16535.0 424.0 100.0 broken
5548.0 16531.0 392.0 116.0 nearly
6020.0 16556.0 68.0 76.0 a
6176.0 16535.0 268.0 96.0 mile
6536.0 16560.0 264.0 76.0 awa1

4068.0 16656.0 244.0 100.0 The
4424.0 16652.0 748.0 104.0 unfortunate
5276.0 16671.0 380.0 96.0 young
5760.0 16648.0 364.0 100.0 man's
6188.0 16648.0 296.0 120.0 body
6528.0 16632.0 272.0 120.0 couli

4072.0 16780.0 212.0 92.0 not
4320.0 16768.0 156.0 104.0 all
4520.0 16772.0 140.0 100.0 be
4704.0 16772.0 400.0 100.0 found.
5232.0 16751.0 512.0 116.0 Coroner
5796.0 16768.0 276.0 100.0 Tlco
6160.0 16768.0 540.0 120.0 gathered
6748.0 16792.0 56.0 76.0 u

4072.0 16912.0 312.0 76.0 some
4432.0 16883.0 296.0 104.0 teeth
4740.0 16959.0 28.0 44.0 ,
4824.0 16891.0 188.0 96.0 the
5060.0 16883.0 300.0 100.0 skull
5408.0 16895.0 228.0 88.0 and
5704.0 16912.0 68.0 72.0 a
5860.0 16883.0 236.0 100.0 foot
6104.0 16951.0 24.0 28.0 ,
6184.0 16883.0 368.0 100.0 which
6604.0 16908.0 200.0 76.0 wei

4076.0 17008.0 196.0 112.0 put
4316.0 17004.0 244.0 100.0 into
4608.0 17031.0 60.0 72.0 a
4716.0 17004.0 496.0 144.0 package
5316.0 17000.0 224.0 100.0 and
5744.0 17023.0 188.0 76.0 cre
6020.0 16980.0 428.0 120.0 viewed
6516.0 17000.0 136.0 140.0 by
6708.0 17000.0 80.0 100.0 tl
6796.0 17027.0 8.0 68.0 :

4072.0 17111.0 264.0 136.0 jury
4340.0 17192.0 24.0 48.0 ,
4424.0 17107.0 372.0 116.0 which
4844.0 17144.0 236.0 80.0 \\as
5132.0 17116.0 768.0 124.0 Immediately
5952.0 17099.0 704.0 120.0 summoned.

4780.0 17363.0 344.0 96.0 Base
5176.0 17360.0 288.0 96.0 Ball
5528.0 17360.0 676.0 96.0 Business.

4196.0 17500.0 312.0 108.0 Nnw
4556.0 17500.0 368.0 104.0 Yor.K
4932.0 17572.0 24.0 48.0 ,
5032.0 17496.0 380.0 104.0 March
5500.0 17500.0 88.0 100.0 7.
5720.0 17492.0 240.0 108.0 The
6048.0 17496.0 428.0 104.0 annual
6572.0 17519.0 232.0 80.0 mec

4080.0 17651.0 208.0 112.0 Ing
4324.0 17647.0 132.0 96.0 of
4512.0 17643.0 196.0 104.0 the
4788.0 17636.0 552.0 112.0 National
5444.0 17640.0 400.0 120.0 league
5944.0 17640.0 596.0 104.0 convened
6644.0 17640.0 164.0 104.0 hei

4084.0 17791.0 404.0 120.0 to-day.
4620.0 17787.0 244.0 100.0 The
4908.0 17783.0 576.0 124.0 delegates
5536.0 17787.0 224.0 96.0 met
5812.0 17780.0 112.0 104.0 in
6024.0 17783.0 352.0 104.0 secret
6468.0 17780.0 340.0 104.0 sessic

4080.0 17939.0 116.0 96.0 at
4244.0 17955.0 300.0 80.0 noon
4596.0 17927.0 228.0 104.0 and
4912.0 17931.0 272.0 100.0 took
5304.0 17951.0 152.0 100.0 up
5560.0 17923.0 192.0 104.0 the
5856.0 17923.0 516.0 124.0 question
6488.0 17927.0 128.0 100.0 of
6720.0 17927.0 80.0 100.0 tl

4080.0 18071.0 384.0 124.0 eighth
4564.0 18071.0 284.0 104.0 club.
4976.0 18071.0 240.0 100.0 The
5320.0 18067.0 408.0 104.0 matter
5732.0 18143.0 24.0 44.0 ,
5816.0 18071.0 300.0 100.0 after
6200.0 18067.0 608.0 104.0 dlscussloi

4088.0 18244.0 228.0 76.0 was
4368.0 18211.0 492.0 108.0 referred
4948.0 18211.0 484.0 100.0 backto
5508.0 18211.0 192.0 100.0 the
5804.0 18207.0 652.0 104.0 committee
6548.0 18207.0 260.0 104.0 whlc

4080.0 18336.0 220.0 100.0 had
4344.0 18336.0 188.0 100.0 the
4580.0 18336.0 404.0 100.0 matter
5028.0 18332.0 116.0 100.0 In
5200.0 18328.0 408.0 120.0 charge
5656.0 18324.0 272.0 104.0 with
5976.0 18324.0 740.0 108.0 Instructions
6728.0 18328.0 36.0 124.0 !
6796.0 18347.0 12.0 64.0 :

4084.0 18452.0 344.0 100.0 listen
4480.0 18460.0 116.0 92.0 to
4644.0 18447.0 188.0 104.0 the
4880.0 18447.0 444.0 100.0 various
5408.0 18443.0 768.0 120.0 propositions
6240.0 18439.0 252.0 104.0 and
6536.0 18468.0 260.0 88.0 repo

4088.0 18571.0 152.0 96.0 Its
4288.0 18563.0 728.0 104.0 conclusions
5052.0 18567.0 124.0 96.0 to
5252.0 18559.0 196.0 100.0 the
5528.0 18559.0 224.0 100.0 full
5832.0 18559.0 404.0 108.0 league
6272.0 18563.0 120.0 96.0 at
6428.0 18583.0 76.0 72.0 a
6536.0 18563.0 272.0 96.0 subs

4100.0 18688.0 356.0 108.0 Qiicnt
4496.0 18680.0 540.0 104.0 mectlnz.
5152.0 18676.0 244.0 100.0 The
5484.0 18672.0 388.0 116.0 league
5960.0 18680.0 268.0 92.0 then
6284.0 18672.0 528.0 120.0 adjournc

4092.0 18795.0 228.0 100.0 and
4368.0 18824.0 64.0 68.0 a
4492.0 18791.0 644.0 100.0 conimltteo
5200.0 18791.0 120.0 96.0 of
5364.0 18884.0 24.0 24.0 ,
5404.0 18787.0 312.0 100.0 three
5848.0 18787.0 244.0 104.0 Uav
6100.0 18859.0 28.0 40.0 ,
6188.0 18787.0 412.0 108.0 Young
6688.0 18812.0 124.0 76.0 an

4104.0 18907.0 556.0 128.0 Spaldlng
4784.0 18907.0 356.0 116.0 began
5192.0 18904.0 292.0 100.0 their
5516.0 18900.0 340.0 104.0 work.
5988.0 18900.0 244.0 104.0 The
6272.0 18900.0 540.0 104.0 commlttt

4108.0 19047.0 292.0 80.0 were
4448.0 19024.0 116.0 100.0 in
4612.0 19020.0 436.0 108.0 session
5100.0 19020.0 288.0 100.0 until
5432.0 19024.0 60.0 92.0 7
5536.0 19016.0 428.0 104.0 o'clock
6012.0 19020.0 224.0 100.0 and
6288.0 19020.0 524.0 120.0 adjourm

4108.0 19143.0 488.0 100.0 without
4748.0 19135.0 532.0 116.0 reaching
5460.0 19160.0 68.0 76.0 a
5728.0 19135.0 712.0 100.0 conclusion.
6676.0 19135.0 128.0 100.0 Tl

4108.0 19256.0 788.0 120.0 Indianapolis
4940.0 19252.0 564.0 116.0 delegates
5552.0 19248.0 420.0 104.0 offered
6044.0 19252.0 420.0 112.0 812,000
6508.0 19252.0 176.0 100.0 for
6728.0 19252.0 84.0 100.0 tl

4112.0 19372.0 572.0 104.0 franchise
4732.0 19376.0 120.0 96.0 of
4904.0 19372.0 184.0 96.0 the
5132.0 19372.0 176.0 104.0 St.
5372.0 19363.0 656.0 104.0 Loulsclub.
6084.0 19368.0 408.0 100.0 Theftt
6576.0 19363.0 232.0 104.0 Lou

4104.0 19491.0 516.0 116.0 delegate
4660.0 19483.0 480.0 112.0 thought
5220.0 19483.0 196.0 100.0 the
5496.0 19495.0 484.0 88.0 amount
6052.0 19487.0 196.0 96.0 too
6308.0 19483.0 328.0 100.0 small
6644.0 19555.0 28.0 40.0 ,
6720.0 19483.0 96.0 96.0 bi

4108.0 19608.0 240.0 100.0 said
4400.0 19619.0 140.0 88.0 he
4608.0 19604.0 372.0 100.0 would
5028.0 19600.0 528.0 100.0 consider
5604.0 19600.0 88.0 100.0 It
5760.0 19600.0 224.0 100.0 and
6092.0 19604.0 256.0 116.0 give
6452.0 19619.0 140.0 80.0 an
6708.0 19619.0 108.0 80.0 ai

4104.0 19748.0 292.0 76.0 swer
4456.0 19728.0 660.0 96.0 to-morrow
5220.0 19724.0 112.0 92.0 at
5384.0 19724.0 188.0 92.0 the
5684.0 19720.0 116.0 92.0 10
5900.0 19699.0 432.0 120.0 o'clock
6432.0 19715.0 384.0 100.0 sessloi

4108.0 19839.0 244.0 104.0 The
4396.0 19835.0 528.0 104.0 schedule
4972.0 19860.0 232.0 80.0 was
5248.0 19835.0 200.0 96.0 not
5496.0 19831.0 344.0 100.0 taken
5912.0 19855.0 152.0 100.0 up
6116.0 19855.0 208.0 80.0 nor
6372.0 19831.0 192.0 104.0 the
6676.0 19831.0 112.0 104.0 di
6804.0 19864.0 12.0 64.0 :

4108.0 19956.0 312.0 116.0 posal
4464.0 19956.0 124.0 96.0 of
4636.0 19952.0 412.0 120.0 Denny
5096.0 19948.0 224.0 104.0 and
5396.0 19948.0 648.0 104.0 Glasscock.
6172.0 19948.0 244.0 100.0 The
6476.0 19948.0 316.0 100.0 Kans
6804.0 19979.0 12.0 68.0 ;

4112.0 20076.0 260.0 120.0 City
4464.0 20072.0 256.0 104.0 club
4768.0 20076.0 200.0 96.0 has
5012.0 20063.0 672.0 108.0 withdrawn
5740.0 20067.0 148.0 100.0 Its
5936.0 20063.0 280.0 100.0 offer
6260.0 20067.0 120.0 96.0 of
6496.0 20067.0 320.0 112.0 SUO.CK

4112.0 20191.0 180.0 100.0 for
4336.0 20187.0 188.0 104.0 the
4568.0 20187.0 160.0 100.0 St.
4788.0 20183.0 348.0 104.0 Louis
5180.0 20183.0 576.0 100.0 franchise
5760.0 20255.0 28.0 48.0 ,
5904.0 20179.0 364.0 104.0 which
6352.0 20183.0 464.0 120.0 improvt

4112.0 20312.0 184.0 96.0 tha
4396.0 20308.0 488.0 100.0 chances
4988.0 20304.0 124.0 100.0 of
5220.0 20296.0 824.0 120.0 Indianapolis.
6180.0 20300.0 200.0 100.0 Six
6484.0 20300.0 128.0 96.0 of
6724.0 20300.0 80.0 100.0 tl

4108.0 20448.0 340.0 80.0 seven
4556.0 20424.0 396.0 112.0 league
5060.0 20419.0 552.0 100.0 members
5720.0 20440.0 188.0 80.0 are
6016.0 20411.0 700.0 104.0 understood
6808.0 20436.0 12.0 68.0 i

4112.0 20543.0 320.0 100.0 favor
4536.0 20539.0 188.0 100.0 the
4840.0 20531.0 616.0 108.0 "Hooslnrs
5468.0 20611.0 24.0 40.0 ,
5504.0 20531.0 72.0 60.0 "
5688.0 20527.0 236.0 108.0 and
6032.0 20531.0 560.0 124.0 Spaldlng
6600.0 20603.0 28.0 44.0 ,
6736.0 20531.0 80.0 100.0 tl

4112.0 20660.0 268.0 120.0 only
4428.0 20663.0 600.0 116.0 supporter
5084.0 20656.0 128.0 100.0 of
5292.0 20648.0 456.0 104.0 Kansas
5812.0 20648.0 256.0 124.0 City
6072.0 20724.0 32.0 44.0 ,
6152.0 20648.0 248.0 104.0 said
6496.0 20652.0 244.0 100.0 that
6788.0 20652.0 28.0 96.0 I

4116.0 20804.0 228.0 76.0 was
4392.0 20771.0 668.0 120.0 reasonably
5108.0 20796.0 256.0 76.0 sure
5412.0 20767.0 236.0 104.0 that
5708.0 20767.0 784.0 108.0 Indianapolis
6544.0 20767.0 276.0 104.0 woul

4112.0 20895.0 132.0 100.0 bo
4356.0 20891.0 192.0 104.0 the
4652.0 20891.0 388.0 116.0 eighth
5148.0 20887.0 288.0 100.0 club.
5636.0 20883.0 360.0 104.0 Ueacli
6012.0 20959.0 24.0 44.0 ,
6144.0 20887.0 252.0 116.0 iay
6212.0 20895.0 28.0 84.0 )
6400.0 20955.0 28.0 44.0 ,
6548.0 20883.0 264.0 100.0 How

4116.0 21008.0 372.0 104.0 Soden
4504.0 21080.0 24.0 40.0 ,
4584.0 21008.0 432.0 100.0 Hewitt
5020.0 21076.0 28.0 44.0 ,
5100.0 21004.0 412.0 100.0 Shears
5548.0 21004.0 224.0 100.0 and
5824.0 21004.0 452.0 100.0 Conant
6324.0 21027.0 284.0 76.0 were
6656.0 21027.0 164.0 76.0 coi

4116.0 21128.0 352.0 100.0 hdcut
4568.0 21128.0 244.0 100.0 that
4864.0 21115.0 780.0 108.0 Indianapolis
5756.0 21119.0 368.0 104.0 would
6172.0 21119.0 132.0 100.0 be
6352.0 21123.0 188.0 100.0 the
6636.0 21119.0 184.0 104.0 wti

4112.0 21251.0 288.0 112.0 ulug
4440.0 21255.0 304.0 92.0 card.

4460.0 21455.0 516.0 96.0 British
5052.0 21451.0 412.0 96.0 Grain
5540.0 21451.0 440.0 96.0 Trade
6060.0 21451.0 572.0 100.0 Review.

4236.0 21595.0 536.0 104.0 LONDON
4780.0 21667.0 24.0 44.0 ,
4896.0 21591.0 388.0 104.0 March
5372.0 21595.0 60.0 96.0 7
5436.0 21663.0 24.0 36.0 ,
5592.0 21587.0 244.0 100.0 The
5928.0 21587.0 328.0 100.0 Mark
6324.0 21587.0 308.0 100.0 Lane
6724.0 21583.0 92.0 104.0 E

4124.0 21764.0 312.0 100.0 press
4528.0 21735.0 120.0 104.0 in
4740.0 21735.0 144.0 104.0 Us
4976.0 21731.0 436.0 120.0 weekly
5500.0 21727.0 416.0 108.0 review
6004.0 21727.0 124.0 100.0 of
6212.0 21727.0 188.0 104.0 the
6508.0 21727.0 316.0 100.0 Drill'

4124.0 21883.0 320.0 120.0 grain
4496.0 21883.0 316.0 100.0 trade
4860.0 21904.0 256.0 92.0 says
5144.0 21899.0 28.0 80.0 :
5332.0 21871.0 480.0 116.0 English
5864.0 21871.0 368.0 104.0 wheat
6284.0 21895.0 232.0 80.0 was
6560.0 21871.0 248.0 100.0 rath

4128.0 22023.0 396.0 104.0 firmer.
4648.0 22019.0 244.0 104.0 The
4996.0 22015.0 584.0 108.0 condition
5692.0 22015.0 124.0 100.0 of
5928.0 22011.0 492.0 128.0 samples
6528.0 22011.0 96.0 104.0 Is
6736.0 22011.0 72.0 104.0 It

4124.0 22163.0 528.0 128.0 prosing.
4776.0 22159.0 324.0 104.0 Sales
5136.0 22159.0 132.0 100.0 of
5336.0 22155.0 488.0 116.0 English
5868.0 22155.0 380.0 104.0 wheat
6284.0 22155.0 420.0 120.0 during
6752.0 22151.0 76.0 104.0 tl

4132.0 22303.0 316.0 104.0 week
4492.0 22328.0 296.0 80.0 wore
4824.0 22303.0 340.0 96.0 4aSGO
5204.0 22299.0 508.0 124.0 quarters
5760.0 22307.0 116.0 92.0 at
5952.0 22303.0 180.0 92.0 32s
6212.0 22299.0 136.0 100.0 9d
6364.0 22367.0 24.0 44.0 ,
6480.0 22295.0 332.0 120.0 again

4128.0 22427.0 340.0 116.0 71,105
4508.0 22423.0 508.0 120.0 quarters
5060.0 22423.0 116.0 96.0 at
5232.0 22423.0 180.0 96.0 tit's
5328.0 22423.0 24.0 76.0 '
5504.0 22419.0 176.0 96.0 for
5764.0 22416.0 192.0 100.0 the
6040.0 22416.0 772.0 116.0 cotrespondli

4136.0 22540.0 380.0 124.0 period
4604.0 22540.0 124.0 100.0 of
4812.0 22536.0 216.0 104.0 last
5112.0 22560.0 296.0 92.0 year.
5532.0 22531.0 248.0 104.0 Thu
5840.0 22531.0 396.0 116.0 spring
6304.0 22536.0 432.0 116.0 growth

4136.0 22659.0 364.0 100.0 wheat
4552.0 22655.0 92.0 104.0 Is
4692.0 22651.0 508.0 120.0 reported
5252.0 22647.0 488.0 116.0 healthy.
5900.0 22651.0 376.0 100.0 Trade
6320.0 22671.0 116.0 76.0 in
6496.0 22643.0 332.0 116.0 foreit

4136.0 22779.0 372.0 96.0 wheat
4596.0 22771.0 96.0 104.0 Is
4772.0 22771.0 280.0 100.0 slow
5144.0 22768.0 272.0 104.0 with
5504.0 22791.0 68.0 76.0 a
5648.0 22768.0 488.0 100.0 steadier
6180.0 22764.0 432.0 104.0 market
6624.0 22836.0 28.0 48.0 ,
6708.0 22764.0 120.0 100.0 fr

4132.0 22892.0 288.0 104.0 from
4468.0 22888.0 188.0 104.0 the
4704.0 22896.0 380.0 100.0 recent
5132.0 22908.0 504.0 104.0 pressure
5688.0 22888.0 116.0 96.0 to
5848.0 22879.0 240.0 104.0 sell.
6264.0 22879.0 348.0 100.0 Flour
6700.0 22904.0 128.0 80.0 ws

4132.0 23011.0 472.0 116.0 sllghtlv
4644.0 23011.0 548.0 104.0 stronger.
5332.0 22999.0 476.0 104.0 Linseed
5888.0 22995.0 524.0 108.0 declined
6456.0 23007.0 24.0 84.0 (
6488.0 22999.0 136.0 100.0 id.
6760.0 22995.0 68.0 100.0 t

4132.0 23108.0 488.0 136.0 to-day's
4660.0 23123.0 444.0 100.0 market
5136.0 23116.0 376.0 104.0 wheat
5552.0 23143.0 236.0 76.0 was
5832.0 23116.0 380.0 104.0 firmer
6260.0 23116.0 280.0 100.0 with
6584.0 23143.0 72.0 72.0 a
6700.0 23112.0 132.0 104.0 tei

4136.0 23244.0 368.0 120.0 dency
4548.0 23244.0 452.0 112.0 against
5064.0 23235.0 432.0 116.0 buyeis.
5632.0 23231.0 608.0 108.0 American
6332.0 23231.0 256.0 100.0 reds
6660.0 23256.0 168.0 80.0 we

4132.0 23359.0 136.0 104.0 Cd
4316.0 23363.0 420.0 100.0 deater.
4864.0 23355.0 364.0 104.0 Them
5276.0 23375.0 228.0 80.0 was
5580.0 23375.0 148.0 76.0 an
5832.0 23347.0 580.0 104.0 increased
6460.0 23351.0 372.0 100.0 demat

4140.0 23475.0 180.0 100.0 for
4368.0 23475.0 304.0 100.0 Hour.
4808.0 23468.0 604.0 108.0 American
5468.0 23464.0 420.0 108.0 brands
5936.0 23491.0 292.0 76.0 wore
6304.0 23468.0 136.0 100.0 Cd
6532.0 23464.0 264.0 104.0 dear
6804.0 23495.0 28.0 64.0 *

3928.0 23559.0 28.0 76.0 '
4136.0 23615.0 272.0 80.0 corn
4456.0 23592.0 140.0 104.0 3d
4640.0 23587.0 424.0 108.0 dearer.
5200.0 23583.0 404.0 124.0 Uarloy
5608.0 23655.0 24.0 52.0 ,
5688.0 23587.0 244.0 100.0 oats
5980.0 23592.0 228.0 96.0 and
6256.0 23579.0 356.0 104.0 beans
6664.0 23604.0 164.0 80.0 we

4144.0 23711.0 340.0 128.0 quiet.

4616.0 23923.0 272.0 104.0 Sail
4984.0 23923.0 728.0 108.0 Drownlnc
5784.0 23919.0 704.0 100.0 Accident.

4264.0 24075.0 760.0 104.0 CINCINNATI
5036.0 24139.0 24.0 48.0 ,
5104.0 24059.0 392.0 108.0 March
5536.0 24067.0 88.0 96.0 7.
5756.0 24055.0 640.0 124.0 Yesterday
6444.0 24051.0 392.0 104.0 mornli

4148.0 24247.0 272.0 80.0 near
4464.0 24211.0 384.0 128.0 Sciplo
4856.0 24287.0 24.0 44.0 ,
4936.0 24207.0 260.0 108.0 Ind.
5216.0 24279.0 28.0 56.0 ,
5300.0 24203.0 412.0 108.0 Robert
5804.0 24199.0 480.0 108.0 Ulacker
6284.0 24271.0 28.0 52.0 ,
6364.0 24223.0 64.0 76.0 a
6476.0 24195.0 360.0 104.0 wealtl

4148.0 24368.0 420.0 104.0 farmer
4568.0 24435.0 28.0 48.0 ,
4688.0 24355.0 224.0 108.0 and
5004.0 24355.0 176.0 104.0 his
5260.0 24347.0 300.0 112.0 child
5572.0 24423.0 24.0 48.0 ,
5656.0 24351.0 224.0 104.0 two
5972.0 24368.0 324.0 104.0 years
6384.0 24339.0 180.0 104.0 old
6572.0 24411.0 28.0 52.0 ,
6684.0 24359.0 152.0 84.0 we

4144.0 24508.0 540.0 104.0 drowned
4696.0 24580.0 24.0 40.0 ,
4776.0 24499.0 224.0 108.0 and
5048.0 24499.0 280.0 104.0 Mrs.
5396.0 24495.0 464.0 104.0 Ulacker
5912.0 24487.0 224.0 108.0 had
6180.0 24516.0 60.0 76.0 a
6300.0 24508.0 444.0 84.0 narrow
6792.0 24508.0 44.0 80.0 c

4144.0 24652.0 276.0 96.0 cape
4468.0 24627.0 288.0 100.0 from
4800.0 24615.0 636.0 120.0 drowning.
5564.0 24611.0 324.0 124.0 They
5940.0 24631.0 288.0 80.0 were
6316.0 24599.0 520.0 116.0 crossing

4152.0 24739.0 468.0 108.0 swollen
4720.0 24751.0 412.0 88.0 stream
5240.0 24732.0 116.0 104.0 In
5412.0 24755.0 64.0 76.0 a
5524.0 24728.0 288.0 108.0 light
5880.0 24747.0 396.0 96.0 wagon
6376.0 24724.0 324.0 100.0 when
6772.0 24724.0 64.0 96.0 tl

4156.0 24879.0 396.0 96.0 wagon
4604.0 24879.0 232.0 80.0 was
4880.0 24843.0 676.0 112.0 overturned
5608.0 24843.0 228.0 104.0 and
5904.0 24839.0 148.0 104.0 all
6148.0 24864.0 296.0 80.0 were
6532.0 24835.0 304.0 104.0 throv

4156.0 24971.0 480.0 104.0 inlothe
4720.0 24971.0 316.0 104.0 swift
5096.0 24971.0 484.0 100.0 current.
5708.0 24955.0 272.0 104.0 Mrs.
6040.0 24955.0 476.0 104.0 Ulacker
6560.0 24975.0 280.0 88.0 cans

4160.0 25088.0 188.0 104.0 the
4396.0 25111.0 396.0 92.0 wagon
4848.0 25084.0 272.0 108.0 VTitli
5160.0 25103.0 220.0 80.0 one
5476.0 25080.0 304.0 104.0 hand
5872.0 25076.0 228.0 100.0 and
6188.0 25072.0 260.0 104.0 held
6536.0 25072.0 200.0 100.0 her
6800.0 25076.0 28.0 96.0 1

4164.0 25207.0 252.0 100.0 fant
4528.0 25207.0 116.0 100.0 In
4756.0 25203.0 188.0 104.0 the
5048.0 25199.0 320.0 104.0 other
5452.0 25191.0 300.0 108.0 until
5844.0 25187.0 392.0 124.0 nearly
6324.0 25187.0 480.0 104.0 exhaust
6808.0 25216.0 32.0 68.0 *

4172.0 25319.0 320.0 100.0 when
4588.0 25319.0 188.0 100.0 the
4876.0 25319.0 304.0 104.0 child
5304.0 25311.0 440.0 128.0 slipped
5872.0 25307.0 292.0 108.0 from
6292.0 25300.0 196.0 108.0 her
6616.0 25327.0 192.0 92.0 era
6820.0 25331.0 20.0 68.0 ;

4180.0 25436.0 472.0 104.0 Ulacker
4696.0 25432.0 284.0 108.0 tried
5032.0 25436.0 116.0 108.0 In
5208.0 25436.0 256.0 100.0 vain
5572.0 25440.0 120.0 92.0 to
5776.0 25447.0 268.0 80.0 save
6132.0 25436.0 188.0 88.0 tlio
6388.0 25419.0 308.0 104.0 child
6760.0 25447.0 64.0 68.0 a

4172.0 25576.0 232.0 76.0 was
4444.0 25551.0 536.0 100.0 drowned
4992.0 25623.0 24.0 28.0 ,
5148.0 25551.0 280.0 100.0 Mrs.
5492.0 25547.0 468.0 104.0 Ularker
6012.0 25568.0 236.0 76.0 was
6340.0 25535.0 456.0 104.0 rescued

4172.0 25671.0 188.0 100.0 the
4464.0 25663.0 372.0 104.0 driver
4920.0 25679.0 224.0 88.0 ana
5236.0 25659.0 600.0 108.0 witnessed
5944.0 25655.0 192.0 108.0 tlio
6196.0 25655.0 612.0 108.0 drowning

4172.0 25788.0 204.0 100.0 her
4412.0 25784.0 520.0 104.0 husb.uid
5008.0 25780.0 236.0 104.0 and
5280.0 25780.0 344.0 108.0 child.
5760.0 25780.0 96.0 100.0 It
5908.0 25771.0 100.0 108.0 is
6056.0 25771.0 384.0 108.0 feared
6500.0 25771.0 200.0 104.0 sliu
6756.0 25795.0 88.0 80.0 vy

4176.0 25899.0 232.0 108.0 lose
4452.0 25899.0 196.0 108.0 her
4696.0 25895.0 324.0 108.0 mind
5064.0 25899.0 296.0 104.0 from
5404.0 25895.0 188.0 104.0 the
5640.0 25895.0 384.0 104.0 shock.

4984.0 26143.0 592.0 116.0 Chicago
5684.0 26143.0 436.0 100.0 Crook
6140.0 26163.0 56.0 68.0 *
6196.0 26208.0 32.0 32.0 .

4320.0 26287.0 584.0 104.0 CHICAGO
4912.0 26359.0 24.0 44.0 ,
4992.0 26280.0 380.0 108.0 Maich
5416.0 26287.0 88.0 100.0 7.
5632.0 26280.0 244.0 104.0 The
5920.0 26280.0 328.0 108.0 order
6288.0 26276.0 168.0 108.0 for
6492.0 26299.0 64.0 80.0 a
6588.0 26299.0 256.0 104.0 spec

4212.0 26431.0 364.0 120.0 grand
4616.0 26427.0 264.0 124.0 jury
4928.0 26447.0 232.0 80.0 was
5200.0 26424.0 464.0 108.0 entered
5692.0 26424.0 124.0 108.0 In
5892.0 26424.0 188.0 104.0 the
6116.0 26420.0 528.0 112.0 criminal
6688.0 26443.0 156.0 76.0 coi

4204.0 26575.0 140.0 132.0 by
4420.0 26571.0 380.0 116.0 JntlKO
4900.0 26567.0 564.0 112.0 Anthony
5564.0 26564.0 376.0 116.0 to-day
5944.0 26635.0 28.0 36.0 ,
6084.0 26591.0 152.0 76.0 on
6352.0 26560.0 424.0 108.0 motion

4196.0 26687.0 416.0 104.0 State's
4660.0 26692.0 560.0 116.0 Attorney
5268.0 26683.0 552.0 104.0 Grlnuell.
5908.0 26683.0 248.0 104.0 The
6200.0 26679.0 416.0 116.0 special
6652.0 26700.0 192.0 100.0 pat

4196.0 26807.0 100.0 100.0 is
4336.0 26811.0 544.0 112.0 expected
4928.0 26807.0 116.0 96.0 to
5144.0 26799.0 520.0 104.0 consider
5776.0 26799.0 192.0 100.0 the
6080.0 26799.0 468.0 116.0 charges
6608.0 26795.0 124.0 96.0 of
6772.0 26819.0 60.0 76.0 c

4196.0 26923.0 452.0 120.0 ruptinn
4700.0 26919.0 448.0 120.0 against
5188.0 26916.0 440.0 104.0 certain
5680.0 26912.0 552.0 104.0 members
6280.0 26919.0 116.0 92.0 ot
6448.0 26912.0 192.0 104.0 the
6684.0 26912.0 160.0 100.0 Co

4200.0 27044.0 420.0 116.0 couuty
4664.0 27035.0 340.0 104.0 board
5044.0 27031.0 224.0 104.0 and
5316.0 27039.0 424.0 112.0 county
5804.0 27039.0 724.0 96.0 contractors.

4892.0 27299.0 620.0 100.0 Warfare
5584.0 27323.0 136.0 72.0 in
5796.0 27295.0 468.0 104.0 Africa
6260.0 27363.0 40.0 32.0 ,

4316.0 27443.0 400.0 112.0 HOMK.
4772.0 27439.0 376.0 104.0 March
5192.0 27439.0 92.0 104.0 7.
5412.0 27431.0 244.0 108.0 The
5700.0 27431.0 512.0 116.0 Ttlbtma
6264.0 27431.0 368.0 128.0 prints
6680.0 27459.0 68.0 76.0 a
6788.0 27431.0 60.0 108.0 d

4200.0 27587.0 332.0 120.0 patch
4584.0 27603.0 292.0 88.0 tram
4928.0 27579.0 616.0 108.0 Mustowah
5596.0 27599.0 120.0 80.0 sa
5720.0 27603.0 56.0 108.0 >
5804.0 27571.0 200.0 112.0 lng
6056.0 27575.0 244.0 108.0 that
6344.0 27575.0 188.0 104.0 the
6568.0 27571.0 284.0 124.0 king

4204.0 27723.0 624.0 124.0 Abyssinia
4904.0 27727.0 100.0 100.0 Is
5048.0 27719.0 588.0 108.0 marching
5672.0 27723.0 124.0 100.0 1o
5844.0 27715.0 540.0 120.0 tioggiam
6436.0 27715.0 228.0 104.0 and
6708.0 27739.0 132.0 80.0 su

4092.0 27828.0 40.0 144.0 {
4204.0 27847.0 412.0 104.0 mooed
4668.0 27871.0 64.0 76.0 a
4776.0 27839.0 448.0 132.0 portion
5320.0 27839.0 124.0 104.0 of
5548.0 27835.0 228.0 108.0 lta.3
5824.0 27831.0 544.0 108.0 HlouaU's
6456.0 27843.0 380.0 116.0 troops

4096.0 27935.0 40.0 132.0 1
4196.0 27968.0 248.0 132.0 Join
4488.0 27964.0 276.0 108.0 fjitu.
4808.0 28055.0 20.0 32.0 .

6900.0 2544.0 520.0 232.0 STILL
7704.0 2536.0 848.0 240.0 CLINGING
8764.0 2536.0 224.0 236.0 TO
9252.0 2532.0 404.0 240.0 LIFE
9676.0 2712.0 8.0 56.0 ,

6948.0 3076.0 548.0 132.0 kecber's
7540.0 3076.0 560.0 164.0 Struggle
8136.0 3076.0 332.0 128.0 With
8516.0 3076.0 204.0 128.0 tbo
8808.0 3068.0 256.0 136.0 Fell
9116.0 3072.0 548.0 168.0 Destroj-e
9672.0 3116.0 16.0 80.0 :

7696.0 3264.0 448.0 128.0 Almost
8216.0 3280.0 124.0 108.0 at
8412.0 3304.0 140.0 84.0 an
8628.0 3260.0 244.0 128.0 End
8888.0 3344.0 20.0 40.0 ,

6912.0 3632.0 1016.0 112.0 GRADUALLY
8060.0 3628.0 796.0 112.0 GROWING
8988.0 3624.0 692.0 112.0 WEAKER

6980.0 4012.0 140.0 96.0 lo
7296.0 4012.0 640.0 100.0 Kcmnlns
8052.0 4008.0 620.0 116.0 Untlrcly
8824.0 4004.0 844.0 100.0 Unconselott

7036.0 4184.0 488.0 104.0 IJurlni
7520.0 4212.0 40.0 80.0 :
7612.0 4180.0 228.0 100.0 the
7908.0 4184.0 268.0 136.0 lp.y
8264.0 4176.0 600.0 100.0 Without
8944.0 4184.0 288.0 108.0 Any
9312.0 4172.0 244.0 100.0 l'cr
9576.0 4212.0 40.0 36.0 >

7272.0 4348.0 588.0 120.0 ccptllilc
7936.0 4348.0 556.0 112.0 Clinncc
8696.0 4344.0 688.0 100.0 Relatives

7460.0 4520.0 456.0 116.0 Hurry
7996.0 4532.0 132.0 84.0 to
8228.0 4520.0 232.0 96.0 Ilia
8564.0 4516.0 628.0 100.0 Ucilslito.

7568.0 4880.0 712.0 100.0 Beeclior's
8344.0 4876.0 764.0 100.0 Condition.

7052.0 5016.0 308.0 108.0 Nr.w
7408.0 5016.0 356.0 108.0 VOIIK
7776.0 5092.0 24.0 44.0 ,
7856.0 5016.0 384.0 108.0 March
8288.0 5024.0 88.0 96.0 7.
8520.0 5012.0 96.0 104.0 It
8668.0 5040.0 228.0 76.0 was
8944.0 5040.0 64.0 76.0 a
9060.0 5036.0 264.0 96.0 very
9376.0 5032.0 296.0 80.0 wear
9680.0 5036.0 16.0 96.0 ;

6972.0 5160.0 296.0 124.0 light
7316.0 5160.0 240.0 104.0 thai
7608.0 5164.0 188.0 100.0 the
7828.0 5160.0 548.0 104.0 members
8428.0 5156.0 120.0 104.0 of
8596.0 5156.0 188.0 104.0 the
8832.0 5152.0 488.0 104.0 Heccher
9352.0 5152.0 344.0 104.0 house

6980.0 5304.0 224.0 104.0 lold
7312.0 5332.0 140.0 92.0 pa
7524.0 5304.0 192.0 104.0 scd
7828.0 5304.0 212.0 104.0 last
8136.0 5296.0 356.0 132.0 night.
8688.0 5300.0 248.0 104.0 One
9044.0 5300.0 140.0 120.0 by
9224.0 5324.0 220.0 76.0 one
9492.0 5292.0 184.0 104.0 the

6944.0 5444.0 372.0 108.0 would
7364.0 5444.0 468.0 124.0 silently
7876.0 5472.0 320.0 80.0 move
8248.0 5448.0 112.0 100.0 In
8416.0 5444.0 224.0 104.0 and
8692.0 5448.0 196.0 96.0 out
8956.0 5440.0 124.0 104.0 of
9168.0 5440.0 188.0 104.0 the
9424.0 5444.0 252.0 96.0 deal

6936.0 5588.0 528.0 108.0 chamber
7468.0 5664.0 28.0 40.0 ,
7592.0 5592.0 400.0 104.0 taitlng
8100.0 5588.0 292.0 108.0 Ihclr
8496.0 5596.0 324.0 92.0 turns
8928.0 5592.0 112.0 96.0 at
9088.0 5584.0 188.0 104.0 the
9364.0 5592.0 320.0 92.0 drear

6948.0 5732.0 312.0 120.0 vigil.
7460.0 5736.0 184.0 104.0 Dr.
7732.0 5732.0 440.0 108.0 Searles
8244.0 5760.0 228.0 76.0 was
8564.0 5736.0 108.0 100.0 at
8752.0 5724.0 180.0 108.0 his
9020.0 5732.0 252.0 112.0 post
9320.0 5724.0 120.0 104.0 of
9484.0 5720.0 200.0 108.0 dut

6948.0 5880.0 484.0 104.0 without
7484.0 5876.0 772.0 104.0 Intermission
8312.0 5872.0 296.0 108.0 unlll
8668.0 5868.0 392.0 120.0 nearly
9152.0 5872.0 60.0 96.0 0
9300.0 5864.0 400.0 108.0 o'clock

6956.0 6020.0 328.0 104.0 when
7340.0 6020.0 136.0 108.0 he
7524.0 6028.0 528.0 96.0 relumed
8104.0 6028.0 116.0 96.0 lo
8268.0 6016.0 176.0 104.0 his
8492.0 6016.0 360.0 104.0 home.
8940.0 6012.0 268.0 108.0 Mrs.
9268.0 6008.0 432.0 108.0 Ucechc

6972.0 6164.0 200.0 104.0 liad
7264.0 6164.0 272.0 128.0 kepi
7628.0 6164.0 360.0 108.0 watch
8064.0 6191.0 264.0 76.0 over
8416.0 6164.0 188.0 104.0 the
8688.0 6160.0 244.0 104.0 sick
8984.0 6184.0 260.0 76.0 man
9320.0 6156.0 284.0 104.0 most
9652.0 6180.0 48.0 76.0 c

6972.0 6308.0 176.0 104.0 the
7196.0 6308.0 324.0 120.0 night
7528.0 6384.0 28.0 44.0 ,
7620.0 6312.0 440.0 112.0 fearing
8132.0 6304.0 244.0 108.0 that
8440.0 6304.0 140.0 104.0 he
8648.0 6300.0 356.0 128.0 might
9104.0 6328.0 260.0 96.0 pass
9456.0 6324.0 164.0 76.0 aw
9636.0 6324.0 60.0 76.0 a-

6964.0 6448.0 108.0 108.0 In
7132.0 6456.0 196.0 100.0 her
7392.0 6452.0 504.0 104.0 absence.
8092.0 6448.0 224.0 104.0 She
8392.0 6444.0 188.0 104.0 did
8596.0 6516.0 24.0 52.0 ,
8696.0 6444.0 524.0 104.0 however
9220.0 6516.0 28.0 44.0 ,
9344.0 6436.0 260.0 108.0 take

6964.0 6596.0 220.0 100.0 few
7236.0 6592.0 368.0 108.0 hours'
7660.0 6600.0 220.0 100.0 rest
7932.0 6592.0 116.0 104.0 In
8100.0 6592.0 188.0 104.0 the
8340.0 6615.0 308.0 76.0 room
8740.0 6584.0 604.0 128.0 adjoining
9404.0 6584.0 296.0 100.0 wher

6960.0 6736.0 196.0 104.0 Ihe
7188.0 6744.0 476.0 96.0 suITerer
7692.0 6736.0 220.0 124.0 lay.
8004.0 6728.0 704.0 112.0 AlOo'clock
8744.0 6728.0 328.0 108.0 when
9108.0 6728.0 192.0 100.0 Ur.
9336.0 6720.0 368.0 112.0 Searlc

6968.0 6884.0 308.0 96.0 went
7328.0 6880.0 328.0 104.0 home
7704.0 6880.0 224.0 104.0 this
7980.0 6876.0 472.0 104.0 bulletin
8520.0 6899.0 228.0 80.0 was
8804.0 6872.0 376.0 104.0 Issued
9212.0 6892.0 24.0 80.0 :

7092.0 7024.0 208.0 100.0 Mr.
7360.0 7020.0 488.0 108.0 lieecher
7956.0 7020.0 204.0 104.0 lias
8276.0 7024.0 272.0 100.0 been
8664.0 7012.0 592.0 124.0 gradually
9356.0 7008.0 328.0 108.0 faliin

6968.0 7140.0 416.0 116.0 during
7432.0 7140.0 188.0 100.0 the
7672.0 7136.0 352.0 108.0 night.
8168.0 7136.0 212.0 100.0 Ills
8376.0 7140.0 380.0 100.0 death
8812.0 7136.0 92.0 100.0 Is
8940.0 7140.0 188.0 96.0 not
9140.0 7208.0 28.0 48.0 ,
9224.0 7132.0 460.0 100.0 howeve
9696.0 7156.0 8.0 72.0 :

6968.0 7256.0 692.0 124.0 anticipated
7708.0 7268.0 112.0 88.0 at
7864.0 7260.0 492.0 120.0 present.
8376.0 7244.0 64.0 64.0 "

7104.0 7376.0 32.0 108.0 (
7152.0 7368.0 468.0 132.0 Signed.
7640.0 7384.0 32.0 96.0 )
8636.0 7368.0 172.0 104.0 W.
8860.0 7368.0 112.0 104.0 S.
9028.0 7364.0 508.0 104.0 SK.UI.K
9340.0 7387.0 28.0 80.0 :
9624.0 7432.0 24.0 32.0 .

7092.0 7488.0 192.0 100.0 All
7340.0 7488.0 216.0 108.0 day
7608.0 7488.0 472.0 120.0 Sunday
8184.0 7488.0 228.0 100.0 and
8524.0 7484.0 296.0 104.0 until
8928.0 7484.0 564.0 108.0 midnight
9596.0 7480.0 108.0 100.0 th

6972.0 7608.0 388.0 100.0 oflicer
7400.0 7632.0 156.0 76.0 on
7604.0 7603.0 284.0 124.0 duty
7928.0 7616.0 120.0 92.0 at
8092.0 7603.0 196.0 100.0 the
8328.0 7603.0 284.0 100.0 door
8648.0 7608.0 128.0 96.0 of
8816.0 7599.0 196.0 104.0 the
9116.0 7599.0 356.0 100.0 house
9548.0 7620.0 160.0 72.0 wn

6976.0 7724.0 268.0 124.0 kepi
7292.0 7724.0 280.0 112.0 busy
7620.0 7724.0 652.0 104.0 answering
8316.0 7716.0 440.0 128.0 queries
8844.0 7720.0 124.0 100.0 of
9076.0 7716.0 432.0 100.0 friends
9560.0 7736.0 136.0 76.0 an

6976.0 7848.0 608.0 104.0 strangers.
7724.0 7844.0 208.0 96.0 Yor
8036.0 7840.0 340.0 100.0 hours
8484.0 7832.0 392.0 124.0 people
8984.0 7836.0 324.0 100.0 stood
9428.0 7832.0 112.0 100.0 in
9596.0 7828.0 112.0 100.0 th

6972.0 7955.0 248.0 100.0 cold
7236.0 8027.0 24.0 40.0 ,
7312.0 7955.0 340.0 124.0 damp
7704.0 7947.0 1000.0 120.0 weatherlooking
8748.0 7968.0 108.0 84.0 at
8908.0 7951.0 188.0 100.0 the
9160.0 7951.0 348.0 96.0 house
9560.0 7968.0 140.0 76.0 an

6988.0 8072.0 88.0 100.0 It
7128.0 8100.0 228.0 76.0 was
7408.0 8084.0 196.0 88.0 not
7652.0 8076.0 292.0 96.0 until
7996.0 8076.0 188.0 100.0 the
8260.0 8072.0 340.0 108.0 lights
8712.0 8068.0 116.0 100.0 In
8936.0 8080.0 192.0 88.0 tlio
9236.0 8068.0 472.0 100.0 window

6988.0 8216.0 292.0 76.0 were
7324.0 8188.0 488.0 104.0 lowered
7868.0 8188.0 240.0 104.0 that
8216.0 8192.0 184.0 96.0 the
8504.0 8184.0 372.0 104.0 crowd
8988.0 8208.0 228.0 76.0 was
9308.0 8176.0 400.0 108.0 cnlirel

6984.0 8303.0 608.0 120.0 dispersed.
7732.0 8303.0 308.0 104.0 Even
8096.0 8328.0 124.0 76.0 as
8268.0 8303.0 216.0 100.0 lite
8532.0 8332.0 124.0 72.0 as
8704.0 8307.0 48.0 92.0 1
8800.0 8296.0 428.0 108.0 o'clock
9320.0 8320.0 388.0 92.0 person

6988.0 8420.0 476.0 108.0 climbed
7520.0 8447.0 144.0 96.0 up
7712.0 8424.0 184.0 100.0 the
7944.0 8436.0 304.0 108.0 steps
8296.0 8416.0 224.0 104.0 and
8632.0 8416.0 284.0 104.0 tried
9024.0 8420.0 116.0 100.0 to
9248.0 8416.0 264.0 100.0 read
9604.0 8412.0 104.0 100.0 tti

6988.0 8544.0 224.0 100.0 lasl
7256.0 8540.0 572.0 100.0 lmlletlus.

7112.0 8655.0 300.0 104.0 Mosl
7468.0 8659.0 116.0 96.0 of
7632.0 8659.0 188.0 96.0 the
7908.0 8651.0 432.0 104.0 flowers
8384.0 8651.0 256.0 104.0 senl
8688.0 8651.0 112.0 100.0 to
8848.0 8648.0 188.0 104.0 Ihe
9080.0 8644.0 344.0 104.0 house
9488.0 8668.0 224.0 76.0 cam

6996.0 8772.0 288.0 100.0 from
7396.0 8776.0 544.0 100.0 members
8004.0 8780.0 120.0 92.0 of
8192.0 8772.0 188.0 100.0 the
8424.0 8764.0 836.0 120.0 congregation.
9436.0 8760.0 276.0 100.0 Mair

6996.0 8888.0 320.0 104.0 Pond
7368.0 8916.0 228.0 76.0 was
7644.0 8900.0 116.0 92.0 In
7816.0 8888.0 180.0 100.0 the
8048.0 8888.0 344.0 100.0 house
8444.0 8896.0 284.0 88.0 most
8772.0 8888.0 120.0 92.0 of
8976.0 8884.0 188.0 100.0 tlio
9240.0 8880.0 248.0 124.0 day.
9628.0 8871.0 84.0 104.0 II

6996.0 9007.0 232.0 100.0 told
7360.0 9007.0 188.0 100.0 the
7708.0 9000.0 868.0 108.0 circumstances
8740.0 9000.0 620.0 100.0 connected
9524.0 8996.0 188.0 96.0 wit

7008.0 9120.0 576.0 104.0 Heecher's
7628.0 9120.0 308.0 120.0 daily
7988.0 9120.0 716.0 120.0 occupations
8764.0 9112.0 228.0 104.0 insl
9080.0 9112.0 524.0 124.0 previous
9692.0 9116.0 20.0 92.0 I

7000.0 9240.0 184.0 100.0 Iho
7292.0 9236.0 376.0 104.0 attack
7776.0 9236.0 276.0 104.0 with
8156.0 9236.0 772.0 100.0 considerable
9032.0 9228.0 460.0 120.0 feeling.
9628.0 9223.0 84.0 100.0 Jl

6996.0 9355.0 244.0 100.0 said
7288.0 9355.0 240.0 100.0 thai
7584.0 9352.0 488.0 104.0 Ucccher
8112.0 9352.0 276.0 120.0 only
8428.0 9352.0 524.0 108.0 Tuesday
8996.0 9348.0 216.0 104.0 last
9260.0 9348.0 232.0 100.0 told
9568.0 9344.0 144.0 100.0 hli

6996.0 9472.0 256.0 100.0 how
7352.0 9484.0 396.0 104.0 blrong
7852.0 9472.0 140.0 100.0 ho
8100.0 9472.0 208.0 100.0 fell
8408.0 9468.0 232.0 100.0 and
8732.0 9468.0 256.0 96.0 how
9088.0 9464.0 260.0 100.0 clad
9396.0 9464.0 144.0 96.0 he
9596.0 9464.0 120.0 92.0 fe

7000.0 9592.0 240.0 96.0 that
7424.0 9588.0 140.0 100.0 he
7764.0 9584.0 352.0 104.0 .vould
8308.0 9584.0 128.0 100.0 bo
8616.0 9580.0 248.0 104.0 able
9028.0 9584.0 112.0 96.0 to
9264.0 9575.0 428.0 108.0 comnlc
9704.0 9584.0 12.0 84.0 !

7008.0 9704.0 568.0 100.0 hiswoik.
7716.0 9704.0 128.0 100.0 In
7900.0 9704.0 188.0 100.0 the
8132.0 9700.0 452.0 104.0 coming
8672.0 9700.0 652.0 116.0 September
9404.0 9684.0 272.0 112.0 it'w
9688.0 9720.0 28.0 68.0 :

7008.0 9820.0 544.0 104.0 Intended
7660.0 9824.0 116.0 96.0 to
7880.0 9820.0 248.0 104.0 give
8236.0 9847.0 64.0 72.0 a
8404.0 9816.0 352.0 100.0 crand
8884.0 9812.0 680.0 104.0 celebration
9684.0 9808.0 24.0 100.0 I

7004.0 9940.0 356.0 96.0 honor
7404.0 9940.0 120.0 96.0 of
7572.0 9936.0 176.0 100.0 his
7788.0 9936.0 404.0 100.0 fiftieth
8236.0 9960.0 268.0 92.0 year
8552.0 9936.0 112.0 96.0 in
8720.0 9936.0 188.0 96.0 the
8984.0 9932.0 528.0 120.0 ministry
9584.0 9956.0 132.0 72.0 an

7004.0 10059.0 188.0 96.0 the
7248.0 10055.0 232.0 100.0 lirst
7528.0 10055.0 236.0 100.0 half
7808.0 10059.0 476.0 104.0 century
8324.0 10059.0 112.0 88.0 ot
8492.0 10052.0 172.0 100.0 his
8716.0 10048.0 472.0 100.0 married
9244.0 10044.0 200.0 104.0 life
9452.0 10120.0 20.0 44.0 ,
9568.0 10048.0 148.0 100.0 ah

7008.0 10172.0 680.0 100.0 thefoitlelli
7756.0 10172.0 424.0 116.0 yearot
8240.0 10164.0 172.0 104.0 Ills
8460.0 10160.0 520.0 124.0 ministry
9028.0 10176.0 116.0 92.0 al
9232.0 10160.0 484.0 128.0 IJrookly

7004.0 10288.0 452.0 104.0 church.

7120.0 10404.0 284.0 96.0 This
7456.0 10400.0 524.0 120.0 morning
8068.0 10400.0 288.0 100.0 fiom
8476.0 10396.0 248.0 124.0 just
8804.0 10396.0 384.0 104.0 before
9264.0 10396.0 456.0 116.0 dayllirh

7012.0 10516.0 312.0 104.0 there
7372.0 10544.0 228.0 72.0 was
7644.0 10516.0 536.0 104.0 collected
8232.0 10544.0 64.0 72.0 a
8340.0 10528.0 368.0 88.0 crowd
8756.0 10516.0 124.0 96.0 of
8924.0 10512.0 388.0 124.0 people
9388.0 10540.0 144.0 72.0 on
9580.0 10504.0 120.0 112.0 "tl

7008.0 10631.0 544.0 104.0 sidewalk
7664.0 10631.0 112.0 100.0 in
7900.0 10636.0 308.0 96.0 front
8312.0 10636.0 116.0 92.0 of
8544.0 10627.0 588.0 104.0 Heecher's
9240.0 10631.0 480.0 100.0 resident

7004.0 10752.0 452.0 116.0 eagerly
7636.0 10771.0 112.0 80.0 sc
7780.0 10748.0 424.0 108.0 inning
8384.0 10748.0 184.0 96.0 the
8760.0 10744.0 332.0 100.0 latest
9300.0 10748.0 420.0 100.0 biilletii

7132.0 10876.0 104.0 92.0 A
7304.0 10864.0 460.0 100.0 bulletin
7828.0 10868.0 364.0 96.0 Issued
8228.0 10868.0 116.0 96.0 at
8396.0 10868.0 108.0 92.0 10
8532.0 10888.0 24.0 72.0 :
8564.0 10868.0 20.0 84.0 !
8604.0 10868.0 80.0 92.0 *
8728.0 10888.0 64.0 72.0 o
8840.0 10864.0 308.0 100.0 clock
9200.0 10884.0 260.0 96.0 says
9504.0 10864.0 216.0 100.0 thei

7016.0 10979.0 92.0 100.0 Is
7156.0 11008.0 152.0 72.0 no
7368.0 10983.0 436.0 108.0 change
7896.0 10979.0 112.0 100.0 in
8096.0 10975.0 580.0 104.0 Heecher's
8784.0 10975.0 620.0 104.0 condition.
9540.0 10983.0 160.0 100.0 Ho

7020.0 11100.0 188.0 100.0 Dr.
7268.0 11096.0 388.0 120.0 Henry
7704.0 11100.0 440.0 112.0 Jacobs
8200.0 11104.0 112.0 92.0 ot
8360.0 11100.0 184.0 96.0 the
8648.0 11096.0 436.0 100.0 Jewish
9192.0 11092.0 524.0 108.0 Minister

7016.0 11216.0 672.0 100.0 association
7704.0 11288.0 32.0 40.0 ,
7840.0 11212.0 356.0 104.0 called
8304.0 11212.0 224.0 104.0 and
8636.0 11236.0 232.0 76.0 was
8972.0 11208.0 476.0 104.0 allowed
9496.0 11212.0 112.0 104.0 to
9680.0 11244.0 44.0 88.0 i

7020.0 11331.0 240.0 100.0 into
7316.0 11323.0 580.0 108.0 Heechoi's
7952.0 11356.0 344.0 76.0 loom.
8412.0 11327.0 456.0 104.0 Colonel
8984.0 11327.0 496.0 100.0 Ueecher
9580.0 11340.0 144.0 92.0 sal

7020.0 11448.0 172.0 100.0 Mr
7200.0 11484.0 52.0 64.0 *
7264.0 11520.0 28.0 32.0 .
7348.0 11448.0 492.0 104.0 Ueecher
7888.0 11471.0 228.0 76.0 was
8164.0 11471.0 304.0 72.0 mnre
8548.0 11444.0 592.0 120.0 composed
9232.0 11467.0 264.0 76.0 now
9584.0 11452.0 112.0 96.0 tli
9712.0 11480.0 12.0 64.0 :

7020.0 11564.0 196.0 100.0 she
7288.0 11564.0 476.0 104.0 realised
7816.0 11564.0 196.0 100.0 Mr.
8112.0 11560.0 492.0 108.0 lieocher
8668.0 11564.0 296.0 96.0 must
9068.0 11560.0 216.0 100.0 die.
9420.0 11560.0 224.0 104.0 Shu

7024.0 11704.0 116.0 76.0 in
7192.0 11679.0 188.0 100.0 the
7428.0 11708.0 300.0 72.0 room
7780.0 11679.0 680.0 116.0 constantly.
8592.0 11679.0 204.0 100.0 Mr.
8912.0 11675.0 492.0 100.0 Ueecher
9452.0 11675.0 204.0 108.0 lies
9708.0 11679.0 16.0 100.0 I

7024.0 11827.0 68.0 72.0 n
7136.0 11800.0 292.0 96.0 state
7472.0 11800.0 120.0 96.0 of
7636.0 11823.0 316.0 76.0 coma
8004.0 11796.0 224.0 100.0 and
8296.0 11796.0 268.0 100.0 does
8656.0 11796.0 192.0 100.0 not
8936.0 11819.0 368.0 72.0 move.
9452.0 11792.0 168.0 104.0 He

7028.0 11916.0 748.0 100.0 unconscious
7788.0 11988.0 24.0 40.0 ,
7864.0 11916.0 536.0 116.0 although
8456.0 11912.0 260.0 100.0 Mrs.
8824.0 11908.0 488.0 104.0 Ueecher
9356.0 11912.0 368.0 120.0 thougl

7028.0 12031.0 228.0 100.0 this
7304.0 12031.0 528.0 116.0 morning
7880.0 12035.0 136.0 96.0 he
8124.0 12027.0 656.0 104.0 recognized
8892.0 12027.0 196.0 100.0 her
9180.0 12027.0 328.0 100.0 when
9628.0 12035.0 96.0 92.0 M

7024.0 12148.0 356.0 112.0 spoke
7420.0 12152.0 120.0 96.0 to
7584.0 12148.0 272.0 100.0 him.
7976.0 12144.0 252.0 104.0 The
8312.0 12140.0 604.0 124.0 Plymouth
9020.0 12144.0 420.0 100.0 church
9544.0 12171.0 172.0 76.0 coi

7032.0 12264.0 392.0 100.0 niitlee
7488.0 12264.0 232.0 100.0 will
7768.0 12260.0 264.0 104.0 hold
8136.0 12292.0 68.0 68.0 a
8252.0 12264.0 496.0 116.0 meeting
8800.0 12260.0 488.0 100.0 to-nkht
9336.0 12272.0 112.0 88.0 to
9496.0 12264.0 220.0 100.0 mal

7028.0 12383.0 276.0 100.0 such
7340.0 12383.0 852.0 100.0 arrangements
8228.0 12404.0 120.0 76.0 ns
8396.0 12404.0 256.0 92.0 may
8736.0 12375.0 128.0 100.0 ho
8916.0 12400.0 616.0 100.0 necessary.

7140.0 12504.0 64.0 88.0 2
7248.0 12519.0 100.0 100.0 p.
7404.0 12523.0 140.0 72.0 m.
7688.0 12492.0 580.0 104.0 Heeeher's
8376.0 12496.0 316.0 120.0 pulse
8784.0 12492.0 88.0 96.0 Is
8960.0 12519.0 64.0 72.0 a
9112.0 12492.0 292.0 100.0 little
9520.0 12519.0 208.0 76.0 moi

7032.0 12616.0 352.0 116.0 rapid.
7516.0 12612.0 360.0 100.0 There
7924.0 12612.0 92.0 100.0 is
8076.0 12636.0 148.0 76.0 nn
8272.0 12608.0 672.0 124.0 perceptible
8980.0 12608.0 480.0 116.0 change.

7148.0 12735.0 92.0 96.0 A
7308.0 12727.0 532.0 104.0 tnle.'rani
7896.0 12752.0 224.0 72.0 was
8168.0 12727.0 500.0 100.0 received
8788.0 12731.0 292.0 92.0 trom
9192.0 12724.0 264.0 104.0 Mis.
9552.0 12724.0 176.0 100.0 Ha

7032.0 12844.0 264.0 104.0 rlett
7352.0 12848.0 488.0 100.0 Ueecher
7880.0 12844.0 376.0 100.0 Stone
8264.0 12916.0 24.0 48.0 ,
8380.0 12844.0 248.0 100.0 who
8680.0 12840.0 96.0 100.0 is
8828.0 12840.0 112.0 100.0 in
9000.0 12840.0 444.0 100.0 Florida
9448.0 12916.0 28.0 40.0 ,
9572.0 12848.0 156.0 92.0 sta

7032.0 12964.0 200.0 116.0 ing
7336.0 12964.0 240.0 96.0 that
7684.0 12960.0 196.0 100.0 hho
7992.0 12984.0 228.0 76.0 was
8332.0 12955.0 116.0 104.0 ill
8500.0 12955.0 228.0 104.0 and
8836.0 12980.0 228.0 76.0 was
9120.0 12968.0 196.0 88.0 not
9368.0 12943.0 248.0 112.0 able
9708.0 12968.0 20.0 92.0 I

7028.0 13104.0 348.0 76.0 come.
7504.0 13076.0 656.0 116.0 Telegrams
8220.0 13076.0 292.0 100.0 have
8592.0 13076.0 280.0 96.0 been
8940.0 13072.0 516.0 104.0 received
9544.0 13076.0 180.0 96.0 fro

7032.0 13196.0 496.0 100.0 Thomas
7580.0 13192.0 144.0 100.0 K.
7788.0 13192.0 488.0 100.0 Picccher
8280.0 13264.0 24.0 48.0 ,
8360.0 13196.0 252.0 92.0 who
8664.0 13188.0 92.0 100.0 Is
8800.0 13216.0 148.0 72.0 on
9000.0 13192.0 176.0 96.0 his
9232.0 13216.0 248.0 80.0 way
9548.0 13196.0 172.0 92.0 fro

7040.0 13312.0 420.0 100.0 Elmira
7472.0 13384.0 24.0 40.0 ,
7536.0 13312.0 224.0 100.0 and
7812.0 13312.0 288.0 100.0 from
8152.0 13307.0 460.0 104.0 Charles
8668.0 13303.0 484.0 104.0 lieecher
9192.0 13299.0 108.0 108.0 in
9352.0 13291.0 372.0 116.0 Florid

7036.0 13427.0 324.0 120.0 They
7480.0 13427.0 232.0 100.0 will
7800.0 13427.0 132.0 100.0 bo
8024.0 13427.0 280.0 100.0 with
8396.0 13424.0 184.0 104.0 the
8672.0 13420.0 396.0 120.0 family
9152.0 13447.0 120.0 76.0 as
9360.0 13447.0 280.0 76.0 soon
9716.0 13456.0 16.0 72.0 i

7044.0 13544.0 520.0 124.0 possible.

7152.0 13664.0 160.0 96.0 At
7392.0 13664.0 60.0 92.0 0
7532.0 13655.0 424.0 104.0 o'clock
8028.0 13655.0 224.0 100.0 this
8300.0 13651.0 496.0 116.0 evening
8896.0 13651.0 192.0 104.0 Dr.
9164.0 13651.0 384.0 104.0 Searle
9636.0 13651.0 96.0 104.0 le-

7036.0 13776.0 192.0 100.0 the
7332.0 13776.0 348.0 100.0 house
7788.0 13779.0 112.0 92.0 to
8004.0 13799.0 144.0 84.0 go
8192.0 13776.0 324.0 96.0 home
8624.0 13783.0 112.0 84.0 lo
8796.0 13768.0 176.0 100.0 his
9080.0 13795.0 440.0 96.0 supper.
9660.0 13776.0 40.0 96.0 I

7040.0 13892.0 244.0 100.0 said
7312.0 13912.0 28.0 80.0 :
7476.0 13888.0 564.0 104.0 "Ueecher
8088.0 13916.0 52.0 72.0 s
8188.0 13888.0 312.0 120.0 pulse
8540.0 13884.0 200.0 100.0 has
8788.0 13884.0 572.0 104.0 Increased
9412.0 13892.0 312.0 96.0 const

7036.0 14007.0 388.0 116.0 erably
7460.0 14007.0 236.0 100.0 and
7780.0 14003.0 148.0 100.0 he
7968.0 14007.0 100.0 96.0 is
8112.0 13999.0 584.0 120.0 gradually
8740.0 13999.0 520.0 116.0 growing
9352.0 14003.0 384.0 100.0 weake

7048.0 14120.0 48.0 100.0 I
7148.0 14120.0 328.0 104.0 tnlnk
7576.0 14128.0 244.0 92.0 that
7868.0 14124.0 136.0 96.0 ho
8056.0 14120.0 92.0 100.0 Is
8196.0 14120.0 488.0 116.0 entirely
8788.0 14116.0 760.0 104.0 unconscious
9560.0 14192.0 24.0 40.0 ,
9680.0 14147.0 56.0 72.0 a

7044.0 14240.0 424.0 116.0 though
7516.0 14264.0 312.0 72.0 some
7876.0 14236.0 120.0 96.0 of
8100.0 14240.0 188.0 96.0 the
8344.0 14232.0 548.0 100.0 members
8988.0 14236.0 124.0 92.0 of
9156.0 14232.0 188.0 100.0 the
9452.0 14236.0 108.0 96.0 fa
9580.0 14236.0 144.0 100.0 ml

7040.0 14376.0 304.0 76.0 seem
7396.0 14359.0 112.0 92.0 to
7556.0 14351.0 336.0 100.0 think
7940.0 14347.0 240.0 100.0 that
8232.0 14351.0 132.0 96.0 he
8472.0 14343.0 648.0 116.0 recognizes
9164.0 14347.0 300.0 100.0 them
9520.0 14351.0 216.0 96.0 win

7040.0 14468.0 260.0 116.0 they
7360.0 14487.0 308.0 88.0 press
7716.0 14468.0 172.0 96.0 his
7992.0 14464.0 348.0 96.0 hand.
8488.0 14460.0 172.0 96.0 Ho
8760.0 14483.0 256.0 92.0 may
9092.0 14460.0 220.0 96.0 live
9364.0 14460.0 372.0 120.0 throuj

7040.0 14588.0 188.0 88.0 tne
7280.0 14580.0 324.0 120.0 night
7608.0 14652.0 28.0 48.0 ,
7688.0 14580.0 228.0 100.0 and
7960.0 14580.0 268.0 96.0 then
8280.0 14575.0 140.0 100.0 he
8468.0 14596.0 256.0 96.0 may
8760.0 14571.0 188.0 100.0 die
9056.0 14571.0 380.0 104.0 before
9488.0 14600.0 232.0 76.0 mor

7040.0 14695.0 232.0 108.0 ing.
7288.0 14692.0 68.0 56.0 "

7160.0 14808.0 352.0 124.0 Many
7556.0 14808.0 592.0 104.0 telegrams
8196.0 14832.0 288.0 76.0 were
8532.0 14804.0 500.0 100.0 received
9120.0 14804.0 416.0 116.0 during
9620.0 14808.0 116.0 100.0 th

7036.0 14927.0 268.0 120.0 day.
7352.0 14927.0 208.0 96.0 but
7596.0 14948.0 312.0 76.0 none
7944.0 14927.0 132.0 96.0 of
8116.0 14919.0 308.0 104.0 them
8472.0 14923.0 288.0 96.0 have
8800.0 14923.0 284.0 96.0 been
9132.0 14927.0 480.0 112.0 opened.
9688.0 15004.0 12.0 20.0 .
9700.0 14927.0 40.0 96.0 /

7040.0 15047.0 120.0 92.0 10
7204.0 15032.0 424.0 112.0 o'clock
7676.0 15040.0 512.0 100.0 to-nUht
8232.0 15040.0 192.0 100.0 the
8468.0 15036.0 592.0 108.0 following
9112.0 15059.0 232.0 76.0 was
9416.0 15040.0 292.0 96.0 lssuc
9716.0 15072.0 24.0 64.0 <

7168.0 15160.0 572.0 100.0 "Ueecher
7784.0 15156.0 92.0 100.0 Is
7924.0 15152.0 480.0 116.0 steadily
8452.0 15152.0 412.0 120.0 failing
8872.0 15224.0 24.0 44.0 ,
8956.0 15156.0 192.0 96.0 but
9224.0 15176.0 164.0 84.0 wo
9452.0 15156.0 144.0 100.0 do
9648.0 15180.0 92.0 76.0 111

7052.0 15271.0 340.0 104.0 think
7444.0 15271.0 136.0 104.0 ho
7628.0 15271.0 232.0 104.0 will
7904.0 15271.0 184.0 100.0 die
8136.0 15267.0 544.0 104.0 to-night

8388.0 15384.0 168.0 104.0 W.
8620.0 15384.0 108.0 100.0 P.
8784.0 15384.0 512.0 104.0 SE.UU.K
9308.0 15460.0 24.0 44.0 ,
9396.0 15384.0 148.0 100.0 M.
9600.0 15384.0 56.0 100.0 T
9660.0 15388.0 40.0 92.0 )
9704.0 15456.0 28.0 32.0 .

7164.0 15508.0 164.0 100.0 At
7432.0 15508.0 296.0 100.0 10:00
7572.0 15532.0 24.0 76.0 :
7828.0 15500.0 188.0 108.0 the
8124.0 15504.0 348.0 100.0 house
8580.0 15528.0 228.0 76.0 was
8916.0 15508.0 376.0 96.0 closed
9408.0 15504.0 176.0 100.0 for
9672.0 15504.0 68.0 100.0 tl

7064.0 15623.0 364.0 112.0 night.

7172.0 15747.0 112.0 92.0 A
7332.0 15736.0 496.0 108.0 meeting
7872.0 15736.0 124.0 100.0 of
8040.0 15732.0 188.0 104.0 iho
8272.0 15732.0 768.0 128.0 parishioners
9088.0 15732.0 124.0 104.0 of
9264.0 15732.0 468.0 120.0 Plymou

7060.0 15852.0 420.0 104.0 church
7516.0 15880.0 232.0 72.0 was
7792.0 15835.0 268.0 116.0 held
8120.0 15852.0 116.0 96.0 in
8340.0 15852.0 196.0 96.0 the
8636.0 15848.0 416.0 104.0 lecture
9156.0 15872.0 308.0 80.0 loom
9572.0 15876.0 168.0 72.0 cnt

7068.0 15971.0 1140.0 120.0 mencingatSp.m.
8336.0 15963.0 244.0 100.0 The
8624.0 15988.0 308.0 76.0 room
9020.0 15988.0 232.0 80.0 was
9340.0 15963.0 368.0 104.0 crowd
9724.0 15992.0 20.0 72.0 *

7068.0 16088.0 280.0 100.0 with
7400.0 16084.0 284.0 100.0 male
7732.0 16088.0 224.0 96.0 and
8028.0 16080.0 408.0 104.0 female
8524.0 16080.0 548.0 100.0 members
9136.0 16080.0 128.0 100.0 of
9332.0 16084.0 188.0 100.0 the
9604.0 16107.0 128.0 84.0 co

7064.0 16204.0 580.0 120.0 grexation
7696.0 16200.0 232.0 100.0 and
7976.0 16204.0 204.0 96.0 not
8228.0 16224.0 64.0 76.0 n
8340.0 16200.0 220.0 96.0 few
8628.0 16195.0 440.0 104.0 friends
9156.0 16200.0 296.0 100.0 from
9540.0 16200.0 188.0 100.0 oth

7064.0 16319.0 540.0 100.0 churches
7616.0 16391.0 20.0 44.0 ,
7688.0 16319.0 232.0 96.0 and
7964.0 16319.0 312.0 96.0 there
8324.0 16335.0 228.0 80.0 was
8600.0 16315.0 492.0 132.0 scarcely
9140.0 16340.0 64.0 76.0 a
9244.0 16311.0 208.0 124.0 dry
9496.0 16340.0 204.0 92.0 eye

7068.0 16440.0 128.0 96.0 be
7244.0 16459.0 264.0 76.0 seen
7564.0 16440.0 292.0 96.0 from
7904.0 16432.0 188.0 100.0 the
8140.0 16428.0 624.0 120.0 beginning
8816.0 16436.0 112.0 96.0 to
8976.0 16440.0 192.0 92.0 tno
9216.0 16436.0 228.0 96.0 end
9488.0 16440.0 120.0 88.0 ot
9664.0 16428.0 76.0 104.0 tl

7072.0 16547.0 768.0 112.0 proceedings.
8008.0 16547.0 220.0 100.0 Mr.
8348.0 16543.0 416.0 120.0 Tilney
8872.0 16543.0 544.0 124.0 presided.
9592.0 16547.0 152.0 100.0 He

7076.0 16667.0 192.0 104.0 Dr.
7388.0 16667.0 532.0 116.0 Ualliday
8024.0 16659.0 440.0 128.0 opened
8568.0 16663.0 188.0 96.0 the
8868.0 16663.0 456.0 100.0 meellni
9320.0 16692.0 48.0 88.0 ;
9472.0 16663.0 272.0 100.0 with

7076.0 16784.0 464.0 112.0 moving
7644.0 16803.0 404.0 120.0 prayer
8152.0 16780.0 120.0 100.0 in
8384.0 16772.0 368.0 108.0 which
8856.0 16780.0 140.0 100.0 lie
9080.0 16780.0 436.0 104.0 desired
9636.0 16784.0 108.0 96.0 th

7076.0 16908.0 292.0 92.0 their
7412.0 16895.0 472.0 108.0 beloved
7932.0 16904.0 376.0 108.0 pastor
8396.0 16895.0 148.0 100.0 ml
8636.0 16895.0 116.0 100.0 ht
8840.0 16904.0 200.0 92.0 not
9124.0 16920.0 284.0 76.0 even
9504.0 16895.0 136.0 100.0 bo
9724.0 16932.0 24.0 64.0 i

7076.0 17015.0 368.0 104.0 lowed
7492.0 17023.0 112.0 92.0 to
7648.0 17039.0 300.0 76.0 seem
7996.0 17019.0 116.0 96.0 to
8196.0 17011.0 348.0 100.0 suffer
8544.0 17083.0 24.0 44.0 ,
8664.0 17008.0 200.0 104.0 but
8952.0 17011.0 240.0 100.0 that
9280.0 17015.0 144.0 100.0 he
9516.0 17011.0 228.0 120.0 mig

7076.0 17132.0 512.0 140.0 speedily
7672.0 17132.0 360.0 100.0 attain
8120.0 17128.0 244.0 100.0 into
8456.0 17132.0 188.0 96.0 the
8728.0 17148.0 224.0 84.0 rest
9040.0 17132.0 544.0 120.0 prepaied
9692.0 17132.0 48.0 96.0 f

7084.0 17251.0 264.0 100.0 him.
7480.0 17239.0 336.0 108.0 After
7860.0 17247.0 188.0 100.0 the
8088.0 17243.0 468.0 124.0 singing
8644.0 17260.0 120.0 84.0 ot
8848.0 17268.0 68.0 76.0 a
9000.0 17243.0 344.0 116.0 hymn
9360.0 17315.0 28.0 48.0 ,
9476.0 17247.0 272.0 100.0 Jaca

7080.0 17391.0 204.0 76.0 son
7336.0 17367.0 412.0 100.0 offered
7792.0 17391.0 64.0 72.0 a
7904.0 17387.0 396.0 112.0 prayer
8344.0 17363.0 224.0 100.0 and
8620.0 17363.0 184.0 96.0 the
8852.0 17360.0 580.0 104.0 chairman
9488.0 17363.0 260.0 100.0 road

7084.0 17484.0 444.0 140.0 portion
7576.0 17484.0 124.0 96.0 of
7740.0 17480.0 544.0 120.0 Ecrlplure
8288.0 17552.0 28.0 44.0 ,
8368.0 17480.0 784.0 112.0 commencing
9176.0 17503.0 28.0 76.0 :
9304.0 17484.0 68.0 44.0 "
9380.0 17480.0 368.0 100.0 .finall

7080.0 17583.0 468.0 120.0 beloved
7552.0 17671.0 36.0 44.0 ,
7636.0 17599.0 136.0 96.0 be
7844.0 17608.0 404.0 92.0 slrong
8332.0 17591.0 124.0 104.0 in
8520.0 17595.0 200.0 96.0 tlio
8796.0 17591.0 308.0 100.0 Loid
9184.0 17595.0 240.0 100.0 and
9504.0 17591.0 120.0 104.0 In
9692.0 17603.0 44.0 92.0 t

7084.0 17743.0 380.0 92.0 power
7504.0 17719.0 116.0 92.0 ot
7672.0 17712.0 172.0 100.0 his
7896.0 17712.0 352.0 116.0 might
8260.0 17783.0 24.0 44.0 ,
8332.0 17708.0 360.0 104.0 which
8748.0 17708.0 96.0 104.0 is
8888.0 17712.0 248.0 96.0 able
9184.0 17719.0 112.0 92.0 to
9348.0 17712.0 388.0 116.0 kcopy

7084.0 17836.0 296.0 100.0 from
7512.0 17832.0 404.0 108.0 falling
7924.0 17904.0 24.0 48.0 ,
7964.0 17828.0 68.0 56.0 "
8160.0 17836.0 220.0 96.0 etc.
8580.0 17832.0 112.0 96.0 It
8872.0 17828.0 448.0 100.0 seemed
9472.0 17832.0 280.0 96.0 almc

7084.0 17976.0 124.0 76.0 as
7416.0 17947.0 96.0 100.0 if
7688.0 17951.0 192.0 96.0 the
8080.0 17943.0 368.0 104.0 words
8660.0 17964.0 292.0 80.0 were
9132.0 17972.0 68.0 76.0 a
9368.0 17968.0 368.0 76.0 messa

7080.0 18071.0 120.0 96.0 to
7360.0 18064.0 236.0 104.0 him
7760.0 18060.0 256.0 104.0 who
8184.0 18083.0 232.0 80.0 was
8584.0 18056.0 452.0 120.0 leaving
9220.0 18060.0 300.0 100.0 them
9536.0 18135.0 24.0 48.0 ,
9696.0 18060.0 56.0 100.0 b

7080.0 18207.0 332.0 80.0 cause
7536.0 18180.0 92.0 100.0 It
7784.0 18184.0 452.0 96.0 seemed
8400.0 18200.0 120.0 76.0 as
8688.0 18172.0 428.0 124.0 though
9280.0 18172.0 144.0 104.0 he
9588.0 18200.0 164.0 76.0 we

7092.0 18328.0 64.0 76.0 a
7204.0 18299.0 272.0 100.0 born
7536.0 18295.0 484.0 104.0 warrior.
8156.0 18291.0 136.0 104.0 In
8384.0 18291.0 148.0 100.0 all
8584.0 18291.0 188.0 100.0 the
8820.0 18307.0 248.0 96.0 past
9112.0 18312.0 324.0 96.0 years
9484.0 18287.0 140.0 104.0 ho
9668.0 18291.0 64.0 100.0 h

7092.0 18415.0 216.0 100.0 had
7364.0 18415.0 420.0 100.0 tolicht
7828.0 18412.0 228.0 104.0 and
8100.0 18408.0 536.0 120.0 struggle.
8760.0 18408.0 368.0 104.0 There
9196.0 18408.0 216.0 104.0 had
9472.0 18408.0 280.0 100.0 alvva

7080.0 18532.0 292.0 100.0 been
7448.0 18528.0 656.0 120.0 something
8184.0 18532.0 188.0 96.0 for
8448.0 18528.0 240.0 100.0 him
8732.0 18532.0 124.0 96.0 to
8892.0 18524.0 356.0 100.0 battle
9292.0 18524.0 280.0 104.0 with
9580.0 18600.0 24.0 44.0 ,
9656.0 18552.0 100.0 76.0 ai

7100.0 18651.0 140.0 96.0 he
7344.0 18647.0 224.0 96.0 had
7672.0 18647.0 400.0 116.0 fought
8176.0 18643.0 188.0 100.0 the
8452.0 18643.0 304.0 116.0 light.
8884.0 18639.0 368.0 104.0 There
9300.0 18639.0 200.0 100.0 has
9548.0 18664.0 208.0 76.0 nov

7100.0 18775.0 276.0 84.0 neon
7432.0 18783.0 228.0 120.0 any
7704.0 18756.0 552.0 108.0 lllncliing
8260.0 18828.0 28.0 40.0 ,
8344.0 18779.0 348.0 80.0 never
8776.0 18779.0 220.0 116.0 any
9040.0 18760.0 476.0 120.0 turning
9564.0 18760.0 192.0 100.0 bac

7092.0 18876.0 176.0 100.0 Ho
7316.0 18880.0 216.0 100.0 had
7584.0 18896.0 272.0 80.0 been
7948.0 18871.0 552.0 124.0 equipped
8552.0 18876.0 120.0 96.0 of
8736.0 18876.0 52.0 96.0 (
8788.0 18871.0 196.0 104.0 Jed
9028.0 18880.0 116.0 96.0 to
9188.0 18892.0 148.0 80.0 ao
9380.0 18880.0 228.0 100.0 real
9656.0 18900.0 100.0 76.0 ai

7092.0 18995.0 336.0 100.0 noble
7536.0 18991.0 308.0 100.0 work
7852.0 19059.0 28.0 44.0 ,
7988.0 18991.0 228.0 100.0 and
8284.0 19011.0 260.0 80.0 now
8628.0 18995.0 192.0 96.0 the
8904.0 18995.0 268.0 96.0 time
9260.0 18987.0 224.0 104.0 had
9572.0 19016.0 168.0 76.0 coi

7096.0 19112.0 328.0 100.0 when
7624.0 19108.0 140.0 100.0 he
7952.0 19104.0 224.0 104.0 had
8420.0 19112.0 116.0 96.0 to
8760.0 19108.0 184.0 120.0 lay
9168.0 19104.0 340.0 104.0 down
9696.0 19116.0 44.0 92.0 t

7092.0 19223.0 364.0 104.0 shield
7580.0 19223.0 228.0 100.0 and
7972.0 19223.0 188.0 100.0 the
8316.0 19219.0 296.0 104.0 helm
8752.0 19219.0 232.0 104.0 and
9144.0 19223.0 192.0 100.0 the
9480.0 19248.0 276.0 76.0 swoi

7096.0 19343.0 232.0 100.0 and
7488.0 19339.0 316.0 100.0 there
7968.0 19363.0 232.0 76.0 was
8368.0 19347.0 112.0 92.0 to
8652.0 19335.0 132.0 100.0 bo
8948.0 19359.0 152.0 80.0 no
9224.0 19359.0 308.0 80.0 more
9676.0 19339.0 64.0 96.0 b
9748.0 19372.0 8.0 64.0 ;

7108.0 19460.0 192.0 100.0 tie.
7432.0 19456.0 184.0 100.0 Ho
7704.0 19479.0 240.0 76.0 was
8016.0 19456.0 244.0 120.0 just
8336.0 19456.0 492.0 112.0 starting
8896.0 19475.0 156.0 76.0 on
9116.0 19452.0 196.0 104.0 the
9352.0 19452.0 236.0 100.0 tide
9664.0 19460.0 84.0 92.0 II

7096.0 19571.0 376.0 104.0 would
7508.0 19571.0 256.0 100.0 bear
7808.0 19571.0 232.0 100.0 him
8088.0 19575.0 120.0 92.0 to
8252.0 19567.0 176.0 100.0 his
8476.0 19567.0 352.0 100.0 home.
8960.0 19567.0 320.0 108.0 They
9328.0 19567.0 220.0 100.0 had
9600.0 19592.0 148.0 76.0 no

7092.0 19687.0 124.0 100.0 of
7264.0 19691.0 304.0 100.0 them
7612.0 19711.0 224.0 88.0 any
7884.0 19683.0 348.0 104.0 doubt
8280.0 19703.0 120.0 80.0 as
8452.0 19683.0 112.0 100.0 to
8612.0 19691.0 364.0 92.0 where
9064.0 19687.0 140.0 96.0 ho
9272.0 19707.0 232.0 76.0 was
9556.0 19683.0 204.0 100.0 bell

7092.0 19808.0 380.0 100.0 borne.
7608.0 19804.0 108.0 100.0 It
7764.0 19827.0 228.0 80.0 was
8040.0 19800.0 244.0 104.0 said
8332.0 19800.0 244.0 104.0 that
8640.0 19800.0 148.0 100.0 all
8880.0 19820.0 252.0 80.0 men
9232.0 19823.0 292.0 80.0 were
9568.0 19823.0 176.0 100.0 eqi
9752.0 19827.0 8.0 64.0 :

7100.0 19923.0 376.0 100.0 before
7524.0 19919.0 240.0 100.0 God
7776.0 19991.0 24.0 40.0 ,
7856.0 19919.0 196.0 100.0 but
8136.0 19915.0 140.0 104.0 he
8384.0 19915.0 472.0 120.0 thoughl
8964.0 19915.0 244.0 104.0 that
9296.0 19915.0 180.0 100.0 for
9520.0 19919.0 236.0 100.0 suet

7096.0 20043.0 312.0 112.0 royal
7456.0 20039.0 320.0 100.0 heart
7816.0 20035.0 312.0 100.0 there
8216.0 20031.0 372.0 104.0 would
8692.0 20031.0 376.0 112.0 surely
9176.0 20031.0 132.0 100.0 be
9412.0 20059.0 68.0 76.0 a
9588.0 20059.0 172.0 92.0 roj

7104.0 20156.0 556.0 100.0 welcome.
7792.0 20152.0 104.0 104.0 It
7940.0 20175.0 236.0 80.0 was
8252.0 20148.0 148.0 104.0 all
8492.0 20148.0 244.0 100.0 well
8812.0 20148.0 268.0 104.0 with
9188.0 20148.0 268.0 104.0 him.
9584.0 20148.0 172.0 104.0 Th

7104.0 20271.0 368.0 104.0 would
7524.0 20271.0 200.0 100.0 not
7768.0 20267.0 212.0 104.0 call
8064.0 20267.0 236.0 100.0 him
8400.0 20263.0 280.0 104.0 back
8688.0 20339.0 28.0 40.0 ,
8792.0 20267.0 176.0 96.0 tnr
9052.0 20267.0 144.0 100.0 ho
9264.0 20292.0 224.0 76.0 was
9532.0 20292.0 148.0 76.0 on
9736.0 20267.0 24.0 100.0 1

7088.0 20387.0 496.0 128.0 journey
7624.0 20387.0 360.0 100.0 home.
8108.0 20387.0 356.0 96.0 Other
8484.0 20383.0 528.0 100.0 heartfelt
9056.0 20383.0 504.0 100.0 remarks
9608.0 20407.0 156.0 76.0 we

7104.0 20504.0 320.0 104.0 made
7432.0 20580.0 28.0 44.0 ,
7568.0 20504.0 228.0 104.0 and
7904.0 20512.0 184.0 92.0 the
8192.0 20496.0 592.0 116.0 following
8860.0 20500.0 324.0 100.0 teller
9268.0 20504.0 284.0 96.0 Irani
9620.0 20500.0 144.0 100.0 Mi

7108.0 20623.0 488.0 100.0 Ueecher
7640.0 20644.0 232.0 80.0 was
7916.0 20611.0 260.0 108.0 read
8204.0 20640.0 28.0 80.0 :

7224.0 20743.0 172.0 100.0 To
7500.0 20743.0 188.0 96.0 the
7780.0 20735.0 488.0 100.0 Ueloved
8392.0 20732.0 556.0 104.0 Members
9052.0 20728.0 124.0 100.0 of
9296.0 20732.0 468.0 112.0 Plymou

7108.0 20856.0 444.0 104.0 Church
7688.0 20852.0 48.0 100.0 I
7780.0 20860.0 420.0 96.0 cannot
8244.0 20852.0 348.0 120.0 speak
8640.0 20872.0 184.0 80.0 mv
8900.0 20848.0 424.0 104.0 thanks
9424.0 20864.0 112.0 88.0 to
9624.0 20875.0 128.0 76.0 ea

7104.0 21000.0 224.0 76.0 one
7368.0 20979.0 120.0 96.0 ot
7544.0 20996.0 216.0 96.0 you
7808.0 20975.0 176.0 96.0 tor
8032.0 20967.0 188.0 104.0 the
8300.0 20963.0 604.0 124.0 sympathy
9004.0 20967.0 228.0 100.0 and
9344.0 20983.0 248.0 84.0 tovo
9680.0 20992.0 60.0 76.0 a
9756.0 20992.0 8.0 72.0 ;

7104.0 21091.0 536.0 104.0 devotion
7696.0 21087.0 672.0 100.0 manifested
8420.0 21084.0 116.0 100.0 In
8592.0 21084.0 308.0 100.0 these
8988.0 21084.0 224.0 100.0 last
9272.0 21080.0 284.0 104.0 dark
9564.0 21155.0 24.0 40.0 ,
9708.0 21107.0 48.0 76.0 s

7108.0 21212.0 280.0 116.0 days
7440.0 21212.0 180.0 100.0 for
7696.0 21231.0 284.0 92.0 your
8064.0 21208.0 408.0 100.0 pastor.
8668.0 21200.0 176.0 100.0 He
8948.0 21224.0 208.0 76.0 can
9268.0 21220.0 152.0 80.0 no
9528.0 21200.0 236.0 100.0 loiu

7108.0 21323.0 352.0 124.0 speak
7496.0 21331.0 116.0 96.0 to
7660.0 21348.0 216.0 96.0 you
7928.0 21327.0 172.0 96.0 lor
8144.0 21315.0 488.0 108.0 himself.
8820.0 21315.0 328.0 104.0 Then
9244.0 21319.0 408.0 116.0 permit
9740.0 21344.0 28.0 72.0 i-

7112.0 21451.0 116.0 92.0 to
7264.0 21443.0 144.0 100.0 do
7460.0 21443.0 88.0 100.0 it
7592.0 21439.0 180.0 100.0 for
7820.0 21439.0 220.0 100.0 him
8060.0 21511.0 24.0 40.0 ,
8136.0 21439.0 176.0 96.0 for
8356.0 21432.0 412.0 124.0 myself
8772.0 21507.0 24.0 48.0 ,
8896.0 21443.0 176.0 92.0 tor
9156.0 21455.0 192.0 100.0 my
9452.0 21432.0 316.0 104.0 famll

7116.0 21560.0 304.0 100.0 Eaeh
7468.0 21560.0 308.0 100.0 word
7820.0 21560.0 120.0 96.0 of
7976.0 21556.0 248.0 104.0 love
8264.0 21556.0 288.0 100.0 from
8604.0 21552.0 188.0 100.0 the
8836.0 21552.0 396.0 124.0 people
9276.0 21576.0 124.0 76.0 so
9468.0 21547.0 268.0 104.0 dear

7116.0 21700.0 288.0 116.0 your
7444.0 21671.0 476.0 116.0 pastor's
7964.0 21675.0 312.0 100.0 heart
8328.0 21671.0 200.0 100.0 has
8616.0 21671.0 276.0 100.0 been
8988.0 21696.0 64.0 72.0 a
9132.0 21667.0 484.0 100.0 comforl
9692.0 21696.0 60.0 72.0 a

7116.0 21776.0 296.0 120.0 balm
7452.0 21803.0 112.0 88.0 lo
7612.0 21819.0 64.0 72.0 a
7724.0 21795.0 308.0 96.0 heart
8140.0 21811.0 396.0 92.0 wrung
8624.0 21784.0 408.0 104.0 almost
9140.0 21791.0 112.0 92.0 to
9356.0 21784.0 392.0 100.0 burstii

7128.0 21908.0 288.0 104.0 How
7460.0 21908.0 140.0 100.0 ho
7644.0 21908.0 320.0 100.0 loved
8012.0 21904.0 176.0 104.0 his
8232.0 21904.0 408.0 104.0 church
8692.0 21928.0 220.0 100.0 you
8964.0 21899.0 232.0 108.0 will
9244.0 21899.0 276.0 112.0 only
9600.0 21904.0 164.0 100.0 lea

7128.0 22023.0 112.0 100.0 In
7376.0 22023.0 144.0 104.0 Its
7648.0 22031.0 436.0 92.0 fulness
8212.0 22027.0 324.0 92.0 when
8724.0 22044.0 216.0 96.0 yon
9108.0 22019.0 344.0 100.0 stand
9640.0 22019.0 128.0 100.0 wl

7120.0 22139.0 244.0 104.0 him
7404.0 22143.0 124.0 100.0 In
7572.0 22136.0 472.0 104.0 heaven.
8160.0 22132.0 180.0 104.0 To
8380.0 22132.0 276.0 108.0 each
8696.0 22136.0 232.0 100.0 and
9032.0 22159.0 344.0 92.0 every
9468.0 22155.0 228.0 80.0 one

7124.0 22279.0 232.0 96.0 you
7392.0 22279.0 184.0 96.0 my
7660.0 22256.0 452.0 100.0 earnest
8220.0 22251.0 420.0 100.0 thanks
8744.0 22247.0 228.0 104.0 and
9084.0 22268.0 292.0 84.0 most
9480.0 22276.0 292.0 76.0 earm

7128.0 22371.0 532.0 116.0 blessing.
7796.0 22371.0 288.0 116.0 Pray
8128.0 22367.0 180.0 100.0 for
8400.0 22367.0 176.0 100.0 his
8680.0 22367.0 264.0 100.0 wife
9048.0 22367.0 228.0 100.0 and
9380.0 22363.0 392.0 104.0 chlldn

7128.0 22511.0 276.0 80.0 soon
7456.0 22495.0 116.0 92.0 to
7620.0 22491.0 232.0 100.0 lose
7900.0 22488.0 184.0 96.0 the
8132.0 22488.0 356.0 96.0 truest
8532.0 22484.0 664.0 116.0 companion
9216.0 22560.0 24.0 44.0 ,
9356.0 22484.0 416.0 100.0 tenden

7136.0 22608.0 368.0 100.0 father
7528.0 22628.0 28.0 88.0 ;
7628.0 22603.0 224.0 100.0 and
7904.0 22599.0 96.0 100.0 If
8040.0 22624.0 172.0 80.0 we
8260.0 22608.0 300.0 92.0 must
8604.0 22599.0 620.0 124.0 relinquish
9272.0 22599.0 148.0 100.0 all
9476.0 22599.0 288.0 120.0 hope

7140.0 22723.0 172.0 100.0 his
7364.0 22719.0 212.0 104.0 full
7628.0 22739.0 516.0 80.0 recoverv
8152.0 22787.0 24.0 48.0 ,
8232.0 22719.0 136.0 100.0 oh
8384.0 22787.0 24.0 48.0 ,
8504.0 22696.0 456.0 124.0 beloved
8968.0 22787.0 28.0 48.0 ,
9048.0 22739.0 276.0 96.0 pray
9432.0 22715.0 244.0 100.0 that
9760.0 22715.0 12.0 100.0 1

7136.0 22840.0 600.0 120.0 departure
7788.0 22859.0 248.0 96.0 may
8076.0 22820.0 144.0 116.0 bo
8264.0 22832.0 416.0 136.0 speedy
8688.0 22904.0 28.0 40.0 ,
8768.0 22832.0 244.0 100.0 that
9096.0 22855.0 100.0 84.0 w
9372.0 22855.0 260.0 92.0 may
9740.0 22855.0 28.0 76.0 i

7136.0 22955.0 268.0 116.0 long
7456.0 22955.0 128.0 96.0 bo
7628.0 22951.0 544.0 116.0 agonized
8240.0 22947.0 144.0 124.0 by
8488.0 22939.0 228.0 112.0 this
8820.0 22947.0 500.0 112.0 slruggle
9428.0 22947.0 344.0 104.0 bcuve

7132.0 23071.0 212.0 104.0 llto
7380.0 23071.0 232.0 100.0 and
7652.0 23059.0 336.0 112.0 death
7992.0 23139.0 32.0 32.0 ,
8168.0 23063.0 288.0 116.0 fray
8448.0 23139.0 36.0 44.0 ,
8540.0 23063.0 96.0 104.0 If
8696.0 23067.0 144.0 96.0 ho
8944.0 23071.0 304.0 96.0 must
9344.0 23063.0 320.0 104.0 leave

7136.0 23192.0 244.0 100.0 that
7428.0 23188.0 376.0 100.0 before
7848.0 23184.0 480.0 104.0 another
8372.0 23188.0 220.0 108.0 day
8692.0 23184.0 396.0 100.0 dawns
9200.0 23184.0 136.0 100.0 ho
9420.0 23207.0 256.0 92.0 may

7136.0 23307.0 312.0 100.0 ceive
7496.0 23303.0 176.0 104.0 his
7748.0 23328.0 380.0 80.0 crown
8240.0 23299.0 228.0 104.0 and
8592.0 23295.0 132.0 100.0 be
8836.0 23295.0 440.0 104.0 forever
9380.0 23299.0 272.0 100.0 with
9764.0 23299.0 12.0 100.0 1

7144.0 23423.0 332.0 104.0 Lord.
8392.0 23415.0 480.0 100.0 EU.SICK
8944.0 23415.0 132.0 104.0 X.
9160.0 23411.0 604.0 108.0 HF.KCiiint
9764.0 23491.0 12.0 24.0 ,

7264.0 23536.0 580.0 112.0 Midnight
7968.0 23532.0 112.0 108.0 A
8168.0 23555.0 504.0 92.0 message
8768.0 23532.0 240.0 120.0 just
9092.0 23532.0 496.0 104.0 received
9660.0 23536.0 104.0 100.0 fr
9768.0 23575.0 8.0 44.0 <

7148.0 23655.0 576.0 120.0 Brooklyn
7820.0 23676.0 260.0 96.0 says
8168.0 23647.0 244.0 104.0 that
8496.0 23676.0 64.0 72.0 a
8648.0 23672.0 260.0 96.0 very
8976.0 23647.0 464.0 104.0 decided
9520.0 23647.0 256.0 104.0 elm

7144.0 23779.0 184.0 96.0 for
7412.0 23775.0 188.0 100.0 the
7688.0 23791.0 352.0 80.0 worse
8092.0 23767.0 204.0 100.0 has
8388.0 23767.0 336.0 100.0 taken
8796.0 23763.0 316.0 124.0 place
9200.0 23791.0 112.0 80.0 in
9416.0 23763.0 188.0 108.0 the
9672.0 23791.0 104.0 80.0 cc

7144.0 23919.0 32.0 68.0 (
7180.0 23892.0 328.0 104.0 tition
7560.0 23884.0 116.0 104.0 ot
7772.0 23884.0 496.0 104.0 Ueecher
8308.0 23888.0 228.0 100.0 and
8628.0 23884.0 244.0 100.0 thai
8960.0 23888.0 188.0 96.0 Iho
9236.0 23888.0 540.0 100.0 members

7144.0 24007.0 188.0 100.0 his
7412.0 24003.0 400.0 124.0 family
7856.0 24028.0 196.0 80.0 are
8128.0 24024.0 268.0 80.0 now
8440.0 23999.0 544.0 116.0 gatheied
9060.0 23999.0 344.0 104.0 about
9464.0 23999.0 180.0 104.0 his
9704.0 24003.0 72.0 100.0 b

7148.0 24123.0 292.0 104.0 side.

7260.0 24244.0 244.0 92.0 2I0
7352.0 24263.0 24.0 76.0 :
7416.0 24244.0 28.0 92.0 !
7588.0 24263.0 92.0 76.0 a.
7772.0 24263.0 136.0 76.0 m.
8044.0 24232.0 184.0 108.0 No
8316.0 24251.0 432.0 100.0 reports
8832.0 24236.0 120.0 100.0 of
9044.0 24232.0 580.0 104.0 Ueecher's
9688.0 24259.0 56.0 80.0 c
9752.0 24259.0 28.0 76.0 <

7148.0 24355.0 364.0 104.0 dltion
7564.0 24355.0 280.0 104.0 have
7892.0 24355.0 276.0 104.0 been
8216.0 24351.0 496.0 104.0 received
8764.0 24351.0 308.0 104.0 slnco
9124.0 24351.0 184.0 100.0 tlio
9356.0 24359.0 424.0 96.0 stalenu

7152.0 24487.0 112.0 92.0 at
7320.0 24471.0 604.0 120.0 midnight.
8052.0 24467.0 704.0 124.0 Kvetytlilnc
8800.0 24491.0 364.0 80.0 seems
9256.0 24479.0 112.0 92.0 to
9460.0 24483.0 128.0 88.0 be
9656.0 24495.0 124.0 100.0 qu

7152.0 24599.0 116.0 96.0 at
7316.0 24592.0 176.0 104.0 his
7540.0 24592.0 376.0 104.0 house.

7516.0 24771.0 240.0 100.0 Not
7856.0 24775.0 328.0 96.0 Llko
8300.0 24771.0 404.0 96.0 lliolr
8824.0 24767.0 72.0 56.0 "
8960.0 24767.0 552.0 104.0 Master.
9532.0 24767.0 72.0 56.0 "

7276.0 24915.0 576.0 104.0 CittCAOo
7856.0 24983.0 28.0 48.0 ,
8028.0 24911.0 396.0 104.0 March
8520.0 24915.0 92.0 96.0 7.
8748.0 24911.0 192.0 100.0 An
9084.0 24907.0 660.0 108.0 extraonlln
9752.0 24940.0 32.0 72.0 :

7160.0 25084.0 336.0 84.0 scene
7596.0 25051.0 268.0 108.0 took
7972.0 25051.0 312.0 124.0 place
8388.0 25055.0 116.0 104.0 at
8592.0 25051.0 188.0 108.0 the
8828.0 25051.0 436.0 124.0 weekly
9316.0 25051.0 468.0 120.0 meellnp

7164.0 25207.0 188.0 104.0 Ihe
7400.0 25195.0 944.0 128.0 Congregational
8416.0 25195.0 576.0 104.0 ministers
9080.0 25195.0 224.0 104.0 this
9396.0 25195.0 388.0 104.0 mornli

7160.0 25343.0 244.0 104.0 The
7448.0 25343.0 300.0 120.0 topic
7796.0 25339.0 360.0 104.0 which
8204.0 25339.0 572.0 124.0 naturally
8836.0 25364.0 308.0 80.0 came
9212.0 25364.0 152.0 104.0 up
9452.0 25364.0 232.0 76.0 was
9772.0 25351.0 12.0 80.0 i

7164.0 25463.0 516.0 100.0 slckne.ss
7728.0 25459.0 288.0 104.0 from
8068.0 25459.0 364.0 108.0 wnlch
8500.0 25459.0 392.0 132.0 Henry
8952.0 25455.0 332.0 104.0 Ward
9336.0 25455.0 432.0 104.0 Ueeche

7168.0 25583.0 476.0 116.0 thought
7696.0 25580.0 112.0 96.0 to
7856.0 25576.0 140.0 104.0 be
8040.0 25572.0 360.0 124.0 dying
8404.0 25648.0 28.0 40.0 ,
8484.0 25580.0 228.0 100.0 and
8820.0 25572.0 188.0 104.0 the
9112.0 25580.0 664.0 100.0 statements

7176.0 25723.0 308.0 76.0 home
7528.0 25699.0 120.0 96.0 of
7704.0 25695.0 184.0 100.0 the
7952.0 25703.0 436.0 104.0 pastors
8432.0 25699.0 452.0 104.0 present
8972.0 25691.0 264.0 104.0 took
9344.0 25691.0 188.0 104.0 the
9636.0 25691.0 124.0 100.0 sh

7172.0 25819.0 128.0 96.0 of
7344.0 25811.0 684.0 108.0 resolutions
8088.0 25815.0 124.0 92.0 ot
8268.0 25807.0 704.0 104.0 condolence
8972.0 25879.0 28.0 36.0 ,
9112.0 25807.0 372.0 104.0 which
9568.0 25807.0 92.0 104.0 it
9744.0 25831.0 44.0 76.0 v

7180.0 25932.0 544.0 124.0 proponed
7832.0 25939.0 116.0 92.0 to
8052.0 25932.0 284.0 96.0 send
8444.0 25939.0 112.0 88.0 to
8648.0 25928.0 264.0 104.0 Mrs.
8988.0 25924.0 488.0 104.0 Ueecher
9520.0 25924.0 144.0 128.0 by
9712.0 25932.0 76.0 92.0 ti

7180.0 26060.0 388.0 112.0 graph.
7688.0 26047.0 284.0 100.0 ThU
8016.0 26064.0 240.0 84.0 was
8300.0 26043.0 452.0 116.0 bitterly
8800.0 26055.0 492.0 112.0 opposed
9344.0 26043.0 140.0 120.0 by
9528.0 26072.0 64.0 72.0 a
9640.0 26064.0 148.0 80.0 nu

7180.0 26151.0 356.0 116.0 berof
7580.0 26163.0 564.0 104.0 ministers
8152.0 26235.0 28.0 40.0 ,
8232.0 26163.0 300.0 100.0 their
8568.0 26159.0 636.0 124.0 opposition
9260.0 26159.0 336.0 120.0 being
9644.0 26159.0 128.0 100.0 ba

7180.0 26307.0 148.0 80.0 on
7380.0 26291.0 188.0 92.0 the
7616.0 26280.0 432.0 112.0 alleged
8096.0 26280.0 668.0 120.0 heternuncy
8808.0 26280.0 128.0 100.0 of
8988.0 26276.0 584.0 108.0 Ueecher's
9628.0 26283.0 160.0 96.0 vie

7184.0 26399.0 604.0 120.0 regarding
7836.0 26395.0 376.0 104.0 future
8256.0 26395.0 556.0 104.0 salvation
8884.0 26395.0 228.0 104.0 and
9204.0 26391.0 584.0 128.0 punishme

7204.0 26523.0 168.0 100.0 An
7428.0 26511.0 748.0 108.0 acrimonious
8220.0 26511.0 396.0 104.0 debate
8660.0 26511.0 260.0 104.0 look
8976.0 26511.0 580.0 116.0 place.and
9604.0 26507.0 148.0 104.0 tin
9768.0 26535.0 20.0 72.0 :

7188.0 26663.0 64.0 76.0 a
7300.0 26632.0 428.0 104.0 motion
7844.0 26635.0 112.0 100.0 lo
8048.0 26632.0 348.0 112.0 adopt
8496.0 26632.0 192.0 100.0 the
8788.0 26632.0 676.0 100.0 resolutions
9576.0 26651.0 212.0 76.0 unn

7188.0 26747.0 716.0 120.0 mouslya.i
7952.0 26747.0 252.0 104.0 lost.
8324.0 26743.0 252.0 104.0 The
8616.0 26747.0 536.0 120.0 majority
9192.0 26759.0 260.0 92.0 vote
9492.0 26747.0 296.0 96.0 sleet

7192.0 26871.0 324.0 96.0 favor
7556.0 26867.0 120.0 100.0 of
7728.0 26867.0 192.0 100.0 the
7956.0 26863.0 676.0 104.0 resolutions
8640.0 26939.0 28.0 36.0 ,
8740.0 26863.0 188.0 104.0 but
9036.0 26887.0 124.0 76.0 as
9268.0 26863.0 96.0 108.0 It
9460.0 26883.0 232.0 80.0 was

7192.0 26984.0 692.0 104.0 unanimous
7896.0 27056.0 24.0 44.0 ,
8016.0 26980.0 84.0 104.0 It
8148.0 27007.0 236.0 76.0 was
8472.0 26980.0 708.0 108.0 withdrawn.
9376.0 26980.0 340.0 104.0 Urer.t

7188.0 27103.0 536.0 104.0 citement
7812.0 27095.0 572.0 128.0 prevailed
8476.0 27107.0 228.0 96.0 and
8816.0 27103.0 188.0 100.0 the
9092.0 27103.0 428.0 96.0 utmost
9604.0 27099.0 152.0 100.0 eiT
9760.0 27120.0 32.0 72.0 (

7196.0 27239.0 296.0 84.0 were
7536.0 27215.0 324.0 104.0 mudu
7928.0 27227.0 116.0 92.0 to
8088.0 27215.0 288.0 128.0 keep
8420.0 27219.0 188.0 104.0 the
8656.0 27215.0 324.0 104.0 affair
9028.0 27227.0 292.0 96.0 trom
9400.0 27223.0 188.0 96.0 the
9640.0 27235.0 140.0 80.0 nu

7196.0 27359.0 448.0 104.0 papers.

7824.0 27555.0 108.0 100.0 A
8008.0 27551.0 520.0 100.0 HufTalo
8604.0 27563.0 784.0 104.0 Appointee.

7312.0 27684.0 880.0 112.0 WASHINGTON
8200.0 27763.0 24.0 48.0 ,
8260.0 27684.0 388.0 108.0 March
8680.0 27691.0 88.0 104.0 7.
8892.0 27684.0 248.0 108.0 The
9192.0 27684.0 568.0 120.0 president

7156.0 27831.0 652.0 124.0 .appointed
7856.0 27831.0 308.0 108.0 John
8220.0 27831.0 140.0 108.0 U.
8404.0 27828.0 408.0 112.0 Socket
8860.0 27839.0 680.0 116.0 postmaster
9584.0 27839.0 116.0 100.0 at
9752.0 27831.0 44.0 104.0 1

7200.0 27951.0 48.0 108.0 f
7260.0 27951.0 176.0 112.0 ale
7444.0 28023.0 28.0 60.0 ,
7524.0 27947.0 100.0 100.0 X
7604.0 28047.0 20.0 32.0 ,
7636.0 28019.0 32.0 52.0 ,
7716.0 27947.0 108.0 124.0 Y
7828.0 28011.0 40.0 68.0 ,

10176.0 2532.0 348.0 96.0 THU
10600.0 2516.0 1100.0 112.0 SUI'TEXNATE
11780.0 2520.0 644.0 100.0 PASSES.

9900.0 2788.0 120.0 100.0 It
10068.0 2792.0 336.0 100.0 Goes
10452.0 2784.0 896.0 116.0 TlironslithP
11416.0 2776.0 732.0 120.0 Italctistnc
12215.0 2776.0 352.0 100.0 With
12628.0 2804.0 76.0 68.0 n

11128.0 2928.0 408.0 92.0 Knsii.

10048.0 3080.0 356.0 108.0 tCorw
10432.0 3072.0 456.0 112.0 lulitlfs"
10936.0 3072.0 36.0 88.0 1
10972.0 3112.0 28.0 44.0 >
11004.0 3092.0 68.0 88.0 V
11096.0 3068.0 340.0 92.0 Jiime.1
11508.0 3064.0 188.0 92.0 011
11708.0 3068.0 212.0 92.0 Ann
11979.0 3060.0 516.0 108.0 Bcmicf/.l

10024.0 3204.0 492.0 108.0 UKULI.V
10520.0 3280.0 24.0 40.0 ,
10656.0 3200.0 424.0 108.0 .March
11208.0 3204.0 84.0 96.0 7.
11440.0 3188.0 32.0 128.0 [
11492.0 3192.0 272.0 112.0 Xow
11892.0 3192.0 320.0 112.0 York
12304.0 3188.0 408.0 112.0 Herald

9908.0 3348.0 332.0 108.0 Cable
10368.0 3344.0 440.0 128.0 Special
10912.0 3356.0 116.0 92.0 to
11124.0 3336.0 188.0 108.0 the
11420.0 3332.0 292.0 120.0 UKK.
11736.0 3336.0 28.0 124.0 ]
11915.0 3340.0 464.0 120.0 History
12496.0 3360.0 216.0 80.0 was

9908.0 3488.0 440.0 132.0 rapidly
10392.0 3492.0 324.0 104.0 made
10768.0 3488.0 112.0 108.0 In
11000.0 3488.0 188.0 104.0 the
11292.0 3504.0 400.0 104.0 squire
11804.0 3488.0 400.0 100.0 debate
12300.0 3484.0 120.0 100.0 In
12532.0 3476.0 180.0 108.0 the

9908.0 3636.0 520.0 104.0 chamber
10528.0 3640.0 120.0 100.0 of
10760.0 3640.0 188.0 100.0 Iho
11056.0 3624.0 1044.0 128.0 rolchsl.itoday.
12108.0 3696.0 32.0 36.0 .
12312.0 3624.0 132.0 104.0 In
12576.0 3648.0 136.0 80.0 an

9916.0 3776.0 376.0 108.0 hour's
10336.0 3776.0 428.0 108.0 session
10820.0 3804.0 216.0 76.0 ono
11084.0 3800.0 124.0 76.0 or
11256.0 3796.0 300.0 76.0 more
11620.0 3780.0 120.0 96.0 of
11840.0 3768.0 184.0 108.0 thu
12076.0 3768.0 436.0 108.0 leaders
12604.0 3768.0 108.0 104.0 ol

9912.0 3920.0 268.0 108.0 each
10228.0 3924.0 124.0 104.0 of
10392.0 3920.0 188.0 108.0 the
10620.0 3936.0 316.0 108.0 great
10984.0 3912.0 412.0 128.0 parties
11444.0 3912.0 348.0 124.0 spoke
11880.0 3916.0 228.0 104.0 and
12160.0 3916.0 192.0 104.0 the
12404.0 3916.0 308.0 124.0 "sop-

9916.0 4064.0 808.0 108.0 tennntu''was
10776.0 4064.0 396.0 116.0 passed
11256.0 4048.0 468.0 112.0 without
11772.0 4088.0 64.0 76.0 a
11884.0 4056.0 496.0 108.0 division
12484.0 4052.0 232.0 108.0 anil

9924.0 4208.0 472.0 108.0 without
10440.0 4232.0 280.0 84.0 oven
10824.0 4204.0 184.0 108.0 the
11060.0 4196.0 316.0 112.0 usual
11428.0 4184.0 572.0 124.0 reference
12048.0 4216.0 116.0 92.0 to
12276.0 4228.0 64.0 76.0 a
12448.0 4228.0 248.0 80.0 com

9924.0 4352.0 380.0 108.0 mlttee
10352.0 4356.0 180.0 100.0 for
10576.0 4384.0 68.0 72.0 a
10688.0 4352.0 416.0 104.0 second
11140.0 4340.0 492.0 112.0 reading.
11772.0 4348.0 244.0 104.0 The
12068.0 4372.0 380.0 80.0 rumor
12500.0 4340.0 216.0 108.0 thai

9932.0 4496.0 400.0 108.0 Prince
10428.0 4496.0 588.0 104.0 Hismarck
11076.0 4488.0 360.0 108.0 would
11488.0 4488.0 348.0 120.0 speak
11892.0 4488.0 296.0 108.0 filled
12252.0 4492.0 188.0 100.0 the
12515.0 4484.0 184.0 112.0 cat

9928.0 4640.0 356.0 124.0 lerles
10336.0 4640.0 196.0 104.0 but
10576.0 4644.0 188.0 100.0 the
10812.0 4640.0 352.0 100.0 betlcr
11212.0 4636.0 560.0 100.0 Informed
11828.0 4632.0 580.0 108.0 ministers
12515.0 4656.0 188.0 80.0 am

9924.0 4784.0 516.0 128.0 deputies
10532.0 4784.0 420.0 104.0 wasted
11064.0 4808.0 152.0 76.0 no
11312.0 4776.0 276.0 104.0 time
11676.0 4776.0 116.0 104.0 In
11848.0 4776.0 612.0 120.0 atlcndlng
12556.0 4772.0 120.0 104.0 th
12688.0 4800.0 28.0 76.0 <

9928.0 4927.0 424.0 104.0 session
10372.0 4999.0 24.0 52.0 ,
10444.0 4927.0 192.0 104.0 the
10684.0 4924.0 348.0 108.0 result
11132.0 4920.0 124.0 100.0 of
11340.0 4916.0 372.0 112.0 which
11764.0 4948.0 228.0 80.0 was
12100.0 4920.0 432.0 104.0 known
12596.0 4916.0 116.0 104.0 In

9928.0 5067.0 532.0 112.0 advance.
10656.0 5067.0 332.0 108.0 From
11124.0 5076.0 188.0 96.0 the
11420.0 5060.0 512.0 108.0 elevated
12056.0 5056.0 664.0 112.0 ministerial

9936.0 5212.0 480.0 108.0 benches
10460.0 5216.0 352.0 104.0 below
10864.0 5216.0 184.0 100.0 the
11096.0 5200.0 568.0 136.0 speaket's
11708.0 5204.0 316.0 108.0 chair
12028.0 5279.0 24.0 52.0 ,
12112.0 5208.0 200.0 104.0 but
12368.0 5204.0 352.0 112.0 facim

9940.0 5356.0 184.0 104.0 thu
10172.0 5360.0 340.0 100.0 hoiic
10523.0 5432.0 24.0 48.0 ,
10648.0 5364.0 184.0 100.0 the
10924.0 5348.0 648.0 112.0 uniformed
11628.0 5376.0 228.0 76.0 war
11964.0 5348.0 532.0 108.0 minister
12592.0 5344.0 116.0 104.0 in

9940.0 5508.0 236.0 96.0 trod
10200.0 5520.0 268.0 88.0 need
10644.0 5500.0 188.0 104.0 the
11004.0 5496.0 784.0 112.0 "sentennate.
11804.0 5491.0 68.0 60.0 "
12128.0 5491.0 248.0 108.0 The
12576.0 5520.0 144.0 96.0 ap

9940.0 5660.0 384.0 112.0 piausu
10623.0 5652.0 276.0 96.0 with
11220.0 5636.0 368.0 108.0 which
11904.0 5636.0 176.0 104.0 hh
12400.0 5636.0 312.0 104.0 short

9936.0 5792.0 344.0 124.0 sharp
10508.0 5788.0 412.0 128.0 speech
11160.0 5808.0 240.0 80.0 was
11576.0 5780.0 520.0 108.0 received
12284.0 5780.0 432.0 104.0 showec

9944.0 5932.0 188.0 104.0 the
10372.0 5940.0 432.0 112.0 temper
11024.0 5936.0 120.0 96.0 of
11384.0 5924.0 192.0 104.0 the
11820.0 5924.0 384.0 104.0 house.
12472.0 5920.0 252.0 104.0 Hen

9948.0 6072.0 708.0 108.0 Wlndthorsl
10740.0 6072.0 452.0 108.0 showed
11276.0 6068.0 192.0 104.0 the
11551.0 6072.0 328.0 104.0 effect
11948.0 6068.0 188.0 108.0 the
12220.0 6064.0 476.0 108.0 election
12716.0 6096.0 8.0 68.0 !

9948.0 6216.0 216.0 108.0 had
10216.0 6220.0 212.0 104.0 had
10476.0 6248.0 144.0 76.0 on
10676.0 6220.0 228.0 104.0 him
10960.0 6220.0 140.0 120.0 by
11152.0 6212.0 168.0 108.0 his
11372.0 6208.0 524.0 108.0 modified
11948.0 6204.0 640.0 132.0 opposition
12652.0 6216.0 36.0 92.0 t
12700.0 6240.0 24.0 68.0 <

9952.0 6360.0 184.0 104.0 Iho
10176.0 6360.0 192.0 104.0 bill
10384.0 6436.0 24.0 48.0 ,
10464.0 6360.0 360.0 108.0 which
10880.0 6388.0 232.0 76.0 was
11168.0 6352.0 416.0 124.0 merely
11632.0 6352.0 560.0 108.0 stilllclent
12244.0 6360.0 112.0 92.0 to
12404.0 6348.0 320.0 104.0 allow

9952.0 6504.0 228.0 104.0 him
10272.0 6512.0 112.0 96.0 to
10468.0 6532.0 316.0 96.0 cairy
10872.0 6532.0 140.0 72.0 on
11112.0 6500.0 184.0 104.0 the
11380.0 6496.0 400.0 108.0 debate
11872.0 6496.0 112.0 104.0 In
12079.0 6496.0 188.0 104.0 the
12336.0 6520.0 388.0 76.0 sccom

9952.0 6644.0 464.0 128.0 leading
10420.0 6720.0 24.0 32.0 ,
10584.0 6644.0 288.0 108.0 llerr
10964.0 6648.0 452.0 104.0 Klchter
11416.0 6716.0 28.0 48.0 ,
11544.0 6652.0 116.0 88.0 ot
11772.0 6640.0 188.0 104.0 the
12068.0 6632.0 656.0 120.0 frelslnnlgi

9956.0 6792.0 348.0 124.0 partcl
10316.0 6864.0 24.0 44.0 ,
10436.0 6792.0 116.0 100.0 In
10623.0 6820.0 64.0 76.0 n
10776.0 6788.0 540.0 124.0 uselessly
11368.0 6784.0 568.0 116.0 irritating
12024.0 6784.0 408.0 124.0 speech
12448.0 6856.0 24.0 48.0 ,
12564.0 6784.0 156.0 100.0 bit-

9960.0 6932.0 284.0 124.0 terly
10284.0 6936.0 492.0 124.0 opposed
10828.0 6932.0 184.0 104.0 the
11068.0 6932.0 780.0 116.0 "septcnnato.
11864.0 6924.0 68.0 56.0 "

10080.0 7076.0 444.0 120.0 During
10568.0 7076.0 188.0 104.0 the
10804.0 7076.0 396.0 128.0 speech
11244.0 7060.0 400.0 112.0 Prlnco
11688.0 7064.0 580.0 108.0 Bismarck
12312.0 7072.0 380.0 100.0 entore
12704.0 7100.0 24.0 68.0 <

9960.0 7224.0 188.0 100.0 the
10192.0 7220.0 552.0 108.0 rclclistag
10788.0 7224.0 228.0 100.0 and
11087.0 7240.0 276.0 100.0 gave
11432.0 7212.0 172.0 104.0 his
11656.0 7216.0 316.0 104.0 usual
12028.0 7212.0 412.0 104.0 formal
12515.0 7212.0 212.0 100.0 bov

9960.0 7364.0 228.0 104.0 and
10236.0 7368.0 304.0 100.0 hand
10584.0 7364.0 352.0 104.0 shake
10984.0 7368.0 112.0 96.0 lo
11144.0 7364.0 188.0 100.0 the
11380.0 7356.0 572.0 128.0 president
11956.0 7432.0 24.0 44.0 ,
12040.0 7356.0 256.0 104.0 who
12348.0 7384.0 248.0 76.0 rose
12648.0 7364.0 80.0 92.0 tc

9960.0 7504.0 428.0 108.0 receive
10472.0 7508.0 224.0 100.0 him
10716.0 7580.0 24.0 40.0 ,
10792.0 7512.0 296.0 100.0 after
11132.0 7500.0 364.0 104.0 which
11588.0 7504.0 184.0 100.0 the
11864.0 7500.0 332.0 104.0 "Iron
12248.0 7496.0 480.0 108.0 chancel

9956.0 7648.0 244.0 104.0 lor"
10236.0 7652.0 456.0 124.0 greeted
10776.0 7652.0 120.0 100.0 In
10944.0 7648.0 192.0 104.0 the
11216.0 7671.0 316.0 80.0 same
11592.0 7648.0 720.0 100.0 nnnnertlio
12376.0 7636.0 356.0 108.0 ministers

9960.0 7804.0 224.0 92.0 tors
10232.0 7792.0 248.0 104.0 who
10520.0 7820.0 312.0 80.0 c.ime
10880.0 7788.0 480.0 108.0 forward
11372.0 7860.0 20.0 32.0 ,
11528.0 7784.0 244.0 108.0 The
11820.0 7788.0 384.0 128.0 prince
12260.0 7784.0 256.0 104.0 held
12572.0 7784.0 160.0 104.0 lit1-

9960.0 7936.0 260.0 108.0 bald
10268.0 7936.0 280.0 104.0 head
10612.0 7964.0 124.0 76.0 as
10780.0 7944.0 296.0 100.0 erect
11124.0 7960.0 120.0 76.0 as
11292.0 7955.0 292.0 80.0 ever.
11715.0 7928.0 212.0 108.0 Ills
11979.0 7928.0 500.0 104.0 uniform
12543.0 7955.0 168.0 72.0 wa

9968.0 8108.0 304.0 76.0 worn
10364.0 8080.0 272.0 104.0 with
10724.0 8080.0 188.0 104.0 the
10996.0 8076.0 320.0 104.0 usual
11400.0 8072.0 412.0 124.0 jaunty
11860.0 8072.0 200.0 108.0 air.
12192.0 8072.0 244.0 104.0 The
12512.0 8095.0 212.0 76.0 con-

9968.0 8228.0 304.0 100.0 tents
10312.0 8228.0 120.0 96.0 of
10520.0 8224.0 172.0 104.0 his
10736.0 8220.0 512.0 120.0 dispatch
11296.0 8216.0 220.0 104.0 box
11564.0 8216.0 268.0 124.0 kept
11904.0 8216.0 232.0 104.0 him
12208.0 8220.0 180.0 100.0 for
12452.0 8240.0 280.0 76.0 sonn

9968.0 8368.0 268.0 104.0 time
10300.0 8368.0 280.0 120.0 busy
10636.0 8364.0 460.0 116.0 writing
11140.0 8360.0 268.0 108.0 with
11460.0 8392.0 68.0 72.0 a
11612.0 8360.0 272.0 120.0 long
11932.0 8360.0 368.0 124.0 pencil
12312.0 8436.0 24.0 44.0 ,
12404.0 8356.0 328.0 104.0 whlcl

9968.0 8511.0 144.0 100.0 ho
10152.0 8511.0 264.0 104.0 held
10492.0 8508.0 416.0 104.0 almost
10944.0 8500.0 624.0 120.0 vertically.
11696.0 8504.0 332.0 104.0 Then
12076.0 8504.0 148.0 100.0 ho
12312.0 8508.0 424.0 116.0 steppei

9972.0 8651.0 332.0 104.0 down
10396.0 8668.0 112.0 88.0 lo
10596.0 8655.0 368.0 100.0 Count
11068.0 8648.0 244.0 104.0 N'on
11412.0 8644.0 524.0 108.0 Moltke's
12048.0 8651.0 248.0 96.0 seat
12396.0 8644.0 112.0 104.0 In
12588.0 8644.0 148.0 100.0 tin

9972.0 8799.0 412.0 100.0 second
10424.0 8824.0 228.0 76.0 row
10684.0 8795.0 120.0 100.0 of
10832.0 8795.0 188.0 104.0 the
11068.0 8795.0 352.0 104.0 house
11464.0 8788.0 220.0 104.0 and
11740.0 8788.0 252.0 108.0 held
12048.0 8820.0 64.0 72.0 a
12160.0 8788.0 576.0 124.0 whlsperei

9972.0 8939.0 412.0 104.0 confab
10428.0 8939.0 272.0 100.0 with
10756.0 8935.0 264.0 108.0 him.

10096.0 9079.0 292.0 108.0 Herr
10424.0 9083.0 408.0 108.0 Singer
10836.0 9160.0 28.0 48.0 ,
10900.0 9083.0 188.0 100.0 the
11132.0 9075.0 504.0 108.0 socialist
11640.0 9151.0 24.0 48.0 ,
11700.0 9079.0 604.0 124.0 expressed
12352.0 9071.0 184.0 104.0 Ills
12592.0 9100.0 144.0 76.0 un

9972.0 9223.0 876.0 124.0 compromises
10896.0 9219.0 636.0 128.0 onpositlon
11576.0 9219.0 328.0 104.0 tothe
11944.0 9212.0 780.0 132.0 "septennate'

9980.0 9372.0 288.0 100.0 after
10316.0 9368.0 288.0 104.0 llerr
10648.0 9368.0 460.0 104.0 lllchter
11172.0 9363.0 212.0 104.0 had
11476.0 9363.0 472.0 124.0 spoken.
12088.0 9363.0 180.0 100.0 He
12324.0 9388.0 228.0 76.0 was
12624.0 9359.0 112.0 100.0 In

9980.0 9512.0 568.0 124.0 terrupled
10596.0 9508.0 644.0 124.0 repeatedly
11287.0 9512.0 140.0 116.0 by
11472.0 9503.0 512.0 120.0 laughter
12032.0 9516.0 224.0 92.0 and
12324.0 9528.0 412.0 96.0 groans

9980.0 9652.0 320.0 104.0 Then
10316.0 9728.0 24.0 48.0 ,
10392.0 9680.0 120.0 76.0 as
10560.0 9656.0 188.0 100.0 the
10800.0 9652.0 568.0 112.0 president
11436.0 9648.0 676.0 104.0 announced
12160.0 9648.0 188.0 104.0 the
12443.0 9672.0 296.0 76.0 unori

9984.0 9804.0 344.0 116.0 posed
10372.0 9824.0 472.0 92.0 passage
10887.0 9800.0 124.0 100.0 of
11064.0 9796.0 184.0 104.0 the
11304.0 9796.0 232.0 100.0 first
11568.0 9792.0 464.0 116.0 reading
12036.0 9868.0 24.0 40.0 ,
12112.0 9792.0 400.0 100.0 Prlnco
12556.0 9787.0 184.0 100.0 Uis

9984.0 9940.0 384.0 104.0 inarck
10416.0 9940.0 388.0 104.0 bowed
10856.0 9944.0 112.0 100.0 to
11060.0 9940.0 184.0 100.0 the
11316.0 9936.0 576.0 104.0 ministers
11992.0 9940.0 224.0 96.0 and
12320.0 9932.0 420.0 124.0 speake

9988.0 10084.0 224.0 104.0 anil
10264.0 10084.0 396.0 124.0 passed
10708.0 10092.0 192.0 96.0 oul
10948.0 10108.0 148.0 76.0 on
11152.0 10080.0 172.0 104.0 his
11451.0 10104.0 252.0 100.0 way
11772.0 10108.0 148.0 96.0 up
11988.0 10080.0 192.0 100.0 Uio
12256.0 10072.0 484.0 108.0 U'llheln

9988.0 10228.0 412.0 100.0 stras-
10484.0 10232.0 112.0 96.0 lo
10684.0 10228.0 176.0 100.0 his
10948.0 10228.0 416.0 124.0 palace.
11496.0 10220.0 792.0 104.0 Enthusiastic
12352.0 10220.0 372.0 100.0 crowd

9984.0 10368.0 316.0 104.0 lined
10344.0 10368.0 192.0 108.0 tlie
10576.0 10376.0 408.0 100.0 slreets
11024.0 10368.0 232.0 104.0 and
11304.0 10364.0 528.0 108.0 followed
11904.0 10364.0 180.0 104.0 his
12120.0 10368.0 536.0 116.0 carriage.

10852.0 10536.0 168.0 80.0 ox
11084.0 10536.0 252.0 76.0 Titn
11408.0 10532.0 444.0 84.0 nouitsi
11864.0 10536.0 28.0 76.0 :
11900.0 10580.0 24.0 32.0 .

10108.0 10656.0 540.0 120.0 To-day's
10696.0 10656.0 400.0 100.0 bourse
11148.0 10680.0 228.0 76.0 was
11440.0 10648.0 272.0 128.0 only
11760.0 10652.0 332.0 100.0 saved
12192.0 10652.0 288.0 100.0 from
12528.0 10680.0 64.0 68.0 a
12672.0 10676.0 72.0 76.0 .c

9996.0 10771.0 300.0 100.0 rlous
10408.0 10771.0 520.0 120.0 "slump"
11040.0 10771.0 144.0 120.0 by
11292.0 10771.0 360.0 116.0 heavy
11784.0 10771.0 612.0 112.0 putchases
12528.0 10776.0 208.0 88.0 trot

9996.0 10892.0 404.0 100.0 houses
10488.0 10899.0 292.0 92.0 most
10848.0 10888.0 572.0 100.0 identified
11512.0 10888.0 268.0 100.0 with
11860.0 10884.0 480.0 100.0 Unssian
12443.0 10884.0 300.0 100.0 loan-

10000.0 11008.0 304.0 100.0 Even
10364.0 11008.0 292.0 100.0 their
10688.0 11008.0 184.0 100.0 aid
10924.0 11004.0 188.0 104.0 did
11168.0 11012.0 192.0 96.0 not
11416.0 11012.0 464.0 112.0 prevent
11924.0 11032.0 64.0 72.0 a
12036.0 11000.0 352.0 120.0 slight
12443.0 11000.0 196.0 100.0 fall
12700.0 11000.0 32.0 100.0 i

10012.0 11123.0 588.0 104.0 Russians.

10300.0 11372.0 468.0 88.0 Stntim
10840.0 11368.0 160.0 92.0 of
11092.0 11364.0 228.0 96.0 the
11396.0 11364.0 656.0 116.0 McOlyiin
12152.0 11364.0 364.0 96.0 Cane.

10212.0 11512.0 176.0 104.0 lCn
10404.0 11528.0 24.0 76.0 |
10440.0 11531.0 24.0 52.0 >
10472.0 11528.0 116.0 80.0 i/r
10592.0 11508.0 32.0 84.0 <
10632.0 11535.0 20.0 72.0 (
10656.0 11531.0 32.0 76.0 ;
10696.0 11504.0 96.0 92.0 /it
10696.0 11504.0 28.0 88.0 /
10868.0 11512.0 188.0 84.0 ISSi
11100.0 11508.0 128.0 100.0 by
11264.0 11504.0 336.0 88.0 Jama
11648.0 11504.0 404.0 92.0 Gontnn
12115.0 11504.0 456.0 88.0 Jlcnnetl.
12579.0 11500.0 20.0 16.0 '
12596.0 11500.0 24.0 104.0 ]

10120.0 11636.0 368.0 100.0 HOME
10500.0 11712.0 24.0 36.0 ,
10584.0 11632.0 384.0 104.0 March
11016.0 11644.0 84.0 92.0 7.
11251.0 11632.0 332.0 120.0 fXew
11632.0 11628.0 312.0 104.0 York
12015.0 11628.0 420.0 104.0 Herald
12488.0 11628.0 260.0 104.0 Cabl

10124.0 11780.0 444.0 108.0 Special
10620.0 11784.0 112.0 96.0 to
10808.0 11780.0 184.0 100.0 the
11052.0 11776.0 340.0 124.0 Br.n.J
11536.0 11776.0 56.0 100.0 I
11668.0 11776.0 284.0 100.0 have
12048.0 11776.0 320.0 100.0 made
12432.0 11768.0 316.0 128.0 partii

10008.0 11924.0 244.0 100.0 ular
10300.0 11920.0 548.0 124.0 inquiries
10900.0 11920.0 376.0 120.0 to-day
11332.0 11920.0 244.0 100.0 into
11624.0 11920.0 184.0 100.0 the
11860.0 11928.0 440.0 112.0 present
12352.0 11924.0 288.0 96.0 stale
12708.0 11944.0 40.0 72.0 c

10008.0 12064.0 188.0 104.0 Ihe
10244.0 12064.0 568.0 120.0 McGlynn
10856.0 12088.0 284.0 80.0 case.
11272.0 12060.0 284.0 104.0 This
11628.0 12064.0 92.0 100.0 Is
11772.0 12064.0 440.0 116.0 exactly
12260.0 12056.0 252.0 104.0 how
12564.0 12084.0 172.0 76.0 maters

10008.0 12228.0 224.0 80.0 tors
10280.0 12208.0 340.0 100.0 stand
10648.0 12232.0 24.0 76.0 :
10804.0 12204.0 244.0 104.0 The
11100.0 12204.0 576.0 124.0 piotestof
11720.0 12204.0 192.0 100.0 the
11948.0 12200.0 572.0 120.0 McGlynn
12576.0 12228.0 168.0 76.0 coi

10008.0 12352.0 588.0 124.0 grcgatlon
10652.0 12348.0 228.0 104.0 has.
10940.0 12352.0 112.0 96.0 In
11132.0 12348.0 188.0 100.0 Iho
11372.0 12344.0 444.0 108.0 natural
11868.0 12344.0 320.0 104.0 order
12232.0 12348.0 120.0 96.0 of
12400.0 12344.0 352.0 104.0 thlnm

10016.0 12500.0 272.0 96.0 been
10348.0 12492.0 492.0 104.0 leierred
10892.0 12492.0 144.0 120.0 by
11076.0 12488.0 192.0 104.0 the
11304.0 12515.0 288.0 92.0 pope
11636.0 12496.0 116.0 96.0 to
11796.0 12488.0 192.0 104.0 the
12032.0 12488.0 684.0 104.0 ecclesiastic
12728.0 12519.0 20.0 68.0 ;

10012.0 12636.0 716.0 124.0 department
10820.0 12632.0 364.0 104.0 which
11280.0 12655.0 88.0 76.0 it
11448.0 12655.0 544.0 92.0 concerns
12000.0 12704.0 28.0 48.0 ,
12104.0 12628.0 488.0 124.0 namely.
12648.0 12632.0 104.0 100.0 Hi

10012.0 12780.0 756.0 124.0 propaganda.
10900.0 12776.0 336.0 100.0 Much
11287.0 12772.0 588.0 128.0 depended
11928.0 12776.0 284.0 96.0 from
12304.0 12772.0 184.0 100.0 Ihe
12579.0 12776.0 172.0 96.0 oul

10012.0 12928.0 168.0 96.0 sel
10228.0 12947.0 144.0 76.0 on
10428.0 12920.0 500.0 104.0 whether
10972.0 12947.0 128.0 72.0 or
11148.0 12932.0 196.0 88.0 not
11420.0 12920.0 192.0 100.0 the
11656.0 12916.0 568.0 104.0 doctrines
12268.0 12920.0 124.0 96.0 of
12443.0 12912.0 300.0 104.0 Hem

10012.0 13068.0 52.0 96.0 (
10064.0 13064.0 380.0 100.0 icorje
10448.0 13140.0 28.0 44.0 ,
10608.0 13060.0 372.0 104.0 which
11108.0 13060.0 192.0 104.0 Dr.
11432.0 13060.0 576.0 124.0 McGlynn
12179.0 13064.0 576.0 96.0 advocatec

10016.0 13231.0 288.0 76.0 were
10352.0 13204.0 352.0 128.0 likely
10780.0 13216.0 112.0 88.0 to
10936.0 13208.0 132.0 100.0 be
11120.0 13204.0 716.0 104.0 condemned
11888.0 13204.0 292.0 104.0 here.
12364.0 13204.0 152.0 100.0 So
12564.0 13200.0 176.0 100.0 far

10016.0 13348.0 392.0 124.0 gather
10456.0 13348.0 268.0 124.0 they
10772.0 13352.0 280.0 100.0 have
11124.0 13356.0 200.0 92.0 not
11416.0 13348.0 280.0 100.0 been
11784.0 13348.0 748.0 104.0 condemned.
12668.0 13348.0 88.0 96.0 A

10016.0 13519.0 276.0 72.0 soon
10344.0 13519.0 124.0 76.0 as
10520.0 13492.0 188.0 104.0 Dr.
10768.0 13492.0 564.0 120.0 McGlynn
11436.0 13488.0 92.0 104.0 Is
11620.0 13488.0 248.0 104.0 well
11960.0 13488.0 444.0 120.0 enough
12420.0 13560.0 20.0 44.0 ,
12543.0 13488.0 212.0 100.0 hov

10016.0 13664.0 260.0 76.0 ever
10280.0 13711.0 24.0 44.0 ,
10364.0 13636.0 136.0 100.0 he
10552.0 13636.0 224.0 100.0 will
10828.0 13636.0 132.0 100.0 be
11012.0 13632.0 516.0 124.0 required
11604.0 13636.0 116.0 96.0 to
11800.0 13655.0 316.0 80.0 come
12164.0 13647.0 116.0 84.0 to
12332.0 13632.0 344.0 100.0 Koine
12728.0 13639.0 28.0 92.0 t

10024.0 13804.0 448.0 80.0 answer
10520.0 13779.0 112.0 100.0 to
10680.0 13776.0 192.0 104.0 the
10916.0 13776.0 412.0 120.0 charge
11372.0 13772.0 124.0 100.0 of
11532.0 13772.0 592.0 124.0 offending
12160.0 13776.0 448.0 108.0 against
12656.0 13776.0 100.0 96.0 tli

10020.0 13916.0 512.0 108.0 rhurch'b
10576.0 13916.0 640.0 116.0 discipline.
11356.0 13916.0 108.0 96.0 If
11551.0 13916.0 140.0 96.0 he
11800.0 13916.0 272.0 100.0 does
12184.0 13919.0 200.0 96.0 not
12488.0 13939.0 268.0 76.0 coim

10020.0 14040.0 276.0 100.0 then
10356.0 14052.0 132.0 88.0 no
10540.0 14036.0 232.0 100.0 will
10844.0 14032.0 620.0 140.0 inevitably
11560.0 14032.0 136.0 104.0 bc
11796.0 14028.0 720.0 104.0 condemucd
12612.0 14052.0 148.0 76.0 an

10024.0 14156.0 188.0 100.0 the
10252.0 14151.0 884.0 104.0 condemnation
11192.0 14131.0 236.0 112.0 will
11468.0 14168.0 428.0 80.0 remain
12000.0 14143.0 116.0 100.0 In
12208.0 14151.0 312.0 92.0 force
12604.0 14143.0 128.0 120.0 ju
12748.0 14172.0 12.0 68.0 :

10020.0 14296.0 124.0 72.0 bo
10192.0 14271.0 268.0 112.0 long
10504.0 14291.0 124.0 76.0 as
10676.0 14271.0 184.0 96.0 the
10904.0 14268.0 672.0 116.0 contumacy
11620.0 14260.0 592.0 104.0 continues
12220.0 14332.0 28.0 36.0 ,

10316.0 14495.0 1560.0 104.0 Jacobnl's"Successor
10772.0 14503.0 28.0 92.0 )
11979.0 14495.0 552.0 96.0 Named.

10192.0 14643.0 580.0 108.0 \fnpurlgM
10192.0 14652.0 24.0 100.0 \
10836.0 14647.0 212.0 84.0 1SS7
11100.0 14643.0 128.0 100.0 till
11287.0 14643.0 340.0 84.0 Jama
11712.0 14635.0 396.0 88.0 Gniiltn
12172.0 14635.0 420.0 88.0 Ilcnnclt
12600.0 14699.0 24.0 28.0 ,
12636.0 14635.0 36.0 104.0 ]

10144.0 14771.0 360.0 100.0 HOMK
10512.0 14843.0 28.0 48.0 ,
10596.0 14767.0 384.0 104.0 March
11028.0 14775.0 88.0 92.0 7.
11268.0 14767.0 32.0 112.0 [
11316.0 14767.0 280.0 100.0 New
11656.0 14760.0 304.0 108.0 York
12020.0 14760.0 104.0 104.0 II
12164.0 14763.0 304.0 104.0 erald
12512.0 14767.0 228.0 100.0 Cab
12748.0 14763.0 12.0 96.0 !

10144.0 14911.0 440.0 124.0 Special
10628.0 14915.0 124.0 96.0 to
10848.0 14911.0 200.0 100.0 the
11128.0 14907.0 236.0 104.0 Urn
11364.0 14932.0 36.0 76.0 :
11404.0 14983.0 24.0 28.0 .
11448.0 14911.0 40.0 120.0 ]
11615.0 14907.0 252.0 104.0 The
11972.0 14932.0 288.0 84.0 pope
12360.0 14907.0 208.0 100.0 has
12668.0 14932.0 96.0 96.0 ai

10028.0 15055.0 464.0 124.0 pointed
10544.0 15051.0 280.0 120.0 Mgr.
10868.0 15051.0 580.0 112.0 Hampolla
11456.0 15123.0 28.0 48.0 ,
11524.0 15051.0 188.0 100.0 the
11760.0 15055.0 420.0 96.0 nuncio
12224.0 15051.0 112.0 100.0 at
12384.0 15047.0 380.0 104.0 Madrli

10028.0 15228.0 124.0 72.0 as
10256.0 15199.0 556.0 120.0 secretary
10920.0 15195.0 120.0 100.0 of
11148.0 15199.0 288.0 100.0 slate
11544.0 15199.0 116.0 96.0 to
11744.0 15187.0 468.0 108.0 succeed
12312.0 15191.0 452.0 104.0 Cardlm

10028.0 15316.0 476.0 104.0 Jacobin
10528.0 15316.0 24.0 96.0 !
10576.0 15384.0 24.0 32.0 .

10740.0 15532.0 492.0 96.0 Affairs
11284.0 15528.0 132.0 92.0 in

10160.0 15668.0 388.0 104.0 SortA
10552.0 15744.0 28.0 44.0 ,
10640.0 15668.0 380.0 104.0 March
11064.0 15672.0 88.0 92.0 7.
11284.0 15664.0 680.0 104.0 Thlelmann
11979.0 15736.0 24.0 40.0 ,
12060.0 15664.0 480.0 104.0 German
12596.0 15691.0 168.0 76.0 coi

10040.0 15808.0 676.0 128.0 sill-general
10728.0 15884.0 28.0 40.0 ,
10860.0 15835.0 156.0 76.0 on
11120.0 15804.0 392.0 104.0 behalf
11608.0 15808.0 128.0 100.0 of
11820.0 15808.0 412.0 100.0 Russia
12236.0 15880.0 24.0 40.0 ,
12372.0 15808.0 212.0 100.0 has
12664.0 15808.0 104.0 100.0 di

10044.0 15932.0 484.0 100.0 mantled
10632.0 15932.0 192.0 96.0 the
10928.0 15932.0 420.0 96.0 release
11436.0 15924.0 120.0 100.0 of
11660.0 15924.0 176.0 100.0 six
11944.0 15924.0 356.0 100.0 rebels
12308.0 16000.0 24.0 40.0 ,
12432.0 15932.0 224.0 92.0 two
12724.0 15952.0 44.0 72.0 t

10044.0 16047.0 364.0 100.0 whom
10460.0 16047.0 280.0 100.0 have
10768.0 16039.0 456.0 124.0 already
11256.0 16043.0 272.0 96.0 boon
11564.0 16039.0 284.0 100.0 shot.
11932.0 16039.0 384.0 100.0 Flesch
12328.0 16111.0 28.0 44.0 ,
12408.0 16039.0 348.0 104.0 Krone

10040.0 16160.0 888.0 108.0 consul-general
10940.0 16228.0 28.0 48.0 ,
11028.0 16164.0 196.0 96.0 has
11272.0 16156.0 708.0 120.0 complained
12032.0 16164.0 244.0 92.0 that
12364.0 16156.0 372.0 104.0 Karav
12743.0 16183.0 24.0 76.0 <

10048.0 16284.0 196.0 120.0 jeff
10288.0 16284.0 224.0 96.0 and
10560.0 16276.0 468.0 108.0 TsanotT
11100.0 16300.0 284.0 76.0 weru
11428.0 16276.0 656.0 96.0 maltreated
12172.0 16276.0 144.0 112.0 by
12364.0 16276.0 192.0 100.0 the
12600.0 16300.0 168.0 96.0 go1

10044.0 16399.0 556.0 100.0 eminent.
10728.0 16391.0 244.0 100.0 The
11016.0 16395.0 740.0 116.0 government
11792.0 16387.0 388.0 100.0 denies
12228.0 16387.0 540.0 124.0 thecharg

10048.0 16539.0 140.0 76.0 on
10248.0 16516.0 188.0 100.0 the
10480.0 16512.0 616.0 100.0 admission
11187.0 16508.0 124.0 96.0 of
11408.0 16508.0 188.0 100.0 the
11684.0 16504.0 348.0 100.0 tcbels
12140.0 16504.0 612.0 104.0 thcmselve
12760.0 16543.0 8.0 60.0 ;

10044.0 16632.0 244.0 96.0 The
10372.0 16640.0 316.0 112.0 porte
10776.0 16624.0 212.0 104.0 had
11096.0 16624.0 464.0 100.0 advised
11664.0 16624.0 188.0 96.0 the
11920.0 16636.0 752.0 108.0 government
12740.0 16632.0 28.0 92.0 t

10044.0 16747.0 252.0 104.0 deal
10344.0 16743.0 560.0 104.0 leniently
10940.0 16739.0 284.0 104.0 with
11268.0 16739.0 196.0 100.0 the
11516.0 16739.0 360.0 100.0 rebels'
11876.0 16811.0 24.0 28.0 .

10164.0 16864.0 488.0 100.0 Uimtx
10312.0 16887.0 28.0 76.0 :
10660.0 16936.0 24.0 44.0 ,
10780.0 16860.0 380.0 104.0 March
11264.0 16864.0 84.0 96.0 7.
11484.0 16856.0 332.0 100.0 Much
11924.0 16852.0 468.0 124.0 anxiety
12484.0 16856.0 100.0 100.0 Is
12652.0 16860.0 108.0 100.0 fe

10052.0 16980.0 260.0 100.0 here
10356.0 17004.0 124.0 76.0 as
10528.0 16980.0 116.0 100.0 to
10692.0 16980.0 504.0 96.0 whether
11244.0 16996.0 120.0 76.0 or
11456.0 16980.0 192.0 92.0 not
11740.0 16971.0 408.0 100.0 Russia
12240.0 16971.0 232.0 100.0 will
12524.0 16971.0 248.0 104.0 allo'

10052.0 17099.0 188.0 100.0 the
10284.0 17095.0 592.0 100.0 execution
10932.0 17095.0 120.0 96.0 of
11116.0 17091.0 188.0 100.0 the
11392.0 17087.0 612.0 120.0 Bulgarian
12096.0 17091.0 676.0 120.0 conspiratoi

10060.0 17220.0 112.0 96.0 to
10224.0 17235.0 252.0 76.0 rtass
10523.0 17208.0 648.0 104.0 unnoticed.

10176.0 17332.0 680.0 96.0 RrsTciiUK
10864.0 17400.0 24.0 48.0 ,
10944.0 17319.0 380.0 108.0 March
11372.0 17328.0 100.0 92.0 7.
11608.0 17319.0 240.0 104.0 The
11896.0 17319.0 488.0 104.0 Gorman
12456.0 17344.0 312.0 80.0 consi

10060.0 17443.0 568.0 104.0 Informed
10672.0 17443.0 188.0 100.0 the
10904.0 17435.0 656.0 104.0 authorities
11608.0 17439.0 240.0 100.0 that
11896.0 17435.0 136.0 104.0 ho
12084.0 17439.0 92.0 96.0 Is
12228.0 17439.0 544.0 100.0 Instructe

10060.0 17568.0 112.0 96.0 to
10220.0 17560.0 488.0 104.0 demand
10756.0 17564.0 244.0 96.0 that
11048.0 17564.0 184.0 96.0 tlio
11276.0 17579.0 468.0 100.0 persons
11808.0 17560.0 112.0 92.0 ot
11976.0 17552.0 460.0 104.0 Colonel
12492.0 17556.0 276.0 100.0 Fllot

10060.0 17680.0 368.0 120.0 Major
10476.0 17675.0 408.0 104.0 PansIT
10924.0 17675.0 228.0 100.0 anil
11224.0 17667.0 680.0 108.0 Lieutenant
12008.0 17667.0 616.0 104.0 Kessimolf
12732.0 17675.0 44.0 96.0 I

10056.0 17795.0 620.0 100.0 consigned
10728.0 17811.0 116.0 80.0 to
10892.0 17791.0 172.0 100.0 his
11104.0 17787.0 408.0 104.0 chareo
11556.0 17811.0 124.0 76.0 as
11732.0 17787.0 476.0 100.0 Russian
12328.0 17787.0 432.0 124.0 subject

10068.0 17908.0 652.0 104.0 Panoll'has
10808.0 17904.0 456.0 116.0 already
11372.0 17904.0 276.0 100.0 been
11760.0 17904.0 284.0 100.0 shot.
12184.0 17900.0 336.0 104.0 Filotl
12632.0 17931.0 144.0 72.0 an

10072.0 18027.0 604.0 100.0 Kessimoff
10680.0 18100.0 24.0 36.0 ,
10760.0 18023.0 384.0 112.0 owing
11192.0 18023.0 112.0 96.0 to
11351.0 18019.0 292.0 100.0 their
11692.0 18015.0 464.0 108.0 wounds
12164.0 18095.0 24.0 36.0 ,
12284.0 18019.0 284.0 100.0 have
12660.0 18048.0 116.0 72.0 IK

10064.0 18151.0 180.0 116.0 yet
10292.0 18143.0 276.0 100.0 been
10664.0 18139.0 320.0 104.0 tried.
11172.0 18135.0 240.0 100.0 The
11520.0 18139.0 484.0 100.0 German
12112.0 18135.0 396.0 104.0 consul
12604.0 18163.0 164.0 76.0 set

10084.0 18264.0 480.0 112.0 Captain
10623.0 18256.0 508.0 104.0 Uallnian
11184.0 18264.0 116.0 92.0 to
11344.0 18252.0 584.0 104.0 Giurgevo.

10184.0 18379.0 420.0 104.0 PAIIIS.
10656.0 18375.0 384.0 100.0 March
11087.0 18375.0 92.0 96.0 7.
11324.0 18371.0 700.0 116.0 The.Temps
12108.0 18367.0 416.0 104.0 asserts
12612.0 18367.0 164.0 104.0 the

10076.0 18491.0 192.0 104.0 Iho
10284.0 18491.0 528.0 132.0 political
10876.0 18495.0 576.0 100.0 prisoners
11528.0 18484.0 500.0 108.0 arrested
12104.0 18487.0 124.0 96.0 at
12304.0 18484.0 308.0 104.0 bolia
12696.0 18487.0 52.0 96.0 f
12743.0 18515.0 36.0 64.0 <

10068.0 18608.0 808.0 128.0 participating
10984.0 18608.0 112.0 96.0 In
11248.0 18604.0 188.0 100.0 thu
11576.0 18612.0 384.0 92.0 recent
12108.0 18604.0 352.0 100.0 revolt
12588.0 18627.0 192.0 76.0 wei

10072.0 18727.0 520.0 120.0 whipped
10644.0 18723.0 272.0 100.0 with
10968.0 18719.0 344.0 100.0 knots
11351.0 18719.0 416.0 104.0 durliiK
11832.0 18715.0 188.0 104.0 the
12104.0 18719.0 364.0 100.0 enllre
12536.0 18715.0 236.0 104.0 nlgl

10072.0 18843.0 592.0 104.0 following
10708.0 18839.0 192.0 100.0 the
10944.0 18847.0 352.0 92.0 arrest
11324.0 18859.0 24.0 92.0 ;
11400.0 18839.0 240.0 100.0 lhat
11688.0 18832.0 648.0 104.0 Karavelolf
12432.0 18836.0 96.0 100.0 Is
12612.0 18859.0 152.0 76.0 no

10072.0 18964.0 356.0 136.0 dying
10476.0 18960.0 284.0 100.0 from
10812.0 18956.0 188.0 100.0 the
11044.0 18956.0 388.0 96.0 effects
11456.0 18979.0 28.0 88.0 ;
11540.0 18952.0 240.0 104.0 that
11824.0 18952.0 208.0 100.0 five
12076.0 18948.0 464.0 104.0 otllcials
12592.0 18952.0 188.0 100.0 hav

10076.0 19071.0 452.0 120.0 already
10576.0 19071.0 260.0 104.0 died
10887.0 19071.0 300.0 100.0 from
11240.0 19071.0 184.0 100.0 the
11468.0 19071.0 380.0 100.0 effects
11932.0 19071.0 120.0 96.0 ot
12140.0 19067.0 188.0 100.0 the
12415.0 19067.0 364.0 116.0 punisl

10076.0 19203.0 344.0 92.0 incut.
10544.0 19188.0 248.0 100.0 The
10900.0 19188.0 412.0 100.0 Temps
11416.0 19211.0 256.0 96.0 says
11780.0 19184.0 188.0 100.0 Ihe
12068.0 19180.0 600.0 120.0 Bulgarian
12724.0 19211.0 52.0 72.0 r

10076.0 19312.0 332.0 112.0 cenls
10456.0 19304.0 284.0 124.0 hope
10792.0 19300.0 260.0 120.0 Ihey
11100.0 19300.0 228.0 104.0 will
11420.0 19316.0 456.0 92.0 succeed
11956.0 19308.0 140.0 112.0 by
12140.0 19304.0 192.0 96.0 the
12376.0 19304.0 404.0 96.0 oxercis

10072.0 19427.0 132.0 96.0 of
10240.0 19423.0 276.0 100.0 such
10556.0 19419.0 440.0 120.0 cruelty
11032.0 19415.0 124.0 104.0 in
11204.0 19419.0 604.0 124.0 terrifying
11836.0 19411.0 328.0 108.0 those
12200.0 19415.0 584.0 104.0 meditatiii

10076.0 19539.0 624.0 100.0 revolution
10756.0 19536.0 228.0 104.0 and
11032.0 19536.0 256.0 100.0 thus
11360.0 19539.0 460.0 116.0 pievent
11912.0 19555.0 256.0 80.0 new
12252.0 19532.0 520.0 120.0 uprising

10076.0 19656.0 244.0 100.0 The
10364.0 19656.0 448.0 116.0 regents
10820.0 19724.0 28.0 48.0 ,
10900.0 19652.0 188.0 100.0 the
11140.0 19676.0 336.0 92.0 paper
11516.0 19652.0 276.0 100.0 adds
11804.0 19724.0 24.0 44.0 ,
11868.0 19652.0 288.0 100.0 trust
12208.0 19647.0 408.0 104.0 Russia
12652.0 19652.0 132.0 96.0 wl

10084.0 19783.0 196.0 92.0 not
10328.0 19771.0 540.0 100.0 Interfere
10912.0 19763.0 228.0 104.0 and
11187.0 19767.0 400.0 104.0 intend
11632.0 19792.0 120.0 76.0 to
11788.0 19787.0 272.0 76.0 soon
12115.0 19763.0 532.0 124.0 proclaim
12696.0 19767.0 80.0 100.0 U

10080.0 19888.0 504.0 104.0 absolute
10640.0 19884.0 852.0 124.0 Independence
11536.0 19891.0 124.0 96.0 of
11724.0 19884.0 560.0 100.0 Uul.aria.

10200.0 20004.0 244.0 100.0 The
10532.0 20004.0 484.0 100.0 German
11112.0 19999.0 388.0 104.0 consul
11608.0 20004.0 116.0 96.0 at
11815.0 19995.0 580.0 104.0 Rustchtilc
12404.0 20067.0 24.0 44.0 ,
12504.0 19999.0 280.0 100.0 who1

10104.0 20119.0 616.0 128.0 protection
10816.0 20144.0 232.0 72.0 was
11112.0 20119.0 404.0 100.0 sought
11600.0 20119.0 144.0 108.0 bv
11792.0 20115.0 476.0 112.0 Captain
12324.0 20111.0 460.0 104.0 Uallmai

10100.0 20263.0 220.0 76.0 one
10360.0 20243.0 120.0 92.0 of
10568.0 20240.0 188.0 100.0 tlio
10804.0 20232.0 432.0 104.0 leaders
11280.0 20243.0 116.0 88.0 of
11484.0 20232.0 188.0 104.0 the
11720.0 20236.0 380.0 100.0 recent
12188.0 20236.0 352.0 96.0 revolt
12552.0 20304.0 28.0 44.0 ,
12652.0 20259.0 132.0 76.0 an

10084.0 20360.0 264.0 96.0 who
10384.0 20356.0 400.0 100.0 claims
10824.0 20364.0 120.0 88.0 to
11000.0 20347.0 144.0 104.0 be
11180.0 20376.0 72.0 76.0 a
11304.0 20351.0 480.0 100.0 Russian
11828.0 20347.0 436.0 120.0 subject
12272.0 20419.0 24.0 40.0 ,
12352.0 20347.0 208.0 100.0 has
12604.0 20360.0 184.0 92.0 bee

10084.0 20471.0 588.0 124.0 requested
10764.0 20475.0 140.0 116.0 by
10987.0 20467.0 188.0 100.0 the
11287.0 20467.0 608.0 108.0 Uutgarian
11988.0 20463.0 664.0 100.0 aulhorllies
12764.0 20471.0 24.0 92.0 I

10084.0 20584.0 604.0 108.0 suirender
10732.0 20588.0 188.0 100.0 Iho
10968.0 20584.0 448.0 116.0 refugee
11460.0 20584.0 232.0 104.0 and
11740.0 20584.0 196.0 100.0 has
11988.0 20584.0 444.0 100.0 refused
12484.0 20607.0 144.0 76.0 on
12688.0 20580.0 100.0 104.0 Hi

10084.0 20708.0 432.0 112.0 ground
10604.0 20699.0 248.0 104.0 that
10940.0 20699.0 176.0 100.0 his
11224.0 20708.0 740.0 108.0 government
12068.0 20699.0 200.0 100.0 has
12379.0 20708.0 196.0 92.0 not
12688.0 20699.0 100.0 100.0 In-

10092.0 20815.0 496.0 112.0 structed
10640.0 20819.0 228.0 100.0 him
10908.0 20819.0 112.0 100.0 to
11064.0 20815.0 144.0 104.0 do
11256.0 20843.0 168.0 80.0 so.

11152.0 21060.0 576.0 100.0 William
11804.0 21060.0 448.0 96.0 Talki.

10212.0 21204.0 488.0 104.0 Hr.nux
10704.0 21276.0 32.0 48.0 ,
10784.0 21200.0 380.0 104.0 Maich
11256.0 21208.0 84.0 100.0 7.
11472.0 21204.0 548.0 124.0 Emperor
12112.0 21191.0 500.0 108.0 William
12660.0 21224.0 128.0 100.0 ye

10092.0 21348.0 392.0 120.0 terday
10592.0 21344.0 512.0 104.0 received
11216.0 21344.0 432.0 104.0 Pidoilf
11648.0 21420.0 24.0 40.0 ,
11792.0 21340.0 584.0 124.0 president
12484.0 21344.0 120.0 100.0 of
12712.0 21344.0 80.0 100.0 tl

10088.0 21488.0 592.0 116.0 relchstng.
10824.0 21488.0 128.0 100.0 In
11068.0 21492.0 188.0 96.0 the
11340.0 21484.0 788.0 112.0 conversation
12220.0 21480.0 360.0 108.0 which
12636.0 21492.0 156.0 96.0 toe

10100.0 21636.0 312.0 108.0 place
10520.0 21632.0 184.0 104.0 the
10856.0 21655.0 508.0 100.0 emperor
11508.0 21632.0 240.0 104.0 said
11900.0 21628.0 136.0 100.0 he
12168.0 21651.0 232.0 80.0 was
12564.0 21628.0 228.0 104.0 rclu

10096.0 21776.0 372.0 124.0 tantly
10588.0 21776.0 620.0 124.0 compelled
11380.0 21780.0 112.0 100.0 to
11660.0 21776.0 496.0 104.0 dissolve
12328.0 21768.0 188.0 104.0 the
12679.0 21768.0 104.0 104.0 la

10100.0 21920.0 596.0 120.0 icichstajr.
11012.0 21916.0 456.0 128.0 Despite
11751.0 21916.0 180.0 104.0 his
12176.0 21912.0 616.0 112.0 e.xplanatlc

10100.0 22044.0 120.0 100.0 of
10324.0 22039.0 188.0 100.0 tlio
10616.0 22035.0 680.0 120.0 superiority
11364.0 22044.0 120.0 92.0 of
11588.0 22031.0 668.0 124.0 Germany's
12304.0 22031.0 484.0 104.0 nelghbo

10100.0 22179.0 272.0 80.0 over
10412.0 22155.0 204.0 100.0 her
10656.0 22159.0 124.0 96.0 In
10828.0 22151.0 500.0 124.0 military
11368.0 22159.0 464.0 100.0 matters
11836.0 22223.0 24.0 40.0 ,
11968.0 22151.0 196.0 96.0 the
12248.0 22147.0 548.0 124.0 oppositir

10108.0 22272.0 532.0 120.0 majorlly
10748.0 22268.0 448.0 104.0 refused
11304.0 22276.0 120.0 96.0 lo
11524.0 22268.0 512.0 108.0 sanction
12124.0 22264.0 188.0 104.0 tlio
12415.0 22268.0 380.0 100.0 militai

10116.0 22391.0 228.0 104.0 bill.
10540.0 22387.0 104.0 100.0 It
10816.0 22412.0 228.0 72.0 was
11156.0 22412.0 64.0 76.0 a
11372.0 22408.0 588.0 100.0 necessary
12072.0 22404.0 504.0 80.0 measure
12679.0 22404.0 104.0 80.0 at

10112.0 22503.0 660.0 104.0 reasonable
10816.0 22499.0 348.0 128.0 hopes
11276.0 22503.0 240.0 104.0 that
11560.0 22507.0 188.0 104.0 the
11856.0 22503.0 668.0 116.0 soptennale
12628.0 22499.0 164.0 100.0 ter

10116.0 22624.0 372.0 100.0 would
10772.0 22620.0 284.0 104.0 have
11340.0 22624.0 280.0 104.0 been
11884.0 22616.0 484.0 104.0 adooted
12615.0 22616.0 164.0 100.0 aft

10116.0 22743.0 188.0 96.0 the
10472.0 22735.0 516.0 128.0 example
11160.0 22731.0 328.0 116.0 given
11644.0 22748.0 136.0 112.0 by
11928.0 22731.0 428.0 104.0 France
12360.0 22807.0 28.0 44.0 ,
12496.0 22756.0 300.0 100.0 provi

10116.0 22855.0 636.0 104.0 fallacious.
10896.0 22851.0 100.0 104.0 It
11048.0 22879.0 228.0 76.0 was
11324.0 22855.0 620.0 116.0 gratifying
11992.0 22855.0 112.0 96.0 to
12188.0 22851.0 444.0 100.0 cherish
12724.0 22851.0 72.0 100.0 tl

10120.0 22976.0 284.0 116.0 hope
10452.0 22976.0 244.0 100.0 that
10772.0 22968.0 188.0 104.0 the
11072.0 22972.0 296.0 112.0 largo
11484.0 22972.0 520.0 124.0 majority
12120.0 22968.0 112.0 100.0 In
12344.0 22976.0 188.0 92.0 tlio
12664.0 22991.0 132.0 76.0 tie

10116.0 23091.0 560.0 108.0 roichstaK
10720.0 23087.0 376.0 100.0 would
11132.0 23100.0 392.0 116.0 accept
11568.0 23095.0 192.0 100.0 the
11796.0 23083.0 204.0 104.0 bill
12040.0 23091.0 124.0 92.0 at
12224.0 23079.0 196.0 104.0 the
12496.0 23087.0 304.0 96.0 onlst

10124.0 23203.0 596.0 120.0 Referring
10756.0 23207.0 112.0 100.0 to
10916.0 23203.0 188.0 104.0 the
11144.0 23203.0 484.0 108.0 atlitudo
11668.0 23215.0 112.0 96.0 ot
11851.0 23203.0 188.0 100.0 the
12115.0 23223.0 284.0 100.0 pope
12504.0 23203.0 296.0 100.0 durli

10120.0 23324.0 544.0 104.0 elections
10676.0 23396.0 24.0 44.0 ,
10800.0 23324.0 136.0 100.0 ho
11036.0 23324.0 248.0 100.0 said
11408.0 23328.0 136.0 100.0 ho
11656.0 23316.0 216.0 112.0 had
12028.0 23316.0 460.0 120.0 already
12636.0 23320.0 128.0 100.0 bc
12776.0 23343.0 24.0 72.0 <

10120.0 23435.0 632.0 108.0 convinced
10876.0 23439.0 124.0 96.0 of
11124.0 23439.0 384.0 120.0 pacific
11664.0 23435.0 668.0 120.0 disposition
12504.0 23431.0 120.0 104.0 of
12748.0 23431.0 52.0 104.0 li

10136.0 23555.0 504.0 104.0 holiness
10676.0 23551.0 228.0 104.0 and
10956.0 23555.0 240.0 100.0 that
11248.0 23555.0 84.0 104.0 It
11376.0 23583.0 228.0 76.0 was
11651.0 23583.0 144.0 76.0 on
11848.0 23551.0 228.0 104.0 this
12136.0 23559.0 472.0 92.0 account
12688.0 23551.0 112.0 100.0 th

10128.0 23680.0 568.0 128.0 Germany
10752.0 23668.0 212.0 104.0 had
11012.0 23672.0 344.0 104.0 asked
11408.0 23676.0 232.0 104.0 him
11688.0 23676.0 112.0 120.0 to
11844.0 23672.0 180.0 100.0 act
12124.0 23691.0 124.0 76.0 as
12324.0 23668.0 468.0 100.0 arbitral

10132.0 23795.0 116.0 96.0 In
10300.0 23791.0 188.0 100.0 Ihe
10532.0 23787.0 448.0 124.0 dispute
11028.0 23787.0 272.0 104.0 with
11351.0 23795.0 348.0 112.0 Spain
11751.0 23787.0 336.0 104.0 about
12132.0 23787.0 192.0 100.0 the
12404.0 23783.0 396.0 104.0 Carolli

10136.0 23907.0 460.0 104.0 Islands.
10792.0 23903.0 132.0 104.0 In
11096.0 23911.0 644.0 100.0 conclusion
11856.0 23903.0 192.0 100.0 the
12152.0 23923.0 500.0 116.0 emperor
12756.0 23927.0 44.0 72.0 r

10132.0 24024.0 456.0 120.0 pressed
10736.0 24024.0 192.0 100.0 the
11032.0 24020.0 288.0 112.0 hope
11484.0 24028.0 244.0 104.0 that
11884.0 24016.0 152.0 104.0 all
12140.0 24016.0 664.0 104.0 ecclesiastic

10132.0 24143.0 492.0 104.0 troubles
10720.0 24139.0 500.0 104.0 between
11324.0 24139.0 448.0 108.0 Prussia
11896.0 24131.0 228.0 104.0 and
12212.0 24139.0 188.0 96.0 the
12488.0 24131.0 316.0 104.0 vatlci

10136.0 24263.0 372.0 100.0 would
10556.0 24279.0 280.0 80.0 soon
10896.0 24255.0 132.0 104.0 be
11076.0 24251.0 896.0 136.0 peacefullyand
12020.0 24251.0 668.0 124.0 completely
12732.0 24275.0 72.0 76.0 si

10140.0 24380.0 260.0 104.0 tied.
11224.0 24524.0 60.0 4.0 _

10960.0 24596.0 580.0 104.0 German
11592.0 24592.0 520.0 108.0 Affairs.

10264.0 24736.0 404.0 108.0 HEIIIK
10676.0 24808.0 24.0 48.0 ,
10756.0 24736.0 500.0 104.0 March7.
11388.0 24736.0 244.0 108.0 The
11696.0 24728.0 372.0 112.0 deficit
12160.0 24732.0 244.0 100.0 thai
12508.0 24724.0 232.0 108.0 will

10156.0 24879.0 416.0 104.0 caused
10680.0 24879.0 120.0 100.0 In
10908.0 24879.0 196.0 104.0 tlie
11187.0 24879.0 428.0 120.0 budget
11656.0 24895.0 148.0 108.0 by
11880.0 24872.0 200.0 108.0 the
12160.0 24868.0 592.0 128.0 operation

10148.0 25023.0 184.0 104.0 the
10452.0 25027.0 672.0 112.0 septennale
11287.0 25023.0 216.0 112.0 law
11596.0 25019.0 224.0 108.0 will
11951.0 25016.0 128.0 104.0 ba
12200.0 25016.0 472.0 104.0 covered

10148.0 25195.0 64.0 76.0 a
10248.0 25167.0 296.0 104.0 fresh
10596.0 25167.0 296.0 104.0 loan.
11024.0 25163.0 192.0 108.0 All
11264.0 25167.0 480.0 124.0 projects
11796.0 25163.0 172.0 104.0 for
12056.0 25159.0 304.0 104.0 Iresh
12412.0 25152.0 396.0 108.0 Uxalti

10152.0 25288.0 280.0 104.0 have
10480.0 25284.0 280.0 104.0 been
10816.0 25288.0 612.0 124.0 postponed
11444.0 25360.0 24.0 44.0 ,
11524.0 25300.0 220.0 92.0 and
11788.0 25284.0 184.0 100.0 the
12020.0 25279.0 432.0 96.0 session
12548.0 25284.0 120.0 92.0 ol
12764.0 25284.0 36.0 92.0 I

10152.0 25399.0 560.0 120.0 reichstag
10812.0 25399.0 232.0 108.0 will
11200.0 25407.0 532.0 124.0 probably
11820.0 25399.0 596.0 100.0 terminate
12512.0 25387.0 112.0 108.0 In
12724.0 25395.0 84.0 96.0 t\

10148.0 25519.0 508.0 104.0 months.
10788.0 25515.0 244.0 104.0 The
11087.0 25515.0 512.0 108.0 Kilnlsch
11648.0 25515.0 480.0 108.0 Xeltung
12220.0 25531.0 372.0 80.0 warns
12672.0 25504.0 132.0 104.0 Ut

10160.0 25644.0 164.0 96.0 Ria
10372.0 25636.0 244.0 100.0 that
10664.0 25636.0 516.0 120.0 patience
11228.0 25640.0 488.0 104.0 towards
11760.0 25636.0 200.0 100.0 her
12040.0 25627.0 604.0 116.0 neighbors
12736.0 25623.0 64.0 100.0 h

10156.0 25751.0 352.0 108.0 limits
10600.0 25755.0 228.0 100.0 and
10916.0 25776.0 260.0 80.0 sa\s
11200.0 25776.0 32.0 80.0 :
11364.0 25755.0 192.0 100.0 "If
11640.0 25747.0 404.0 112.0 Hussla
12108.0 25739.0 496.0 124.0 compels
12696.0 25743.0 112.0 92.0 d

10164.0 25895.0 340.0 96.0 many
10552.0 25871.0 116.0 100.0 lo
10716.0 25867.0 264.0 104.0 lake
11024.0 25895.0 144.0 76.0 an
11216.0 25883.0 476.0 92.0 account
11736.0 25867.0 120.0 100.0 of
11904.0 25863.0 184.0 104.0 the
12179.0 25856.0 628.0 108.0 Franco-Hi

10156.0 25988.0 252.0 100.0 slan
10464.0 26003.0 640.0 100.0 agreement
11116.0 26060.0 28.0 44.0 ,
11200.0 25983.0 152.0 104.0 let
11396.0 25992.0 196.0 100.0 her
11648.0 25992.0 432.0 100.0 beware
12164.0 25975.0 212.0 104.0 le.st
12440.0 25975.0 204.0 100.0 she
12732.0 25975.0 64.0 100.0 h

10160.0 26083.0 216.0 124.0 self
10444.0 26128.0 256.0 96.0 may
10748.0 26103.0 280.0 100.0 have
11076.0 26111.0 116.0 96.0 to
11236.0 26128.0 496.0 104.0 conquer
11772.0 26091.0 404.0 112.0 hostile
12248.0 26099.0 564.0 104.0 Germany

10160.0 26219.0 240.0 104.0 The
10456.0 26215.0 372.0 124.0 Kretig
10880.0 26215.0 472.0 108.0 X.eltun.
11404.0 26247.0 256.0 100.0 says
11684.0 26247.0 32.0 80.0 :
11848.0 26215.0 180.0 104.0 "A
12076.0 26212.0 332.0 104.0 letter
12452.0 26212.0 288.0 100.0 from
12800.0 26212.0 12.0 96.0 i

10176.0 26340.0 672.0 116.0 Petersburg
10936.0 26344.0 348.0 92.0 stales
11332.0 26340.0 240.0 108.0 that
11651.0 26340.0 184.0 104.0 the
11880.0 26327.0 456.0 124.0 general
12388.0 26323.0 396.0 104.0 hatred

10168.0 26455.0 568.0 116.0 Germany
10820.0 26455.0 224.0 100.0 and
11096.0 26451.0 188.0 104.0 the
11328.0 26451.0 636.0 128.0 popularity
12044.0 26451.0 120.0 96.0 ot
12268.0 26447.0 424.0 100.0 France
12784.0 26467.0 28.0 76.0 i

10176.0 26571.0 588.0 124.0 becoming
10808.0 26599.0 68.0 76.0 a
10916.0 26579.0 236.0 96.0 sort
11196.0 26571.0 120.0 104.0 of
11384.0 26575.0 428.0 104.0 violent
11856.0 26560.0 576.0 132.0 epedeinlo
12479.0 26564.0 116.0 100.0 in
12704.0 26556.0 88.0 104.0 R

11072.0 26916.0 548.0 100.0 Wasted
11696.0 26908.0 572.0 104.0 Session.

11244.0 27159.0 20.0 16.0 .
11320.0 27056.0 380.0 108.0 March
11768.0 27059.0 92.0 96.0 7.
11988.0 27044.0 248.0 108.0 Tlm
12324.0 27044.0 436.0 100.0 session

10180.0 27199.0 188.0 104.0 the
10416.0 27196.0 452.0 120.0 general
10916.0 27196.0 564.0 124.0 assembly
11564.0 27192.0 460.0 136.0 expired
12136.0 27184.0 144.0 120.0 by
12368.0 27171.0 448.0 116.0 llmitatl

10188.0 27339.0 372.0 128.0 to-day
10608.0 27339.0 228.0 104.0 and
10884.0 27343.0 268.0 100.0 both
11200.0 27339.0 548.0 112.0 branches
11784.0 27323.0 632.0 132.0 adjourned
12452.0 27323.0 360.0 120.0 to-nlg

10188.0 27487.0 188.0 100.0 the
10420.0 27483.0 348.0 104.0 hotue
10812.0 27487.0 108.0 100.0 at
10972.0 27487.0 120.0 92.0 1U
11136.0 27479.0 420.0 108.0 o'clock
11604.0 27476.0 224.0 112.0 and
11880.0 27476.0 188.0 104.0 tlie
12112.0 27476.0 396.0 96.0 senate
12556.0 27463.0 244.0 108.0 half

10184.0 27599.0 292.0 104.0 hour
10512.0 27599.0 320.0 104.0 later.
10948.0 27599.0 428.0 108.0 Nearly
11416.0 27603.0 152.0 112.0 all
11604.0 27608.0 132.0 96.0 of
11772.0 27595.0 196.0 104.0 the
12000.0 27591.0 632.0 112.0 important
12672.0 27591.0 148.0 108.0 Iff

10196.0 27719.0 352.0 100.0 latlon
10596.0 27719.0 120.0 100.0 of
10804.0 27715.0 192.0 104.0 the
11040.0 27719.0 440.0 104.0 session
11576.0 27723.0 196.0 100.0 has
11864.0 27699.0 380.0 116.0 failed.
12420.0 27703.0 400.0 100.0 Goveri

10196.0 27835.0 300.0 116.0 Gray
10540.0 27831.0 496.0 116.0 to-night
11076.0 27843.0 344.0 100.0 states
11468.0 27835.0 240.0 112.0 that
11751.0 27831.0 140.0 108.0 be
11940.0 27828.0 184.0 112.0 wll
12136.0 27824.0 32.0 136.0 }
12260.0 27824.0 204.0 104.0 not
12543.0 27815.0 216.0 108.0 call

10216.0 27964.0 316.0 100.0 extra
10572.0 27951.0 488.0 116.0 seseiou.

12916.0 2512.0 584.0 232.0 FATAL
13671.0 2512.0 1188.0 236.0 PROHIBITION
15104.0 2500.0 540.0 236.0 F1C1IF
15668.0 2680.0 28.0 60.0 ,

12904.0 3076.0 108.0 128.0 A
13064.0 3076.0 220.0 132.0 DCS
13336.0 3072.0 436.0 136.0 Moines
13828.0 3076.0 612.0 132.0 Constable
14540.0 3072.0 288.0 132.0 Shot
14924.0 3072.0 356.0 128.0 Down
15380.0 3064.0 352.0 132.0 After

13652.0 3264.0 472.0 164.0 Having
14235.0 3256.0 340.0 136.0 Tired
14656.0 3260.0 324.0 128.0 Once.

12920.0 3636.0 208.0 112.0 HE
13336.0 3636.0 468.0 108.0 MADE
13988.0 3636.0 264.0 112.0 HIS
14407.0 3632.0 412.0 108.0 LAST
15027.0 3628.0 692.0 112.0 ARREST.

12916.0 4016.0 688.0 104.0 Decisions
13684.0 4016.0 576.0 100.0 Handed
14316.0 4020.0 392.0 92.0 Ooxvn
14771.0 4016.0 180.0 112.0 Hy
15052.0 4008.0 224.0 100.0 the
15380.0 4008.0 348.0 100.0 Iowa

13160.0 4200.0 644.0 108.0 Supreme.
13864.0 4188.0 412.0 96.0 Court
14420.0 4180.0 724.0 100.0 Witnesses
15252.0 4180.0 244.0 96.0 IJe-

13340.0 4360.0 188.0 116.0 Ini
13524.0 4388.0 44.0 84.0 :
13620.0 4352.0 804.0 120.0 SiibiuiMitcd
14484.0 4356.0 128.0 96.0 In
14676.0 4352.0 224.0 96.0 the
14960.0 4348.0 300.0 100.0 Had
15271.0 4388.0 44.0 36.0 *

13571.0 4524.0 360.0 100.0 dock
14048.0 4528.0 564.0 96.0 Murder
14732.0 4524.0 368.0 96.0 Case.

13696.0 4884.0 452.0 100.0 Killed
14204.0 4908.0 172.0 72.0 an
14452.0 4884.0 516.0 92.0 Oflieor.

13052.0 5024.0 248.0 108.0 Dns
13371.0 5020.0 524.0 116.0 Motxr.s
13964.0 5020.0 144.0 104.0 la.
14124.0 5096.0 24.0 40.0 ,
14207.0 5016.0 380.0 112.0 March
14640.0 5024.0 92.0 100.0 7.
14880.0 5012.0 28.0 124.0 [
14927.0 5012.0 440.0 128.0 Special
15435.0 5008.0 272.0 108.0 Tele-

12932.0 5192.0 308.0 100.0 gram
13296.0 5188.0 116.0 80.0 to
13464.0 5164.0 184.0 104.0 the
13700.0 5160.0 844.0 120.0 liitE.uly
13852.0 5188.0 24.0 80.0 :
13935.0 5188.0 24.0 80.0 :
14040.0 5172.0 28.0 116.0 ]
14596.0 5156.0 220.0 108.0 Ihls
14868.0 5160.0 488.0 112.0 evening
15468.0 5156.0 276.0 104.0 Con-

12936.0 5308.0 352.0 108.0 sl.iblo
13343.0 5312.0 380.0 100.0 Logan
13743.0 5380.0 24.0 44.0 ,
13788.0 5300.0 252.0 112.0 who
14092.0 5308.0 196.0 100.0 has
14335.0 5312.0 276.0 96.0 been
14660.0 5328.0 260.0 96.0 very
14976.0 5304.0 364.0 104.0 acllvo
15396.0 5296.0 116.0 104.0 In
15563.0 5292.0 180.0 104.0 the

12943.0 5456.0 776.0 100.0 enfoicement
13768.0 5456.0 120.0 96.0 of
13940.0 5448.0 184.0 108.0 the
14168.0 5444.0 680.0 128.0 prohibitory
14884.0 5448.0 212.0 100.0 law
15104.0 5516.0 24.0 40.0 ,
15180.0 5436.0 468.0 120.0 stopped
15691.0 5464.0 52.0 76.0 a

12936.0 5596.0 272.0 116.0 dray
13264.0 5592.0 264.0 104.0 with
13580.0 5624.0 64.0 72.0 a
13692.0 5592.0 356.0 104.0 batrel
14096.0 5596.0 124.0 100.0 of
14316.0 5592.0 440.0 116.0 whisky
14799.0 5612.0 144.0 76.0 on
15004.0 5584.0 84.0 104.0 it
15148.0 5580.0 596.0 120.0 belonging

12943.0 5752.0 112.0 88.0 to
13120.0 5736.0 464.0 108.0 llulbeit
13588.0 5812.0 32.0 48.0 ,
13700.0 5736.0 432.0 104.0 HCSS&
14188.0 5736.0 184.0 100.0 Co.
14384.0 5808.0 32.0 44.0 ,
14471.0 5728.0 604.0 108.0 wholesale
15144.0 5728.0 572.0 124.0 druggists
15724.0 5796.0 24.0 44.0 ,

12943.0 5880.0 364.0 104.0 which
13364.0 5908.0 228.0 76.0 was
13643.0 5876.0 332.0 104.0 about
14071.0 5884.0 112.0 96.0 to
14296.0 5880.0 132.0 96.0 bo
14471.0 5872.0 568.0 108.0 delivered
15091.0 5876.0 112.0 96.0 to
15271.0 5900.0 64.0 72.0 a
15440.0 5864.0 308.0 104.0 letail

12940.0 6020.0 540.0 120.0 druggist.
13616.0 6020.0 172.0 108.0 Ho
13835.0 6020.0 464.0 104.0 ordered
14348.0 6020.0 184.0 104.0 the
14580.0 6020.0 372.0 100.0 driver
14956.0 6088.0 24.0 48.0 ,
15080.0 6012.0 180.0 104.0 Ah
15363.0 6012.0 352.0 120.0 Camp-

12948.0 6168.0 208.0 104.0 bell
13168.0 6244.0 24.0 32.0 ,
13248.0 6180.0 112.0 92.0 to
13412.0 6195.0 136.0 92.0 go
13596.0 6164.0 272.0 104.0 with
13920.0 6164.0 228.0 104.0 him
14199.0 6160.0 272.0 108.0 bick
14532.0 6164.0 108.0 100.0 to
14692.0 6160.0 188.0 100.0 Hie
14927.0 6156.0 656.0 104.0 warehouse
15640.0 6160.0 108.0 92.0 lo

12943.0 6340.0 184.0 72.0 see
13220.0 6308.0 88.0 104.0 If
13388.0 6308.0 140.0 104.0 lie
13616.0 6308.0 216.0 104.0 had
13880.0 6340.0 68.0 68.0 a
13992.0 6308.0 404.0 104.0 permit
14448.0 6308.0 176.0 100.0 for
14671.0 6300.0 628.0 116.0 delivering
15356.0 6296.0 392.0 124.0 liquor.

12948.0 6452.0 556.0 124.0 Entering
13548.0 6452.0 188.0 104.0 the
13780.0 6460.0 300.0 96.0 slore
14148.0 6452.0 136.0 100.0 he
14335.0 6460.0 296.0 92.0 went
14676.0 6456.0 112.0 92.0 to
14899.0 6444.0 184.0 104.0 the
15196.0 6468.0 244.0 76.0 rear
15527.0 6436.0 220.0 104.0 and

12943.0 6596.0 244.0 104.0 said
13284.0 6596.0 244.0 104.0 that
13632.0 6592.0 220.0 104.0 this
13899.0 6592.0 372.0 104.0 driver
14380.0 6615.0 232.0 80.0 was
14660.0 6584.0 364.0 108.0 under
15063.0 6592.0 352.0 96.0 arrest
15524.0 6580.0 224.0 100.0 and

12952.0 6740.0 448.0 104.0 wanted
13448.0 6748.0 116.0 96.0 to
13607.0 6736.0 348.0 104.0 know
14007.0 6736.0 96.0 104.0 If
14148.0 6736.0 184.0 104.0 the
14384.0 6740.0 348.0 96.0 house
14780.0 6728.0 224.0 104.0 had
15091.0 6755.0 64.0 76.0 a
15240.0 6720.0 512.0 124.0 delivery

12952.0 6880.0 396.0 116.0 permit
13400.0 6884.0 176.0 100.0 for
13624.0 6880.0 264.0 104.0 him.
14024.0 6880.0 216.0 104.0 Mr.
14307.0 6880.0 112.0 104.0 C.
14480.0 6872.0 152.0 108.0 H.
14708.0 6872.0 332.0 108.0 Ward
15056.0 6944.0 20.0 52.0 ,
15132.0 6895.0 216.0 80.0 one
15396.0 6868.0 120.0 100.0 of
15563.0 6868.0 188.0 100.0 the

12952.0 7028.0 676.0 124.0 proprietors
13732.0 7020.0 540.0 124.0 standing
14380.0 7020.0 136.0 128.0 by
14528.0 7096.0 28.0 44.0 ,
14607.0 7016.0 420.0 120.0 replied
15080.0 7012.0 236.0 108.0 that
15372.0 7012.0 136.0 104.0 ho
15552.0 7008.0 196.0 104.0 did

12956.0 7175.0 200.0 96.0 not
13204.0 7172.0 380.0 100.0 know.
13716.0 7168.0 676.0 124.0 Thereupon
14492.0 7160.0 480.0 108.0 another
15016.0 7156.0 376.0 108.0 driver
15396.0 7232.0 24.0 44.0 ,
15532.0 7152.0 216.0 108.0 Joe

12960.0 7315.0 336.0 100.0 Howe
13304.0 7387.0 24.0 44.0 ,
13384.0 7312.0 468.0 124.0 stopped
13920.0 7315.0 224.0 96.0 and
14235.0 7308.0 516.0 124.0 inquired
14835.0 7308.0 296.0 100.0 what
15244.0 7323.0 236.0 80.0 was
15563.0 7296.0 188.0 104.0 the

12960.0 7463.0 432.0 96.0 matter.
13588.0 7456.0 384.0 124.0 Logan
14028.0 7452.0 428.0 120.0 replied
14528.0 7452.0 240.0 100.0 thai
14816.0 7448.0 136.0 104.0 he
15004.0 7444.0 212.0 108.0 had
15276.0 7440.0 476.0 108.0 arreslcil

12956.0 7599.0 612.0 120.0 Campbell.

13084.0 7743.0 396.0 100.0 "Have
13528.0 7768.0 220.0 96.0 you
13796.0 7743.0 188.0 120.0 got
14032.0 7768.0 64.0 72.0 a
14176.0 7739.0 492.0 104.0 warrant
14756.0 7736.0 180.0 104.0 for
15027.0 7732.0 172.0 104.0 his
15288.0 7724.0 468.0 112.0 aircst'1

12968.0 7883.0 348.0 108.0 asked
13371.0 7883.0 364.0 104.0 Howe.

13100.0 8023.0 276.0 108.0 "It's
13424.0 8052.0 296.0 80.0 none
13768.0 8027.0 120.0 104.0 of
13932.0 8052.0 284.0 100.0 your
14252.0 8023.0 68.0 100.0 d
14568.0 8023.0 64.0 104.0 d
14668.0 8019.0 516.0 104.0 business
15191.0 8095.0 28.0 40.0 ,
15235.0 8004.0 84.0 68.0 "
15360.0 8019.0 396.0 128.0 replied

12976.0 8172.0 184.0 104.0 the
13207.0 8172.0 572.0 104.0 constable
13807.0 8196.0 24.0 100.0 ;
13896.0 8172.0 296.0 100.0 "and
14244.0 8172.0 92.0 100.0 If
14380.0 8192.0 220.0 100.0 you
14648.0 8159.0 320.0 112.0 don't
15004.0 8163.0 280.0 120.0 keep
15332.0 8163.0 232.0 104.0 still
15604.0 8159.0 132.0 108.0 i'l

12972.0 8324.0 352.0 92.0 airest
13371.0 8340.0 212.0 96.0 you
13600.0 8388.0 24.0 48.0 ,
13680.0 8320.0 212.0 96.0 too.
13907.0 8312.0 72.0 56.0 "

13096.0 8460.0 300.0 100.0 "Xot
13496.0 8460.0 388.0 100.0 unless
13968.0 8484.0 224.0 96.0 you
14284.0 8460.0 280.0 96.0 have
14648.0 8480.0 64.0 76.0 a
14820.0 8456.0 488.0 100.0 warrant
15320.0 8528.0 24.0 36.0 ,
15360.0 8447.0 64.0 56.0 "
15532.0 8447.0 224.0 108.0 said

12972.0 8600.0 340.0 104.0 Howe
13340.0 8624.0 24.0 100.0 ;
13416.0 8604.0 224.0 100.0 and
13671.0 8672.0 28.0 44.0 ,
13788.0 8600.0 472.0 120.0 turning
14348.0 8608.0 112.0 96.0 to
14552.0 8596.0 564.0 124.0 Campbell
15132.0 8668.0 24.0 52.0 ,
15252.0 8596.0 136.0 100.0 he
15476.0 8592.0 244.0 104.0 said
15748.0 8620.0 12.0 76.0 ;

12976.0 8740.0 188.0 104.0 "If
13212.0 8744.0 132.0 100.0 ho
13392.0 8740.0 372.0 108.0 hasn't
13816.0 8748.0 188.0 104.0 got
14052.0 8772.0 60.0 72.0 a
14160.0 8744.0 492.0 100.0 warrant
14696.0 8764.0 220.0 100.0 you
14968.0 8768.0 136.0 92.0 go
15152.0 8736.0 344.0 124.0 along
15540.0 8736.0 220.0 104.0 and

12972.0 8896.0 268.0 92.0 tend
13296.0 8892.0 112.0 96.0 to
13452.0 8912.0 276.0 96.0 your
13776.0 8884.0 344.0 104.0 work.
14135.0 8884.0 68.0 52.0 "

13100.0 9036.0 160.0 96.0 As
13307.0 9032.0 132.0 100.0 he
13492.0 9028.0 348.0 120.0 spoke
13843.0 9104.0 24.0 48.0 ,
13935.0 9028.0 376.0 116.0 Logan
14368.0 9028.0 304.0 104.0 drew
14760.0 9024.0 180.0 104.0 his
15004.0 9024.0 508.0 104.0 revolver
15555.0 9048.0 184.0 76.0 am
15748.0 9024.0 12.0 96.0 !

12979.0 9172.0 268.0 104.0 fired
13300.0 9180.0 112.0 96.0 at
13471.0 9172.0 336.0 100.0 Howe
13812.0 9248.0 24.0 48.0 ,
13896.0 9176.0 256.0 96.0 who
14199.0 9172.0 528.0 100.0 returned
14776.0 9168.0 188.0 104.0 the
15020.0 9168.0 192.0 100.0 lire
15216.0 9240.0 28.0 40.0 ,
15299.0 9160.0 444.0 128.0 sendltij
15744.0 9196.0 16.0 68.0 :

12979.0 9344.0 64.0 76.0 a
13136.0 9316.0 340.0 100.0 bullet
13588.0 9316.0 240.0 100.0 Into
13935.0 9312.0 492.0 108.0 Logan's
14540.0 9316.0 396.0 96.0 breast.
15068.0 9312.0 248.0 100.0 The
15420.0 9308.0 332.0 104.0 latter
15752.0 9384.0 8.0 20.0 ,

12979.0 9431.0 280.0 100.0 with
13300.0 9431.0 512.0 100.0 revolver
13848.0 9431.0 564.0 100.0 extended
14424.0 9503.0 24.0 44.0 ,
14499.0 9431.0 432.0 100.0 started
15032.0 9431.0 308.0 96.0 after
15376.0 9427.0 356.0 120.0 Camp

12979.0 9548.0 212.0 104.0 bell
13207.0 9620.0 24.0 40.0 ,
13288.0 9548.0 192.0 104.0 but
13592.0 9548.0 188.0 100.0 fell
13880.0 9548.0 404.0 104.0 within
14376.0 9556.0 188.0 96.0 ten
14663.0 9548.0 228.0 100.0 feet
14980.0 9544.0 224.0 104.0 and
15252.0 9540.0 256.0 104.0 died
15560.0 9544.0 112.0 96.0 In
15727.0 9567.0 36.0 72.0 r

12988.0 9668.0 464.0 100.0 minute.
13588.0 9668.0 344.0 100.0 Howe
13988.0 9692.0 224.0 72.0 was
14312.0 9672.0 116.0 92.0 at
14507.0 9684.0 284.0 80.0 once
14876.0 9664.0 492.0 100.0 arrested
15420.0 9668.0 224.0 92.0 and
15696.0 9656.0 68.0 100.0 Is

12988.0 9808.0 252.0 76.0 now
13296.0 9783.0 108.0 100.0 In
13460.0 9779.0 236.0 124.0 jail.
13824.0 9779.0 368.0 104.0 There
14268.0 9779.0 96.0 100.0 is
14452.0 9779.0 324.0 100.0 much
14892.0 9779.0 680.0 100.0 excitement
15672.0 9775.0 92.0 96.0 In

12988.0 9919.0 296.0 80.0 town
13336.0 9923.0 268.0 76.0 over
13643.0 9892.0 188.0 108.0 the
13884.0 9896.0 444.0 104.0 murder
14332.0 9972.0 24.0 40.0 ,
14432.0 9900.0 192.0 96.0 but
14720.0 9919.0 144.0 76.0 no
14908.0 9896.0 424.0 100.0 serious
15388.0 9892.0 340.0 100.0 result
15740.0 9923.0 24.0 36.0 *

12984.0 10044.0 152.0 72.0 an
13148.0 10048.0 24.0 64.0 ;
13220.0 10016.0 420.0 100.0 feared.
13792.0 10012.0 384.0 104.0 Public
14224.0 10008.0 468.0 128.0 opinion
14752.0 10016.0 92.0 96.0 is
14927.0 10008.0 452.0 104.0 divided
15399.0 10080.0 20.0 52.0 ,
15480.0 10036.0 284.0 72.0 some

12988.0 10131.0 468.0 112.0 holding
13624.0 10131.0 240.0 104.0 thai
14032.0 10127.0 184.0 104.0 iho
14348.0 10127.0 272.0 104.0 lalal
14748.0 10131.0 248.0 100.0 shot
15148.0 10152.0 228.0 76.0 was
15516.0 10124.0 248.0 104.0 tired

12996.0 10252.0 116.0 96.0 In
13352.0 10248.0 220.0 100.0 self
13796.0 10248.0 472.0 100.0 defense
14492.0 10244.0 224.0 104.0 and
14960.0 10244.0 240.0 100.0 thai
15388.0 10240.0 376.0 120.0 Logan

12988.0 10392.0 240.0 76.0 was
13332.0 10368.0 624.0 116.0 altogether
14056.0 10372.0 188.0 92.0 too
14380.0 10364.0 244.0 100.0 fieo
14724.0 10360.0 272.0 100.0 with
15108.0 10360.0 176.0 100.0 his
15391.0 10360.0 376.0 124.0 pistol.

12996.0 10479.0 384.0 112.0 Lognii
13436.0 10468.0 544.0 132.0 belonged
14035.0 10487.0 112.0 92.0 to
14196.0 10508.0 56.0 72.0 a
14304.0 10483.0 552.0 120.0 quartette
14944.0 10479.0 120.0 96.0 of
15152.0 10476.0 568.0 104.0 constable
15735.0 10500.0 32.0 48.0 *

12996.0 10596.0 248.0 104.0 who
13356.0 10600.0 276.0 100.0 have
13764.0 10604.0 272.0 96.0 been
14192.0 10596.0 464.0 104.0 making
14808.0 10596.0 388.0 116.0 nearly
15344.0 10596.0 144.0 96.0 all
15608.0 10592.0 160.0 100.0 the

12992.0 10712.0 512.0 104.0 searches
13548.0 10712.0 220.0 104.0 and
13864.0 10716.0 484.0 100.0 sci/ures
14399.0 10712.0 356.0 100.0 under
14820.0 10712.0 184.0 100.0 the
15099.0 10708.0 668.0 124.0 prohibltorj

12996.0 10835.0 216.0 96.0 law
13256.0 10835.0 124.0 92.0 of
13428.0 10831.0 216.0 100.0 late
13692.0 10831.0 224.0 100.0 and
13971.0 10831.0 276.0 96.0 have
14299.0 10831.0 268.0 96.0 been
14620.0 10852.0 264.0 96.0 very
14932.0 10828.0 340.0 116.0 teady
15320.0 10831.0 112.0 92.0 to
15480.0 10828.0 284.0 96.0 draw

13000.0 10956.0 556.0 92.0 levnlvers
13664.0 10952.0 596.0 96.0 whenever
14404.0 10944.0 292.0 100.0 their
14844.0 10944.0 568.0 120.0 authority
15568.0 10968.0 168.0 72.0 wa
15744.0 10971.0 24.0 40.0 >

12996.0 11064.0 260.0 104.0 calif
13276.0 11064.0 68.0 100.0 d
13443.0 11068.0 112.0 96.0 in
13643.0 11064.0 556.0 124.0 question.
14335.0 11060.0 340.0 100.0 Howe
14768.0 11084.0 228.0 76.0 was
15080.0 11088.0 68.0 68.0 a
15235.0 11060.0 504.0 116.0 peaceful
15755.0 11128.0 12.0 36.0 ,

13000.0 11183.0 804.0 112.0 good-natured
13892.0 11179.0 372.0 100.0 fellow
14271.0 11251.0 24.0 28.0 ,
14348.0 11179.0 228.0 100.0 and
14671.0 11176.0 196.0 100.0 has
14956.0 11172.0 420.0 120.0 always
15420.0 11176.0 264.0 100.0 bore
15732.0 11204.0 36.0 68.0 r

13000.0 11300.0 288.0 104.0 good
13376.0 11300.0 672.0 120.0 reputation.
14248.0 11296.0 172.0 100.0 Ho
14524.0 11296.0 228.0 96.0 had
14852.0 11296.0 276.0 96.0 been
15227.0 11288.0 320.0 104.0 twice
15640.0 11316.0 132.0 72.0 ar-

13000.0 11412.0 364.0 104.0 rested
13456.0 11420.0 376.0 96.0 before
13920.0 11420.0 180.0 92.0 lor
14180.0 11412.0 632.0 112.0 delivering
14892.0 11407.0 428.0 120.0 liquors
15416.0 11407.0 112.0 100.0 in
15627.0 11407.0 144.0 96.0 hi'

13000.0 11531.0 500.0 120.0 capacity
13552.0 11556.0 120.0 76.0 as
13740.0 11528.0 536.0 120.0 drayman
14292.0 11600.0 28.0 36.0 ,
14368.0 11524.0 232.0 104.0 and
14692.0 11531.0 84.0 92.0 it
14868.0 11524.0 92.0 100.0 is
15035.0 11524.0 476.0 112.0 thought
15560.0 11528.0 192.0 96.0 tha

13004.0 11648.0 140.0 100.0 lie
13192.0 11648.0 212.0 100.0 had
13456.0 11648.0 268.0 100.0 been
13780.0 11648.0 424.0 100.0 go.uled
14264.0 11648.0 132.0 116.0 by
14448.0 11644.0 188.0 100.0 the
14727.0 11664.0 668.0 92.0 annoyance
15444.0 11648.0 112.0 88.0 to
15608.0 11640.0 164.0 100.0 tin

13000.0 11768.0 320.0 108.0 point
13364.0 11764.0 120.0 100.0 of
13524.0 11764.0 524.0 120.0 i-arrylnz
14092.0 11792.0 64.0 72.0 a
14207.0 11759.0 504.0 100.0 revolver
14799.0 11759.0 172.0 100.0 for
15020.0 11755.0 176.0 104.0 his
15244.0 11780.0 252.0 80.0 own
15555.0 11780.0 196.0 96.0 pro

13004.0 11883.0 412.0 100.0 tccllon
13468.0 11883.0 444.0 108.0 against
13964.0 11868.0 184.0 112.0 the
14199.0 11876.0 472.0 104.0 olllcurs.

13664.0 12128.0 660.0 116.0 Supreme
14371.0 12124.0 420.0 92.0 Court
14835.0 12116.0 736.0 100.0 Decisions.

13124.0 12264.0 248.0 104.0 DF.S
13424.0 12264.0 512.0 104.0 MOI.VKS
13996.0 12260.0 148.0 104.0 la.
14164.0 12332.0 24.0 44.0 ,
14244.0 12256.0 376.0 104.0 March
14660.0 12264.0 84.0 96.0 7.
14892.0 12256.0 32.0 128.0 [
14940.0 12256.0 440.0 124.0 Special
15480.0 12251.0 296.0 104.0 Tele-

13007.0 12436.0 304.0 76.0 cram
13364.0 12412.0 112.0 96.0 to
13524.0 12404.0 184.0 100.0 the
13748.0 12404.0 280.0 104.0 Unn.
14064.0 12404.0 20.0 120.0 I
14224.0 12404.0 240.0 100.0 The
14512.0 12428.0 512.0 84.0 supieme
15112.0 12404.0 324.0 96.0 court
15540.0 12424.0 236.0 76.0 ron-

13004.0 12548.0 336.0 104.0 deied
13388.0 12560.0 184.0 88.0 Hie
13620.0 12548.0 592.0 116.0 tallowing
14256.0 12544.0 564.0 104.0 decisions
14871.0 12544.0 256.0 100.0 here
15176.0 12540.0 384.0 124.0 to-day
15588.0 12564.0 24.0 80.0 :

13120.0 12692.0 64.0 96.0 .1
13288.0 12692.0 120.0 100.0 L.
13464.0 12688.0 572.0 104.0 Robinson
14096.0 12716.0 156.0 72.0 vs.
14371.0 12684.0 480.0 112.0 Chicago
14863.0 12760.0 24.0 44.0 ,
14971.0 12684.0 308.0 104.0 Hock
15399.0 12680.0 376.0 104.0 Island

13012.0 12807.0 100.0 100.0 it
13160.0 12788.0 400.0 124.0 P.icllin
13604.0 12799.0 476.0 108.0 railroad
14092.0 12879.0 24.0 48.0 ,
14168.0 12803.0 576.0 124.0 appellant
14752.0 12875.0 28.0 48.0 ,
14840.0 12811.0 292.0 92.0 from
15232.0 12799.0 280.0 100.0 Polk
15596.0 12803.0 180.0 96.0 cir

13012.0 12928.0 264.0 100.0 cult.
13420.0 12924.0 580.0 100.0 Reversed.

13128.0 13040.0 460.0 104.0 Charles
13632.0 13040.0 128.0 104.0 K.
13804.0 13036.0 524.0 104.0 Hissor&
14368.0 13036.0 192.0 104.0 Co.
14607.0 13032.0 236.0 104.0 and
14944.0 13032.0 452.0 124.0 Spairv.
15491.0 13036.0 288.0 100.0 Wall

13016.0 13159.0 96.0 96.0 &
13164.0 13163.0 416.0 96.0 Gaivcr
13628.0 13184.0 120.0 76.0 vs
13828.0 13151.0 388.0 104.0 W.V.
14224.0 13223.0 28.0 32.0 .
14348.0 13155.0 584.0 96.0 Ralhburn
15044.0 13132.0 276.0 120.0 and"
15380.0 13151.0 124.0 100.0 G.
15635.0 13151.0 124.0 100.0 W

13028.0 13272.0 536.0 108.0 Kothvvell
13576.0 13348.0 20.0 32.0 ,
13692.0 13272.0 572.0 124.0 appellant
14271.0 13348.0 24.0 48.0 ,
14388.0 13280.0 292.0 92.0 liom
14792.0 13268.0 704.0 100.0 Pocahontas
15584.0 13272.0 180.0 100.0 dis

13016.0 13396.0 288.0 96.0 trlet.
13436.0 13392.0 576.0 100.0 Allirmed.

13140.0 13511.0 424.0 108.0 George
13607.0 13503.0 148.0 104.0 M.
13824.0 13503.0 280.0 100.0 How
14152.0 13507.0 100.0 96.0 &
14299.0 13503.0 184.0 104.0 Co.
14528.0 13511.0 108.0 92.0 el
14684.0 13503.0 100.0 100.0 al
14840.0 13528.0 120.0 72.0 vs
15044.0 13499.0 116.0 104.0 E.
15224.0 13499.0 124.0 100.0 H.
15444.0 13499.0 336.0 100.0 .lone'

13020.0 13628.0 220.0 100.0 and
13288.0 13624.0 140.0 100.0 II.
13480.0 13624.0 124.0 100.0 K.
13643.0 13624.0 108.0 96.0 .1.
13807.0 13620.0 624.0 104.0 Heaidman
14448.0 13692.0 28.0 48.0 ,
14571.0 13620.0 488.0 100.0 receiver
15060.0 13692.0 24.0 44.0 ,
15180.0 13616.0 580.0 124.0 appellant
15772.0 13692.0 8.0 48.0 ,

13024.0 13740.0 532.0 100.0 Marshall
13604.0 13740.0 468.0 100.0 district.
14199.0 13736.0 572.0 100.0 Affirmed.

13136.0 13855.0 576.0 108.0 Theodore
13756.0 13855.0 228.0 100.0 and
14032.0 13851.0 588.0 104.0 Theodora
14663.0 13848.0 416.0 108.0 Gilllck
15088.0 13919.0 24.0 40.0 ,
15168.0 13848.0 576.0 124.0 appellant
15748.0 13923.0 28.0 40.0 ,

13020.0 13995.0 136.0 76.0 vs
13196.0 13976.0 436.0 92.0 Lorunz
13668.0 13972.0 508.0 96.0 Aulman
14216.0 13972.0 124.0 96.0 et
14371.0 13968.0 108.0 96.0 al
14488.0 14036.0 28.0 40.0 ,
14584.0 13968.0 304.0 96.0 from
14984.0 13964.0 300.0 100.0 Polk
15360.0 13964.0 424.0 104.0 circuit

13024.0 14083.0 596.0 104.0 Reversed.

13140.0 14203.0 388.0 100.0 James
13616.0 14196.0 324.0 124.0 Kirly
14040.0 14223.0 128.0 72.0 vs
14276.0 14196.0 336.0 104.0 Gates
14716.0 14196.0 104.0 100.0 &
14920.0 14192.0 488.0 104.0 Hroman
15424.0 14268.0 24.0 44.0 ,
15635.0 14219.0 140.0 96.0 ap-

13028.0 14320.0 488.0 120.0 pellants
13524.0 14388.0 24.0 44.0 ,
13600.0 14320.0 292.0 96.0 from
13940.0 14312.0 308.0 104.0 Polk
14304.0 14308.0 424.0 104.0 circuit
14863.0 14312.0 584.0 100.0 Affirmed.

13148.0 14427.0 432.0 104.0 Dtincal
13643.0 14431.0 428.0 96.0 Banutt
14120.0 14452.0 124.0 76.0 vs
14299.0 14427.0 604.0 100.0 Livvrenro
14948.0 14427.0 364.0 100.0 Dolan
15327.0 14499.0 24.0 48.0 ,
15440.0 14423.0 324.0 124.0 appol

13028.0 14548.0 272.0 100.0 lanl.
13356.0 14551.0 284.0 92.0 from
13696.0 14548.0 276.0 96.0 Case
14020.0 14544.0 464.0 100.0 dUtrict.
14612.0 14544.0 584.0 100.0 Alllimed.

13143.0 14664.0 124.0 100.0 E.
13332.0 14660.0 116.0 100.0 L.
13504.0 14660.0 428.0 112.0 Smally
13940.0 14732.0 24.0 40.0 ,
14016.0 14660.0 572.0 132.0 ajmellant
14596.0 14728.0 28.0 44.0 ,
14699.0 14684.0 124.0 76.0 vs
14908.0 14656.0 136.0 104.0 II.
15163.0 14656.0 124.0 104.0 U.
15399.0 14656.0 380.0 104.0 Miller

13028.0 14783.0 288.0 96.0 fiom
13364.0 14775.0 384.0 104.0 Hoone
13796.0 14775.0 464.0 104.0 district.
14420.0 14775.0 576.0 100.0 Affirmed.

13140.0 14892.0 280.0 108.0 Seth
13520.0 14892.0 376.0 104.0 Lewis
13996.0 14915.0 132.0 72.0 vs
14224.0 14892.0 684.0 104.0 Uurlinzton
14971.0 14911.0 568.0 100.0 company
15540.0 14964.0 24.0 40.0 ,
15635.0 14915.0 152.0 100.0 ap-

13028.0 15020.0 428.0 112.0 pellant
13460.0 15088.0 24.0 36.0 ,
13540.0 15012.0 288.0 96.0 from
13876.0 15008.0 504.0 100.0 Mitchell
14424.0 15008.0 432.0 100.0 circuit.
14992.0 15008.0 600.0 100.0 Reversed.

13152.0 15127.0 120.0 100.0 H.
13328.0 15127.0 144.0 100.0 M.
13535.0 15123.0 376.0 100.0 Dillon
13928.0 15199.0 24.0 40.0 ,
14007.0 15123.0 576.0 124.0 appellant
14588.0 15195.0 24.0 40.0 ,
14660.0 15148.0 124.0 76.0 vs
14868.0 15127.0 140.0 96.0 A.
15099.0 15123.0 152.0 100.0 M.
15348.0 15119.0 420.0 108.0 Warfcl

13024.0 15248.0 296.0 100.0 fiom
13371.0 15240.0 392.0 108.0 Union
13816.0 15240.0 468.0 100.0 district.
14420.0 15240.0 576.0 100.0 Affirmed.

13148.0 15360.0 532.0 104.0 National
13732.0 15356.0 328.0 100.0 Bank
14112.0 15360.0 120.0 96.0 of
14299.0 15351.0 424.0 104.0 Galena
14735.0 15428.0 24.0 40.0 ,
14844.0 15351.0 572.0 120.0 appellant
15427.0 15428.0 24.0 48.0 ,
15508.0 15380.0 128.0 76.0 vs
15691.0 15360.0 88.0 96.0 A

13028.0 15479.0 116.0 100.0 C.
13200.0 15479.0 356.0 100.0 Chase
13600.0 15483.0 108.0 92.0 et
13756.0 15475.0 100.0 100.0 al
13871.0 15543.0 20.0 52.0 ,
13948.0 15475.0 288.0 96.0 from
14328.0 15471.0 600.0 120.0 Plymouth
15012.0 15471.0 428.0 100.0 circuit.
15635.0 15471.0 152.0 104.0 He

13032.0 15592.0 424.0 104.0 versed.

13140.0 15712.0 352.0 100.0 Jacob
13556.0 15708.0 468.0 100.0 Xlelson
14148.0 15724.0 132.0 84.0 vs
14384.0 15703.0 428.0 120.0 Joseph
14924.0 15703.0 560.0 104.0 Mattocks
15596.0 15732.0 184.0 72.0 aiu
15784.0 15736.0 4.0 64.0 :

13024.0 15827.0 584.0 100.0 Prudence
13656.0 15823.0 560.0 100.0 Mattocks
14224.0 15895.0 24.0 44.0 ,
14299.0 15823.0 632.0 136.0 appellants
14940.0 15899.0 28.0 44.0 ,
15060.0 15827.0 292.0 96.0 liom
15427.0 15819.0 360.0 108.0 Wood-

13032.0 15956.0 284.0 104.0 bury
13384.0 15940.0 432.0 108.0 chcuit
13943.0 15940.0 596.0 100.0 Atllrmed.

13271.0 16183.0 676.0 116.0 Hnwkcye
14024.0 16183.0 748.0 116.0 Municipal
14852.0 16183.0 732.0 96.0 Elections.

13143.0 16323.0 256.0 104.0 DES
13464.0 16323.0 432.0 100.0 MOINE
13971.0 16391.0 24.0 52.0 ,
14056.0 16319.0 152.0 100.0 la.
14228.0 16391.0 24.0 44.0 ,
14307.0 16319.0 384.0 100.0 March
14744.0 16323.0 80.0 100.0 7.
14980.0 16319.0 36.0 120.0 [
15027.0 16319.0 444.0 124.0 Special
15520.0 16315.0 272.0 104.0 Tele-

13024.0 16496.0 308.0 92.0 gram
13384.0 16471.0 116.0 96.0 to
13552.0 16467.0 184.0 100.0 the
13784.0 16463.0 348.0 124.0 Unn.j
14280.0 16459.0 492.0 104.0 Returns
14824.0 16463.0 288.0 100.0 from
15168.0 16459.0 148.0 104.0 all
15372.0 16467.0 308.0 116.0 parts
15727.0 16492.0 64.0 72.0 o

13028.0 16611.0 188.0 100.0 the
13268.0 16611.0 284.0 100.0 state
13600.0 16607.0 316.0 100.0 show
13964.0 16607.0 588.0 100.0 increased
14632.0 16599.0 656.0 124.0 republican
15344.0 16603.0 328.0 104.0 gains
15727.0 16603.0 64.0 104.0 ii

13028.0 16755.0 356.0 112.0 thirty
13488.0 16747.0 544.0 104.0 elections
14135.0 16743.0 384.0 124.0 to-day
14524.0 16815.0 32.0 32.0 ,
14744.0 16743.0 140.0 104.0 in
14980.0 16747.0 424.0 100.0 Carson
15452.0 16743.0 192.0 104.0 the
15696.0 16776.0 100.0 76.0 re-

13032.0 16895.0 520.0 128.0 publican
13607.0 16891.0 260.0 120.0 gain
13928.0 16916.0 228.0 76.0 was
14188.0 16891.0 180.0 96.0 300
14407.0 16916.0 192.0 96.0 per
14644.0 16912.0 268.0 80.0 cent
14960.0 16916.0 264.0 76.0 over
15276.0 16887.0 220.0 104.0 last
15544.0 16916.0 252.0 88.0 yeai

13032.0 17039.0 136.0 100.0 In
13224.0 17039.0 392.0 100.0 Mason
13696.0 17035.0 252.0 120.0 City
13960.0 17107.0 24.0 48.0 ,
14076.0 17031.0 428.0 104.0 Toledo
14516.0 17099.0 24.0 44.0 ,
14644.0 17027.0 672.0 112.0 Muscatine.
15416.0 17031.0 380.0 104.0 Stuart

13036.0 17184.0 400.0 104.0 Colfax
13443.0 17251.0 28.0 44.0 ,
13564.0 17171.0 516.0 108.0 Grlnnell
14092.0 17247.0 28.0 52.0 ,
14220.0 17175.0 360.0 100.0 Cedar
14684.0 17171.0 432.0 124.0 Rapids
15204.0 17175.0 228.0 104.0 and
15520.0 17175.0 260.0 100.0 othe

13036.0 17336.0 372.0 92.0 lowns
13512.0 17319.0 188.0 104.0 the
13807.0 17315.0 716.0 128.0 republicans
14632.0 17315.0 324.0 100.0 made
15020.0 17319.0 396.0 120.0 steady
15463.0 17315.0 332.0 124.0 gains

13036.0 17468.0 300.0 100.0 Here
13388.0 17463.0 112.0 104.0 in
13560.0 17463.0 224.0 100.0 Dos
13871.0 17459.0 448.0 104.0 Molnos
14371.0 17459.0 264.0 124.0 they
14704.0 17459.0 428.0 100.0 elected
15171.0 17459.0 220.0 100.0 live
15476.0 17472.0 196.0 92.0 out
15716.0 17488.0 64.0 76.0 o

13032.0 17608.0 180.0 104.0 six
13252.0 17608.0 576.0 104.0 nldeimen
13876.0 17608.0 236.0 100.0 and
14176.0 17603.0 280.0 104.0 with
14528.0 17599.0 584.0 104.0 Increased
15180.0 17599.0 620.0 124.0 majorities

13164.0 17752.0 636.0 104.0 llAMiitino
13812.0 17820.0 24.0 40.0 ,
13943.0 17748.0 144.0 100.0 la.
14107.0 17820.0 24.0 40.0 ,
14228.0 17743.0 388.0 104.0 March
14699.0 17748.0 92.0 100.0 7.
14944.0 17748.0 20.0 104.0 (
14992.0 17743.0 444.0 108.0 Special
15527.0 17743.0 272.0 104.0 Tele-

13040.0 17896.0 308.0 92.0 gram
13400.0 17879.0 112.0 88.0 to
13560.0 17867.0 188.0 100.0 the
13804.0 17867.0 340.0 116.0 Uiu.J
14032.0 17888.0 24.0 76.0 :
14280.0 17863.0 244.0 96.0 The
14571.0 17863.0 684.0 96.0 excitement
15324.0 17888.0 476.0 92.0 growinj

13043.0 17992.0 196.0 92.0 out
13343.0 17992.0 120.0 92.0 of
13576.0 17984.0 188.0 100.0 the
13932.0 17976.0 628.0 124.0 municipal
14708.0 17976.0 472.0 100.0 eleclion
15332.0 17988.0 468.0 92.0 centcrei

13043.0 18104.0 420.0 112.0 largely
13512.0 18100.0 112.0 100.0 In
13680.0 18100.0 188.0 100.0 the
13907.0 18104.0 332.0 92.0 conte
14312.0 18104.0 40.0 92.0 l
14399.0 18095.0 176.0 100.0 for
14620.0 18095.0 192.0 96.0 the
14852.0 18091.0 664.0 120.0 mayoralty.
15591.0 18100.0 208.0 96.0 Om

13043.0 18223.0 124.0 96.0 of
13320.0 18219.0 188.0 100.0 the
13588.0 18215.0 664.0 100.0 candidates
14348.0 18235.0 232.0 76.0 was
14704.0 18211.0 404.0 120.0 posing
15199.0 18211.0 384.0 100.0 before
15672.0 18219.0 112.0 96.0 th

13043.0 18332.0 696.0 120.0 community
13784.0 18355.0 124.0 76.0 as
13952.0 18355.0 64.0 72.0 a
14084.0 18324.0 840.0 128.0 prohibitionist
14935.0 18400.0 24.0 48.0 ,
15020.0 18328.0 192.0 100.0 but
15304.0 18328.0 184.0 100.0 the
15580.0 18355.0 208.0 96.0 pee

13043.0 18452.0 184.0 112.0 pie
13276.0 18447.0 648.0 124.0 repudiated
13980.0 18447.0 224.0 100.0 him
14256.0 18443.0 144.0 120.0 by
14480.0 18443.0 400.0 116.0 giving
14968.0 18468.0 68.0 80.0 a
15120.0 18443.0 532.0 124.0 majority
15716.0 18476.0 64.0 72.0 o

13048.0 18567.0 568.0 108.0 tortv-two
13664.0 18567.0 116.0 96.0 to
13828.0 18567.0 140.0 96.0 A.
14024.0 18559.0 636.0 120.0 Ilydlnger.

13168.0 18711.0 388.0 100.0 Sioux
13643.0 18707.0 304.0 100.0 CITY
13956.0 18775.0 24.0 48.0 ,
14040.0 18703.0 48.0 100.0 !
14168.0 18779.0 24.0 28.0 .
14207.0 18771.0 28.0 52.0 ,
14292.0 18703.0 380.0 104.0 March
14756.0 18707.0 100.0 96.0 7.
15012.0 18699.0 32.0 120.0 [
15060.0 18703.0 440.0 124.0 Special
15544.0 18703.0 260.0 104.0 Tele-

13048.0 18851.0 312.0 96.0 gram
13407.0 18836.0 116.0 92.0 to
13571.0 18828.0 188.0 96.0 the
13807.0 18824.0 296.0 100.0 Hun.
14128.0 18824.0 28.0 120.0 ]
14292.0 18820.0 244.0 100.0 The
14580.0 18824.0 496.0 108.0 greatest
15116.0 18828.0 464.0 96.0 Interest
15627.0 18847.0 176.0 76.0 am

13052.0 18948.0 200.0 96.0 not
13336.0 18968.0 72.0 76.0 a
13484.0 18939.0 284.0 100.0 little
13812.0 18939.0 684.0 100.0 excitement
14580.0 18939.0 200.0 100.0 has
14827.0 18935.0 280.0 100.0 been
15160.0 18935.0 644.0 104.0 manlfestec

13052.0 19059.0 144.0 104.0 all
13248.0 19059.0 220.0 120.0 day
13520.0 19059.0 112.0 100.0 in
13692.0 19055.0 188.0 100.0 Ihe
13920.0 19055.0 224.0 116.0 city
14184.0 19051.0 512.0 104.0 election.
14832.0 19051.0 240.0 100.0 The
15124.0 19051.0 492.0 100.0 weather
15660.0 19055.0 140.0 96.0 ha

13052.0 19180.0 280.0 96.0 been
13436.0 19172.0 604.0 120.0 delightful
14107.0 19172.0 228.0 100.0 and
14432.0 19168.0 336.0 120.0 lively
14860.0 19168.0 312.0 100.0 work
15263.0 19168.0 200.0 100.0 has
15576.0 19168.0 228.0 100.0 beei

13056.0 19291.0 604.0 100.0 witnessed
13771.0 19312.0 144.0 76.0 on
14032.0 19287.0 188.0 100.0 the
14328.0 19291.0 248.0 116.0 part
14676.0 19283.0 120.0 96.0 of
14856.0 19283.0 660.0 100.0 candidates
15627.0 19308.0 176.0 80.0 ain

13056.0 19411.0 384.0 120.0 helper
13436.0 19431.0 60.0 76.0 *
13496.0 19479.0 32.0 32.0 .
13648.0 19403.0 252.0 104.0 The
13928.0 19403.0 416.0 104.0 tickets
14371.0 19423.0 196.0 80.0 ate
14607.0 19399.0 340.0 116.0 badly
14996.0 19396.0 580.0 108.0 scratched
15624.0 19423.0 184.0 80.0 am

13052.0 19528.0 556.0 104.0 counting
13716.0 19524.0 188.0 100.0 tlio
13992.0 19524.0 312.0 100.0 votes
14412.0 19516.0 232.0 104.0 will
14732.0 19516.0 564.0 104.0 therefore
15363.0 19516.0 128.0 104.0 be
15540.0 19516.0 268.0 104.0 slow

13068.0 19643.0 340.0 120.0 Party
13456.0 19643.0 292.0 100.0 lines
13796.0 19643.0 280.0 96.0 have
14120.0 19647.0 192.0 88.0 not
14360.0 19635.0 276.0 100.0 been
14688.0 19631.0 444.0 104.0 drawn.
15212.0 19631.0 244.0 104.0 The
15512.0 19635.0 296.0 104.0 work-

13076.0 19763.0 460.0 108.0 ingmen
13588.0 19755.0 280.0 100.0 have
13916.0 19779.0 64.0 76.0 a
14044.0 19751.0 352.0 108.0 ticket
14448.0 19755.0 112.0 96.0 In
14635.0 19755.0 188.0 96.0 thn
14871.0 19748.0 288.0 108.0 Held.

13176.0 19891.0 696.0 88.0 ATLANTIC.
13968.0 19868.0 152.0 100.0 la.
14140.0 19940.0 24.0 44.0 ,
14260.0 19864.0 384.0 104.0 March
14732.0 19872.0 84.0 96.0 7.
14968.0 19868.0 32.0 116.0 [
15012.0 19864.0 432.0 128.0 Special
15544.0 19864.0 264.0 104.0 Tele-

13056.0 20020.0 308.0 92.0 gram
13424.0 20008.0 108.0 84.0 to
13580.0 19987.0 184.0 100.0 the
13816.0 19987.0 260.0 100.0 HEK
14084.0 20063.0 24.0 24.0 ,
14140.0 19995.0 24.0 108.0 1
14312.0 19987.0 128.0 100.0 In
14535.0 19987.0 188.0 96.0 the
14808.0 19979.0 232.0 120.0 city
15124.0 19983.0 480.0 100.0 election
15704.0 19991.0 104.0 92.0 to-

13060.0 20111.0 220.0 132.0 day
13360.0 20111.0 180.0 96.0 GOO
13604.0 20107.0 316.0 100.0 votes
14007.0 20127.0 288.0 76.0 were
14376.0 20107.0 240.0 92.0 casl
14704.0 20100.0 176.0 96.0 for
14960.0 20100.0 308.0 100.0 John
15372.0 20100.0 120.0 100.0 H.
15584.0 20100.0 224.0 120.0 Hey

13068.0 20224.0 324.0 104.0 nolds
13404.0 20300.0 24.0 40.0 ,
13480.0 20224.0 444.0 104.0 asalnsl
13976.0 20224.0 368.0 96.0 whom
14388.0 20243.0 68.0 72.0 a
14499.0 20216.0 336.0 104.0 bilter
14884.0 20216.0 272.0 104.0 fieht
15204.0 20240.0 228.0 76.0 was
15484.0 20243.0 176.0 76.0 ma
15699.0 20224.0 64.0 96.0 d

13064.0 20343.0 88.0 100.0 It
13192.0 20343.0 344.0 100.0 beiinr
13584.0 20335.0 484.0 104.0 claimed
14107.0 20335.0 248.0 100.0 that
14399.0 20335.0 144.0 100.0 ho
14588.0 20356.0 232.0 76.0 was
14899.0 20335.0 196.0 96.0 the
15163.0 20331.0 232.0 100.0 tool
15476.0 20335.0 132.0 96.0 of
15688.0 20335.0 124.0 100.0 th

13068.0 20459.0 308.0 104.0 Rock
13428.0 20455.0 388.0 104.0 Island
13871.0 20463.0 300.0 92.0 road.
14312.0 20448.0 172.0 104.0 Ho
14552.0 20475.0 232.0 72.0 was
14827.0 20448.0 424.0 100.0 elected
15296.0 20452.0 144.0 112.0 by
15480.0 20455.0 116.0 92.0 'Jl
15660.0 20475.0 152.0 76.0 ma

13068.0 20580.0 380.0 120.0 jority.
13576.0 20572.0 244.0 104.0 The
13920.0 20568.0 696.0 124.0 proDOSItlon
14771.0 20572.0 116.0 92.0 to
15040.0 20568.0 504.0 120.0 Improve
15699.0 20572.0 112.0 96.0 th

13072.0 20691.0 716.0 104.0 waterworks
13843.0 20687.0 112.0 100.0 to
13999.0 20687.0 188.0 100.0 the
14235.0 20691.0 392.0 92.0 extent
14671.0 20683.0 124.0 100.0 of
14916.0 20683.0 280.0 120.0 5,000
15260.0 20708.0 236.0 80.0 was
15588.0 20708.0 224.0 80.0 ovei

13848.0 20804.0 556.0 100.0 defeated.

13584.0 21047.0 316.0 96.0 Will
13984.0 21047.0 652.0 112.0 Probably
14724.0 21039.0 632.0 104.0 Kecover.

13204.0 21187.0 716.0 108.0 SiorxCiTi
13960.0 21259.0 24.0 40.0 ,
14044.0 21183.0 148.0 104.0 la.
14204.0 21255.0 36.0 48.0 ,
14320.0 21183.0 388.0 100.0 March
14771.0 21187.0 88.0 96.0 7.
15004.0 21179.0 28.0 120.0 (
15056.0 21179.0 440.0 124.0 Special
15563.0 21179.0 248.0 104.0 TeU

13072.0 21364.0 312.0 92.0 gram
13452.0 21348.0 112.0 88.0 to
13652.0 21331.0 184.0 100.0 the
13907.0 21327.0 292.0 104.0 HKE.
14232.0 21327.0 20.0 120.0 |
14396.0 21323.0 460.0 104.0 Charles
14968.0 21323.0 508.0 100.0 Defrann
15491.0 21395.0 28.0 44.0 ,
15644.0 21323.0 172.0 100.0 wh

13076.0 21504.0 232.0 76.0 was
13388.0 21475.0 256.0 104.0 shot
13728.0 21471.0 144.0 120.0 by
13920.0 21471.0 428.0 112.0 George
14404.0 21463.0 420.0 104.0 Larkln
14927.0 21463.0 116.0 104.0 in
15156.0 21488.0 216.0 80.0 one
15472.0 21463.0 120.0 100.0 of
15708.0 21467.0 108.0 100.0 th

13079.0 21595.0 320.0 104.0 Pearl
13496.0 21603.0 340.0 92.0 htreel
13935.0 21587.0 312.0 100.0 dives
14344.0 21583.0 468.0 120.0 Sunday
14927.0 21583.0 524.0 100.0 morning
15460.0 21651.0 24.0 44.0 ,
15608.0 21579.0 84.0 104.0 It
15808.0 21607.0 8.0 72.0 i

13079.0 21712.0 476.0 120.0 thought
13643.0 21731.0 260.0 80.0 now
13976.0 21704.0 224.0 104.0 will
14252.0 21727.0 472.0 76.0 iccover.
14863.0 21687.0 424.0 112.0 L-irkln
15344.0 21723.0 472.0 96.0 appeare

13079.0 21832.0 116.0 104.0 In
13276.0 21840.0 316.0 92.0 couit
13680.0 21819.0 376.0 116.0 to-day
14099.0 21819.0 228.0 104.0 and
14376.0 21844.0 232.0 80.0 was
14652.0 21815.0 332.0 120.0 given
15044.0 21840.0 64.0 76.0 a
15156.0 21823.0 504.0 116.0 hearing.
15799.0 21815.0 16.0 100.0 ]

13079.0 21971.0 364.0 80.0 seems
13548.0 21943.0 244.0 100.0 thai
13880.0 21939.0 512.0 100.0 Defrann
14507.0 21959.0 232.0 76.0 was
14871.0 21931.0 692.0 104.0 Intoxicated
15672.0 21955.0 140.0 80.0 an

13088.0 22068.0 484.0 104.0 causing
13671.0 22052.0 772.0 112.0 consldeiahlo
14552.0 22052.0 744.0 104.0 disturbance.
15472.0 22048.0 340.0 104.0 Larkt

13084.0 22175.0 588.0 128.0 requested
13756.0 22175.0 236.0 100.0 him
14076.0 22179.0 228.0 92.0 and
14371.0 22167.0 180.0 104.0 his
14592.0 22171.0 332.0 116.0 party
14963.0 22171.0 120.0 96.0 to
15127.0 22167.0 316.0 100.0 leave
15448.0 22243.0 28.0 32.0 ,
15527.0 22167.0 292.0 100.0 whlc

13084.0 22303.0 140.0 96.0 he
13268.0 22291.0 188.0 104.0 did
13468.0 22367.0 24.0 48.0 ,
13532.0 22295.0 188.0 96.0 but
13768.0 22287.0 664.0 104.0 aflerwards
14480.0 22291.0 536.0 100.0 returned
15056.0 22287.0 224.0 100.0 and
15332.0 22311.0 60.0 72.0 a
15440.0 22307.0 232.0 76.0 row
15716.0 22307.0 100.0 76.0 ei

13084.0 22416.0 320.0 100.0 sued.
13552.0 22408.0 440.0 116.0 During
14080.0 22404.0 192.0 104.0 the
14360.0 22404.0 348.0 100.0 melee
14780.0 22404.0 188.0 100.0 the
15012.0 22400.0 256.0 104.0 shot
15320.0 22427.0 224.0 76.0 was
15596.0 22412.0 224.0 92.0 hrei

13088.0 22531.0 184.0 104.0 the
13320.0 22523.0 344.0 108.0 bullet
13704.0 22523.0 524.0 120.0 entering
14280.0 22519.0 212.0 104.0 Det
14507.0 22519.0 388.0 104.0 mini's
14948.0 22519.0 208.0 104.0 left
15204.0 22519.0 400.0 104.0 breast.

13724.0 22768.0 308.0 96.0 Fire
14112.0 22768.0 128.0 96.0 In
14316.0 22787.0 76.0 72.0 a
14463.0 22764.0 380.0 96.0 Print
14920.0 22760.0 392.0 116.0 Shop.

13216.0 22915.0 800.0 104.0 DAVF.XPORT
14016.0 22980.0 28.0 52.0 ,
14104.0 22904.0 156.0 104.0 la.
14276.0 22976.0 24.0 52.0 ,
14376.0 22900.0 384.0 104.0 March
14808.0 22908.0 96.0 96.0 7.
15056.0 22900.0 36.0 128.0 [
15099.0 22896.0 444.0 128.0 Special
15588.0 22896.0 232.0 104.0 Tell

13088.0 23083.0 320.0 96.0 gram
13480.0 23063.0 124.0 96.0 to
13684.0 23052.0 192.0 104.0 the
13960.0 23048.0 356.0 124.0 UKK.J
14452.0 23052.0 168.0 96.0 At
14696.0 23044.0 248.0 104.0 7:50
15044.0 23044.0 232.0 100.0 this
15356.0 23044.0 456.0 100.0 mornln

13096.0 23203.0 384.0 104.0 flames
13535.0 23219.0 284.0 80.0 vvoro
13864.0 23188.0 648.0 108.0 discovered
14560.0 23211.0 148.0 76.0 en
14763.0 23188.0 188.0 100.0 the
14999.0 23184.0 416.0 104.0 second
15468.0 23184.0 272.0 104.0 floor
15788.0 23207.0 36.0 72.0 t

13100.0 23347.0 188.0 100.0 the
13328.0 23343.0 460.0 100.0 Gazette
13884.0 23332.0 564.0 120.0 building.
14584.0 23328.0 244.0 104.0 The
14916.0 23328.0 300.0 104.0 third
15271.0 23324.0 272.0 108.0 floor
15548.0 23400.0 24.0 48.0 ,
15644.0 23347.0 176.0 80.0 coi

13100.0 23487.0 448.0 116.0 talnlng
13635.0 23479.0 188.0 104.0 the
13871.0 23475.0 664.0 124.0 composing
14584.0 23495.0 304.0 80.0 room
14904.0 23547.0 24.0 40.0 ,
15004.0 23495.0 232.0 76.0 was
15324.0 23472.0 500.0 104.0 destroyc

13107.0 23608.0 224.0 100.0 and
13416.0 23604.0 188.0 100.0 the
13692.0 23596.0 520.0 120.0 bullnlng
14299.0 23587.0 436.0 108.0 flooded
14812.0 23587.0 272.0 104.0 with
15140.0 23596.0 392.0 96.0 water.
15668.0 23571.0 156.0 112.0 Tli

13107.0 23727.0 192.0 100.0 lire
13332.0 23715.0 900.0 108.0 communicated
14288.0 23719.0 112.0 92.0 to
14440.0 23719.0 188.0 92.0 the
14668.0 23711.0 244.0 100.0 roof
14960.0 23703.0 120.0 104.0 of
15127.0 23699.0 696.0 132.0 tliopostollic

13112.0 23839.0 320.0 104.0 block
13520.0 23831.0 600.0 124.0 adjoining
14228.0 23827.0 220.0 104.0 and
14568.0 23820.0 772.0 104.0 considerable
15448.0 23820.0 376.0 108.0 damai

13107.0 23979.0 240.0 76.0 was
13384.0 23952.0 304.0 104.0 done
13728.0 23956.0 148.0 116.0 by
13916.0 23956.0 384.0 92.0 water.
14420.0 23939.0 256.0 104.0 Thu
14716.0 23944.0 272.0 96.0 mail
15035.0 23944.0 412.0 96.0 matter
15496.0 23960.0 240.0 76.0 was
15772.0 23964.0 56.0 72.0 a

13116.0 24075.0 340.0 100.0 taken
13512.0 24071.0 256.0 100.0 inlo
13852.0 24063.0 188.0 100.0 Ihe
14088.0 24063.0 348.0 96.0 slreet
14484.0 24055.0 228.0 104.0 and
14763.0 24055.0 376.0 100.0 saved.
15280.0 24051.0 244.0 104.0 Tlio
15563.0 24051.0 264.0 116.0 origl

13112.0 24195.0 124.0 96.0 of
13320.0 24191.0 184.0 100.0 the
13596.0 24187.0 192.0 100.0 tire
13840.0 24183.0 92.0 100.0 Is
14028.0 24179.0 624.0 100.0 unknown.
14780.0 24172.0 248.0 100.0 The
15071.0 24172.0 456.0 100.0 Gazette
15599.0 24179.0 228.0 92.0 stoc

13116.0 24308.0 224.0 104.0 and
13428.0 24308.0 460.0 96.0 fixtures
13980.0 24319.0 288.0 76.0 were
14376.0 24287.0 460.0 108.0 Insured
14932.0 24287.0 176.0 104.0 for
15199.0 24287.0 352.0 116.0 50,000
15576.0 24308.0 28.0 88.0 :
15720.0 24287.0 108.0 96.0 th

13120.0 24419.0 564.0 136.0 postollice
13788.0 24411.0 328.0 104.0 block
14248.0 24411.0 228.0 100.0 and
14628.0 24415.0 460.0 100.0 fixtures
15196.0 24407.0 172.0 100.0 tor
15476.0 24403.0 352.0 120.0 Sil.OO

13124.0 24539.0 460.0 108.0 Several
13635.0 24531.0 492.0 104.0 families
14168.0 24551.0 292.0 80.0 weio
14507.0 24520.0 424.0 108.0 buined
14980.0 24527.0 240.0 100.0 out.

13824.0 24775.0 552.0 116.0 Sorvlnj.
14440.0 24771.0 812.0 120.0 Subpoenas.

13240.0 24927.0 392.0 104.0 Sioux
13676.0 24915.0 316.0 108.0 CITV
13988.0 24987.0 28.0 48.0 ,
14080.0 24911.0 148.0 104.0 la.
14244.0 24983.0 28.0 52.0 ,
14348.0 24907.0 388.0 104.0 March
14816.0 24911.0 92.0 100.0 7.
15052.0 24903.0 40.0 124.0 [
15099.0 24903.0 448.0 112.0 Special
15608.0 24899.0 212.0 108.0 Tel

13128.0 25095.0 312.0 100.0 gram
13496.0 25039.0 124.0 132.0 to'
13664.0 25059.0 188.0 108.0 the
13907.0 25055.0 348.0 128.0 UKK.J
14392.0 25051.0 244.0 104.0 The
14684.0 25047.0 388.0 108.0 sheriff
15124.0 25047.0 224.0 104.0 and
15399.0 25047.0 172.0 104.0 his
15616.0 25047.0 212.0 124.0 dep

13132.0 25220.0 208.0 104.0 ties
13388.0 25235.0 184.0 84.0 are
13620.0 25207.0 284.0 124.0 busy
13940.0 25224.0 252.0 84.0 now
14244.0 25224.0 460.0 88.0 serving
14748.0 25191.0 608.0 120.0 subpoenas
15408.0 25216.0 296.0 84.0 upon
15760.0 25187.0 72.0 108.0 II

13136.0 25360.0 584.0 104.0 witnesses
13768.0 25347.0 116.0 108.0 In
13940.0 25347.0 188.0 104.0 the
14196.0 25368.0 272.0 80.0 near
14535.0 25335.0 768.0 132.0 approaching
15399.0 25331.0 432.0 108.0 Haddoi

13136.0 25504.0 448.0 104.0 murder
13624.0 25519.0 340.0 80.0 cases.
14016.0 25487.0 240.0 104.0 The
14304.0 25511.0 252.0 76.0 case
14604.0 25483.0 228.0 104.0 will
14888.0 25479.0 128.0 100.0 be
15060.0 25479.0 360.0 104.0 called
15480.0 25479.0 172.0 100.0 for
15699.0 25483.0 132.0 96.0 trl

13136.0 25644.0 144.0 80.0 on
13336.0 25615.0 188.0 104.0 the
13560.0 25619.0 224.0 96.0 21sl
13832.0 25611.0 124.0 100.0 of
13999.0 25607.0 192.0 100.0 tlm
14240.0 25611.0 448.0 120.0 present
14760.0 25595.0 432.0 104.0 month.
15327.0 25595.0 100.0 104.0 It
15555.0 25595.0 92.0 104.0 h
15760.0 25619.0 64.0 76.0 n

13143.0 25739.0 428.0 100.0 known
13620.0 25735.0 192.0 112.0 yet
13864.0 25723.0 360.0 104.0 which
14271.0 25743.0 188.0 80.0 cas
14576.0 25716.0 228.0 104.0 will
14863.0 25720.0 128.0 92.0 bo
15035.0 25712.0 356.0 104.0 called
15455.0 25712.0 264.0 100.0 lirst.

13143.0 25856.0 96.0 100.0 is
13288.0 25856.0 188.0 100.0 the
13520.0 25843.0 708.0 124.0 supposition
14284.0 25860.0 264.0 80.0 now
14592.0 25835.0 244.0 100.0 thai
14884.0 25831.0 360.0 100.0 either
15280.0 25823.0 508.0 108.0 Urandio

13148.0 25971.0 592.0 100.0 HIsmareK
13792.0 25955.0 228.0 104.0 will
14071.0 25955.0 128.0 100.0 bo
14264.0 25951.0 288.0 104.0 tiled
14640.0 25951.0 264.0 100.0 lirst.
15040.0 25947.0 644.0 100.0 Arensdorf
15735.0 25971.0 88.0 68.0 w

13148.0 26095.0 196.0 92.0 not
13392.0 26083.0 244.0 104.0 lead
13684.0 26079.0 156.0 100.0 oil'
13843.0 26151.0 28.0 44.0 ,
13924.0 26075.0 240.0 100.0 that
14256.0 26068.0 420.0 124.0 having
14748.0 26068.0 276.0 100.0 been
15135.0 26060.0 588.0 124.0 definitely
15768.0 26060.0 68.0 104.0 d

13148.0 26195.0 548.0 112.0 termined
13743.0 26215.0 336.0 108.0 upon.

13671.0 26435.0 436.0 104.0 Killed
14192.0 26435.0 180.0 120.0 Hy
14456.0 26431.0 528.0 112.0 Falling
15056.0 26424.0 420.0 104.0 Slato.

13271.0 26587.0 648.0 104.0 CTTUMWA
13940.0 26647.0 28.0 52.0 ,
14068.0 26575.0 156.0 100.0 la.
14240.0 26647.0 24.0 48.0 ,
14363.0 26571.0 380.0 104.0 March
14832.0 26571.0 84.0 104.0 7.
15068.0 26564.0 32.0 132.0 [
15116.0 26560.0 440.0 132.0 Special
15624.0 26556.0 204.0 108.0 Tel

13160.0 26759.0 308.0 92.0 gram
13540.0 26731.0 124.0 100.0 to
13748.0 26719.0 196.0 108.0 the
14032.0 26719.0 296.0 100.0 BKK.
14352.0 26711.0 32.0 124.0 |
14524.0 26711.0 172.0 128.0 Hy
14735.0 26739.0 72.0 80.0 a
14856.0 26707.0 212.0 112.0 fall
15108.0 26707.0 132.0 108.0 of
15296.0 26704.0 288.0 108.0 slate
15644.0 26727.0 192.0 80.0 ear

13164.0 26875.0 224.0 100.0 this
13432.0 26863.0 528.0 116.0 morning
14012.0 26863.0 116.0 104.0 in
14184.0 26859.0 188.0 108.0 the
14424.0 26855.0 476.0 124.0 Phillips
14960.0 26859.0 236.0 96.0 coal
15260.0 26847.0 308.0 104.0 mine
15620.0 26851.0 148.0 100.0 A.
15832.0 26867.0 8.0 40.0 '

13164.0 26991.0 372.0 120.0 Wiley
13592.0 27011.0 228.0 76.0 was
13907.0 26980.0 560.0 116.0 Instantly
14516.0 26971.0 348.0 108.0 killed
14912.0 26971.0 228.0 104.0 and
15188.0 26967.0 312.0 104.0 John
15576.0 26959.0 264.0 108.0 \Vlil'
15576.0 26984.0 32.0 84.0 \
15832.0 26980.0 8.0 56.0 '

13168.0 27111.0 188.0 104.0 the
13404.0 27107.0 308.0 104.0 mine
13760.0 27103.0 252.0 100.0 boss
14028.0 27171.0 28.0 52.0 ,
14104.0 27120.0 228.0 80.0 was
14380.0 27095.0 236.0 104.0 also
14663.0 27087.0 552.0 124.0 seriously
15276.0 27079.0 516.0 132.0 injured.

13716.0 27347.0 272.0 96.0 Tlio
14064.0 27339.0 892.0 120.0 KartlKiuaUo
15020.0 27336.0 444.0 96.0 Panic.

13296.0 27491.0 316.0 108.0 XICK
13620.0 27563.0 28.0 48.0 ,
13760.0 27483.0 388.0 108.0 March
14252.0 27487.0 88.0 100.0 7.
14471.0 27476.0 136.0 108.0 In
14724.0 27491.0 776.0 104.0 consequence
15563.0 27468.0 124.0 100.0 of
15796.0 27476.0 32.0 96.0 t

13184.0 27635.0 336.0 128.0 panic
13556.0 27627.0 416.0 112.0 caused
14012.0 27623.0 152.0 128.0 by
14204.0 27627.0 196.0 104.0 the
14440.0 27619.0 384.0 104.0 recent
14852.0 27603.0 752.0 136.0 eaithquakes
15608.0 27684.0 28.0 44.0 ,
15691.0 27608.0 144.0 104.0 ho

13179.0 27783.0 464.0 116.0 keepers
13692.0 27779.0 260.0 100.0 hero
13992.0 27795.0 188.0 80.0 aie
14220.0 27759.0 412.0 116.0 selling
14676.0 27763.0 192.0 100.0 out
14916.0 27763.0 112.0 96.0 at
15124.0 27783.0 68.0 76.0 a
15296.0 27763.0 312.0 112.0 great
15652.0 27775.0 184.0 76.0 sac

13188.0 27927.0 232.0 112.0 lice.
13548.0 27919.0 352.0 128.0 Many
13935.0 27907.0 704.0 116.0 inhabitants
14688.0 27927.0 188.0 88.0 are
14904.0 27899.0 232.0 112.0 still
15184.0 27896.0 532.0 136.0 camping
15760.0 27919.0 68.0 88.0 o

15899.0 2500.0 344.0 100.0 THU
16344.0 2500.0 544.0 104.0 ItlVKIl
16988.0 2500.0 276.0 104.0 AXI
17280.0 2508.0 44.0 92.0 )
17447.0 2488.0 724.0 108.0 HAimoU
18291.0 2484.0 340.0 100.0 DIM
18647.0 2520.0 44.0 60.0 *

15912.0 2708.0 604.0 100.0 Uonsons
16624.0 2708.0 324.0 116.0 Why
17072.0 2712.0 228.0 92.0 tlio
17424.0 2696.0 708.0 104.0 President
18239.0 2684.0 452.0 104.0 Would

16888.0 2848.0 248.0 100.0 Xot
17208.0 2852.0 316.0 108.0 Slun
17608.0 2840.0 152.0 100.0 It.

16024.0 2988.0 880.0 108.0 WASIIIXOTO.V
16908.0 3060.0 32.0 52.0 ,
17052.0 2988.0 384.0 104.0 March
17547.0 2992.0 84.0 96.0 7.
17783.0 2976.0 28.0 116.0 [
17832.0 2972.0 440.0 136.0 Special
18380.0 2972.0 272.0 104.0 Tele-

15904.0 3160.0 308.0 88.0 gram
16263.0 3140.0 112.0 100.0 to
16427.0 3136.0 184.0 104.0 the
16688.0 3132.0 260.0 108.0 UKK
17032.0 3132.0 24.0 116.0 I
17211.0 3128.0 124.0 104.0 In
17436.0 3124.0 556.0 132.0 speaking
18080.0 3124.0 120.0 100.0 of
18291.0 3116.0 184.0 108.0 tlio
18564.0 3132.0 112.0 88.0 at-

15908.0 3284.0 412.0 108.0 tempts
16372.0 3276.0 320.0 104.0 made
16744.0 3284.0 108.0 96.0 to
16908.0 3276.0 408.0 104.0 Induce
17364.0 3268.0 188.0 108.0 tlie
17596.0 3264.0 576.0 120.0 president
18264.0 3272.0 112.0 92.0 to
18460.0 3256.0 236.0 116.0 sign

15908.0 3416.0 188.0 108.0 the
16148.0 3416.0 296.0 108.0 liver
16488.0 3416.0 228.0 108.0 and
16772.0 3416.0 392.0 104.0 harbor
17211.0 3412.0 188.0 108.0 bill
17496.0 3416.0 292.0 100.0 after
17875.0 3408.0 376.0 104.0 March
18344.0 3408.0 48.0 96.0 4
18408.0 3476.0 24.0 48.0 ,
18547.0 3400.0 148.0 104.0 Mi

15912.0 3560.0 608.0 108.0 Cleveland
16576.0 3572.0 200.0 92.0 has
16824.0 3556.0 240.0 108.0 said
17119.0 3556.0 244.0 108.0 thai
17475.0 3548.0 92.0 112.0 If
17616.0 3552.0 136.0 104.0 ho
17800.0 3548.0 216.0 108.0 had
18128.0 3548.0 220.0 104.0 hail
18447.0 3552.0 248.0 96.0 lime

15908.0 3704.0 140.0 104.0 ho
16099.0 3700.0 372.0 108.0 would
16524.0 3704.0 280.0 104.0 have
16855.0 3704.0 388.0 100.0 vetoed
17364.0 3692.0 112.0 112.0 It.
17604.0 3700.0 64.0 52.0 "
17688.0 3692.0 284.0 128.0 \\liy
17983.0 3764.0 24.0 48.0 ,
18024.0 3688.0 68.0 60.0 "
18203.0 3684.0 244.0 108.0 said
18544.0 3692.0 136.0 96.0 he

15916.0 3852.0 24.0 48.0 '
15996.0 3844.0 80.0 108.0 It
16124.0 3848.0 272.0 124.0 only
16444.0 3848.0 440.0 104.0 seemed
16916.0 3852.0 112.0 100.0 lo
17116.0 3872.0 176.0 76.0 me
17340.0 3872.0 60.0 76.0 a
17491.0 3848.0 224.0 96.0 few
17768.0 3836.0 624.0 128.0 vjeeksago
18480.0 3828.0 216.0 104.0 thai

15916.0 3988.0 44.0 104.0 I
15999.0 3984.0 412.0 128.0 signed
16452.0 4016.0 72.0 76.0 a
16563.0 3988.0 296.0 104.0 river
16904.0 3988.0 228.0 104.0 nnd
17244.0 3984.0 404.0 104.0 harbor
17683.0 3980.0 200.0 104.0 hill
17896.0 4056.0 20.0 40.0 ,
18028.0 3968.0 672.0 136.0 nppioprlat-

15916.0 4112.0 196.0 108.0 Ing
16208.0 4108.0 628.0 112.0 515.000,000
16924.0 4132.0 124.0 76.0 or
17152.0 4104.0 632.0 112.0 Slo.OW.COO
17888.0 4100.0 220.0 100.0 and
18228.0 4108.0 308.0 88.0 there
18628.0 4092.0 24.0 100.0 l
18667.0 4120.0 32.0 44.0 <

15916.0 4248.0 304.0 76.0 more
16327.0 4248.0 408.0 76.0 monev
16832.0 4248.0 140.0 76.0 on
17091.0 4220.0 300.0 104.0 hand
17508.0 4244.0 252.0 76.0 now
17808.0 4216.0 268.0 100.0 than
18132.0 4212.0 308.0 100.0 them
18491.0 4232.0 208.0 76.0 was

15916.0 4348.0 212.0 96.0 last
16168.0 4364.0 292.0 100.0 year.
16576.0 4336.0 324.0 108.0 None
16947.0 4336.0 120.0 104.0 of
17104.0 4340.0 244.0 100.0 that
17452.0 4336.0 628.0 116.0 SlO.OOO.dOJ
18168.0 4336.0 196.0 92.0 has
18436.0 4324.0 264.0 104.0 been

15916.0 4452.0 584.0 128.0 expended
16544.0 4476.0 184.0 96.0 yei
16763.0 4456.0 224.0 104.0 and
17044.0 4456.0 256.0 104.0 hero
17391.0 4480.0 376.0 80.0 comes
17860.0 4448.0 336.0 116.0 along
18244.0 4440.0 456.0 108.0 anothet

15919.0 4575.0 632.0 120.0 Slu.000,000
16591.0 4572.0 240.0 104.0 bill.
16855.0 4572.0 64.0 52.0 "

16040.0 4692.0 816.0 108.0 Congressman
16912.0 4688.0 628.0 100.0 Grosvenor
17544.0 4756.0 24.0 40.0 ,
17619.0 4684.0 120.0 100.0 of
17783.0 4676.0 284.0 108.0 Ohio
18075.0 4756.0 24.0 40.0 ,
18147.0 4692.0 112.0 88.0 to
18352.0 4680.0 348.0 92.0 whom

15919.0 4808.0 224.0 100.0 this
16191.0 4808.0 232.0 100.0 lalk
16480.0 4832.0 228.0 76.0 was
16763.0 4804.0 516.0 128.0 repe.itcd
17340.0 4787.0 236.0 116.0 said
17647.0 4800.0 240.0 104.0 thai
17952.0 4792.0 448.0 108.0 showed
18460.0 4796.0 240.0 96.0 how

15919.0 4924.0 288.0 100.0 little
16252.0 4932.0 180.0 92.0 the
16483.0 4924.0 568.0 116.0 pieMdunt
17100.0 4924.0 332.0 100.0 knew
17511.0 4920.0 328.0 100.0 about
17955.0 4916.0 184.0 100.0 the
18247.0 4908.0 456.0 120.0 subject.

15932.0 5044.0 224.0 100.0 "Of
16199.0 5064.0 420.0 88.0 course.
16647.0 5036.0 52.0 52.0 "
16752.0 5040.0 240.0 100.0 said
17047.0 5040.0 132.0 96.0 he
17188.0 5108.0 24.0 48.0 ,
17304.0 5036.0 280.0 100.0 "last
17680.0 5028.0 344.0 124.0 yers's
18108.0 5052.0 404.0 96.0 money
18611.0 5024.0 92.0 100.0 is

15927.0 5152.0 112.0 104.0 In
16099.0 5156.0 184.0 100.0 thu
16336.0 5164.0 500.0 108.0 tteasury
16883.0 5152.0 220.0 104.0 and
17160.0 5148.0 228.0 104.0 will
17440.0 5156.0 160.0 104.0 bo.
17664.0 5144.0 520.0 124.0 molMhly
18272.0 5144.0 164.0 100.0 till
18536.0 5139.0 168.0 100.0 tht

15919.0 5276.0 244.0 96.0 lioth
16276.0 5276.0 120.0 96.0 of
16496.0 5272.0 336.0 100.0 June.
17024.0 5268.0 244.0 100.0 The
17375.0 5268.0 188.0 100.0 bill
17616.0 5292.0 168.0 76.0 we
17824.0 5264.0 236.0 124.0 just
18144.0 5256.0 396.0 128.0 passed
18628.0 5260.0 76.0 96.0 IF

15932.0 5392.0 172.0 96.0 for
16152.0 5384.0 188.0 104.0 the
16391.0 5396.0 264.0 96.0 next
16708.0 5384.0 296.0 104.0 fiscal
17052.0 5408.0 264.0 92.0 year
17364.0 5384.0 224.0 100.0 anil
17640.0 5380.0 196.0 104.0 has
17891.0 5376.0 472.0 116.0 nothing
18419.0 5388.0 112.0 88.0 to
18580.0 5388.0 112.0 84.0 tit
18696.0 5400.0 8.0 72.0 :

15935.0 5508.0 268.0 96.0 with
16252.0 5504.0 224.0 100.0 this
16519.0 5504.0 360.0 124.0 yeai's
16927.0 5524.0 436.0 96.0 money.
17508.0 5500.0 36.0 100.0 I
17588.0 5524.0 176.0 76.0 am
17816.0 5520.0 312.0 96.0 sorry
18180.0 5496.0 184.0 100.0 the
18416.0 5516.0 288.0 100.0 pies-

15935.0 5620.0 312.0 104.0 hluiil
16296.0 5620.0 188.0 104.0 did
16544.0 5631.0 192.0 88.0 not
16788.0 5620.0 280.0 100.0 have
17116.0 5620.0 268.0 100.0 time
17432.0 5620.0 112.0 96.0 to
17596.0 5624.0 248.0 92.0 veto
17904.0 5612.0 184.0 104.0 thu
18155.0 5604.0 544.0 104.0 hillVt

15935.0 5736.0 376.0 104.0 would
16355.0 5744.0 284.0 96.0 have
16691.0 5736.0 400.0 120.0 passed
17140.0 5736.0 88.0 100.0 It
17268.0 5756.0 268.0 80.0 over
17572.0 5728.0 240.0 104.0 him
17852.0 5756.0 128.0 76.0 so
18060.0 5724.0 340.0 120.0 quick
18488.0 5724.0 216.0 100.0 thai

15935.0 5868.0 84.0 88.0 it
16072.0 5852.0 364.0 104.0 would
16488.0 5856.0 280.0 100.0 have
16819.0 5856.0 324.0 96.0 nude
17196.0 5848.0 172.0 100.0 his
17419.0 5843.0 272.0 104.0 head
17744.0 5848.0 356.0 100.0 swim.

16440.0 5988.0 600.0 84.0 RfEliMAV
17091.0 5988.0 460.0 80.0 sputis
17619.0 5988.0 188.0 76.0 HIS
17860.0 5983.0 356.0 80.0 UOOM.

16055.0 6084.0 236.0 100.0 Tlie
16436.0 6088.0 604.0 100.0 senatorial
17219.0 6080.0 528.0 104.0 soutltein
17924.0 6080.0 140.0 120.0 by
18211.0 6100.0 244.0 92.0 way
18608.0 6072.0 100.0 96.0 ol

15944.0 6200.0 652.0 104.0 Oiailestnii
16747.0 6204.0 228.0 100.0 and
17155.0 6200.0 604.0 100.0 Savannaii
17780.0 6268.0 20.0 44.0 ,
17968.0 6220.0 224.0 76.0 was
18319.0 6200.0 112.0 92.0 to
18555.0 6216.0 152.0 72.0 ex.

15940.0 6320.0 440.0 100.0 cur.slon
16508.0 6316.0 356.0 104.0 which
16976.0 6320.0 336.0 96.0 starts
17400.0 6324.0 632.0 92.0 to-moriovv
18144.0 6324.0 176.0 84.0 tor
18428.0 6304.0 280.0 104.0 Cuhr

15944.0 6436.0 280.0 100.0 have
16272.0 6436.0 332.0 96.0 about
16652.0 6440.0 604.0 96.0 seventeen
17316.0 6440.0 544.0 92.0 members
17868.0 6500.0 24.0 36.0 ,
17952.0 6428.0 188.0 96.0 but
18188.0 6452.0 64.0 72.0 a
18360.0 6432.0 348.0 112.0 teporl

15948.0 6552.0 236.0 100.0 that
16232.0 6552.0 308.0 96.0 there
16588.0 6552.0 196.0 100.0 has
16827.0 6547.0 276.0 100.0 been
17219.0 6576.0 60.0 72.0 a
17364.0 6572.0 252.0 72.0 case
17704.0 6547.0 120.0 92.0 of
17916.0 6540.0 400.0 108.0 vellow
18428.0 6552.0 280.0 88.0 level

15944.0 6676.0 112.0 92.0 at
16112.0 6668.0 480.0 100.0 Havana
16636.0 6672.0 200.0 92.0 has
16916.0 6680.0 388.0 84.0 scared
17391.0 6660.0 212.0 100.0 Mr.
17688.0 6652.0 384.0 104.0 Teller
18068.0 6728.0 32.0 40.0 ,
18188.0 6652.0 232.0 100.0 and
18508.0 6652.0 188.0 96.0 vrll

15952.0 6784.0 532.0 112.0 probably
16532.0 6784.0 240.0 120.0 keej
16788.0 6812.0 28.0 60.0 )
16863.0 6804.0 304.0 76.0 some
17216.0 6776.0 376.0 100.0 others
17632.0 6772.0 288.0 100.0 from
17996.0 6776.0 376.0 112.0 going.
18503.0 6764.0 208.0 100.0 Tin

15944.0 6904.0 424.0 100.0 central
16416.0 6884.0 348.0 132.0 "figure
16816.0 6895.0 108.0 100.0 In
16983.0 6899.0 184.0 96.0 the
17216.0 6899.0 320.0 116.0 paity
17583.0 6888.0 224.0 104.0 will
17864.0 6888.0 128.0 100.0 be
18060.0 6888.0 308.0 96.0 John
18424.0 6880.0 284.0 100.0 Slier

15952.0 7044.0 252.0 76.0 man
16224.0 7088.0 24.0 48.0 ,
16304.0 7016.0 372.0 100.0 whose
16727.0 7012.0 428.0 104.0 friends
17208.0 7004.0 688.0 108.0 underhand
17947.0 7000.0 220.0 104.0 this
18219.0 7024.0 108.0 80.0 to
18380.0 7000.0 128.0 96.0 be
18560.0 6996.0 152.0 100.0 tht

15952.0 7136.0 628.0 112.0 beginning
16624.0 7132.0 124.0 100.0 of
16812.0 7132.0 172.0 100.0 his
17027.0 7124.0 592.0 120.0 caniialgn
17288.0 7152.0 24.0 100.0 |
17700.0 7128.0 176.0 96.0 for
17960.0 7124.0 188.0 100.0 Hie
18236.0 7111.0 472.0 108.0 niuutna

15952.0 7256.0 236.0 96.0 tlon
16288.0 7251.0 108.0 100.0 In
16496.0 7260.0 168.0 88.0 lbi
16663.0 7251.0 60.0 96.0 $
16727.0 7319.0 24.0 32.0 .
16944.0 7244.0 1092.0 116.0 Sergeant-al-Arms
18124.0 7232.0 460.0 116.0 C.uiady
18652.0 7232.0 20.0 100.0 l
18692.0 7260.0 20.0 40.0 <

15955.0 7372.0 288.0 96.0 from
16332.0 7364.0 360.0 104.0 Xoith
16783.0 7364.0 560.0 108.0 Caiolina.
17396.0 7360.0 224.0 100.0 and
17711.0 7360.0 136.0 100.0 he
17919.0 7352.0 228.0 104.0 will
18228.0 7376.0 184.0 76.0 t.eo
18503.0 7348.0 188.0 100.0 tha

15952.0 7484.0 184.0 104.0 the
16248.0 7484.0 704.0 116.0 republicans
17044.0 7480.0 112.0 100.0 in
17252.0 7480.0 188.0 100.0 the
17516.0 7476.0 324.0 104.0 south
17927.0 7476.0 144.0 96.0 do
18164.0 7472.0 188.0 100.0 the
18452.0 7468.0 260.0 100.0 Ohlt

15948.0 7608.0 460.0 96.0 senator
16448.0 7603.0 364.0 96.0 honor
16847.0 7624.0 152.0 72.0 on
17047.0 7596.0 180.0 100.0 his
17268.0 7603.0 376.0 92.0 return
17660.0 7664.0 28.0 40.0 ,
17736.0 7588.0 228.0 104.0 nnd
18016.0 7592.0 184.0 96.0 for
18228.0 7588.0 232.0 100.0 this
18500.0 7608.0 196.0 100.0 pin

15955.0 7743.0 264.0 92.0 pose
16272.0 7720.0 132.0 100.0 lie
16452.0 7716.0 200.0 104.0 has
16700.0 7716.0 544.0 104.0 arranged
17296.0 7739.0 60.0 72.0 a
17408.0 7712.0 472.0 100.0 number
17924.0 7708.0 124.0 100.0 of
18116.0 7696.0 560.0 132.0 reception
18696.0 7728.0 20.0 72.0 !

15952.0 7848.0 108.0 88.0 ttt
16116.0 7836.0 184.0 100.0 the
16348.0 7836.0 460.0 116.0 leading
16852.0 7832.0 320.0 104.0 cities
17216.0 7832.0 124.0 96.0 of
17383.0 7832.0 184.0 100.0 thn
17600.0 7828.0 360.0 100.0 south.
18060.0 7820.0 656.0 120.0 Xevvsp.ipei

15955.0 7951.0 932.0 116.0 correspondents
16955.0 7940.0 616.0 112.0 connected
17664.0 7944.0 268.0 100.0 with
18024.0 7940.0 188.0 100.0 the
18296.0 7940.0 420.0 96.0 le.umu

15963.0 8068.0 636.0 108.0 republican
16652.0 8088.0 396.0 92.0 papers
17091.0 8068.0 124.0 96.0 of
17280.0 8064.0 284.0 100.0 Ohio
17632.0 8060.0 228.0 100.0 and
17944.0 8056.0 188.0 104.0 the
18208.0 8060.0 236.0 96.0 e.tst
18519.0 8056.0 180.0 100.0 wll

15963.0 8208.0 680.0 100.0 accompany
16700.0 8184.0 184.0 96.0 the
16927.0 8176.0 840.0 104.0 excursionists.

16700.0 8320.0 624.0 76.0 MIMTAKY
17380.0 8312.0 608.0 80.0 MATTKKS.

16063.0 8416.0 92.0 100.0 A
16199.0 8420.0 448.0 108.0 general
16676.0 8439.0 244.0 76.0 com
16947.0 8420.0 32.0 92.0 t
17016.0 8408.0 432.0 104.0 martial
17496.0 8412.0 92.0 96.0 is
17616.0 8408.0 460.0 100.0 ordered
18111.0 8408.0 112.0 96.0 to
18252.0 8424.0 204.0 80.0 con
18472.0 8424.0 244.0 76.0 vent

15960.0 8532.0 384.0 100.0 March
16391.0 8536.0 120.0 92.0 15
16548.0 8552.0 120.0 76.0 at
16719.0 8528.0 260.0 100.0 Ftirt
17052.0 8524.0 616.0 104.0 McDowell
17680.0 8596.0 24.0 40.0 ,
17755.0 8524.0 496.0 100.0 Arl/.ona
18260.0 8596.0 20.0 36.0 ,
18336.0 8528.0 184.0 88.0 tor
18560.0 8515.0 160.0 100.0 tlu

15963.0 8648.0 252.0 100.0 trial
16324.0 8651.0 120.0 96.0 of
16576.0 8644.0 680.0 104.0 Lieutenant
17355.0 8640.0 652.0 100.0 Alexander
18111.0 8636.0 128.0 100.0 T.
18388.0 8632.0 304.0 100.0 Dean

15963.0 8764.0 412.0 100.0 Fourth
16432.0 8764.0 484.0 100.0 cnvalrv.
17055.0 8760.0 680.0 104.0 Lieutenant
17796.0 8756.0 308.0 96.0 De.m
18152.0 8776.0 228.0 76.0 was
18424.0 8780.0 64.0 72.0 a
18539.0 8772.0 172.0 76.0 les

15963.0 8880.0 312.0 100.0 lilent
16324.0 8880.0 120.0 100.0 of
16524.0 8880.0 740.0 100.0 Washington
17347.0 8876.0 320.0 96.0 when
17744.0 8867.0 604.0 124.0 appointed
18403.0 8871.0 116.0 92.0 to
18575.0 8863.0 144.0 100.0 tin

15960.0 9024.0 312.0 76.0 aimv
16363.0 8996.0 112.0 104.0 in
16572.0 8996.0 636.0 100.0 November
17211.0 9068.0 24.0 40.0 ,
17296.0 8996.0 144.0 92.0 lii
17440.0 9028.0 24.0 56.0 >
17464.0 9000.0 60.0 84.0 0
17527.0 9064.0 24.0 44.0 ,
17608.0 8992.0 224.0 100.0 and
17908.0 9011.0 224.0 76.0 was
18183.0 8992.0 536.0 104.0 promotet

15963.0 9124.0 112.0 88.0 to
16127.0 9116.0 228.0 100.0 first
16408.0 9112.0 632.0 104.0 lieutenant
17091.0 9112.0 212.0 100.0 last
17355.0 9116.0 440.0 92.0 month.
17944.0 9100.0 460.0 104.0 Colonel
18452.0 9096.0 264.0 104.0 Join

15960.0 9228.0 108.0 104.0 S.
16127.0 9232.0 388.0 100.0 Mason
16532.0 9304.0 24.0 44.0 ,
16627.0 9228.0 352.0 104.0 Ninth
17036.0 9228.0 516.0 116.0 Infantry
17555.0 9296.0 28.0 40.0 ,
17644.0 9223.0 92.0 100.0 Is
17788.0 9219.0 572.0 112.0 piesldent
18408.0 9219.0 120.0 96.0 of
18575.0 9215.0 144.0 96.0 tin

15960.0 9359.0 312.0 88.0 court
16283.0 9420.0 24.0 40.0 ,
16399.0 9359.0 224.0 88.0 and
16716.0 9348.0 468.0 116.0 Captain
17296.0 9328.0 308.0 116.0 Jolin
17700.0 9340.0 104.0 100.0 S.
17911.0 9336.0 420.0 112.0 Uishop
18344.0 9404.0 24.0 52.0 ,
18444.0 9332.0 276.0 100.0 Thlr

15963.0 9448.0 384.0 116.0 teenlii
16399.0 9468.0 516.0 112.0 Intiuitiy
16924.0 9532.0 24.0 40.0 ,
16991.0 9460.0 348.0 120.0 jutlge
17388.0 9460.0 564.0 96.0 advocate.

16084.0 9575.0 244.0 104.0 The
16404.0 9580.0 332.0 96.0 death
16824.0 9584.0 116.0 92.0 ot
17016.0 9575.0 684.0 100.0 lieutenant
17783.0 9563.0 464.0 104.0 Colonel
18344.0 9563.0 380.0 100.0 Rober

15963.0 9692.0 308.0 104.0 Scott
16276.0 9768.0 28.0 44.0 ,
16419.0 9696.0 348.0 96.0 Third
16876.0 9692.0 496.0 112.0 aitlllery
17380.0 9764.0 28.0 36.0 ,
17480.0 9688.0 560.0 108.0 Saturday
18119.0 9684.0 120.0 96.0 af
18252.0 9688.0 144.0 92.0 let
18428.0 9700.0 292.0 76.0 noon

15976.0 9812.0 224.0 100.0 will
16296.0 9816.0 496.0 116.0 promote
16880.0 9808.0 188.0 100.0 tlio
17155.0 9804.0 588.0 100.0 following
17832.0 9800.0 404.0 100.0 named
18283.0 9796.0 428.0 100.0 officers

15968.0 9923.0 368.0 124.0 Major
16388.0 9927.0 452.0 100.0 I.arhett
16900.0 9923.0 32.0 96.0 1
16952.0 9980.0 28.0 44.0 *
16991.0 9995.0 20.0 28.0 .
17127.0 9919.0 736.0 108.0 Livingstone
17872.0 9991.0 24.0 44.0 ,
17972.0 9912.0 408.0 104.0 Fourth
18480.0 9915.0 244.0 96.0 artll

15972.0 10048.0 264.0 116.0 lery.
16352.0 10052.0 112.0 92.0 to
16572.0 10040.0 628.0 100.0 lieutenant
17296.0 10032.0 428.0 108.0 colonel
17836.0 10036.0 120.0 96.0 of
18060.0 10032.0 188.0 96.0 the
18355.0 10028.0 352.0 100.0 Thlid

15968.0 10160.0 472.0 124.0 Captain
16563.0 10156.0 388.0 116.0 Henry
17083.0 10160.0 32.0 92.0 (
17132.0 10156.0 80.0 100.0 \
17336.0 10148.0 588.0 104.0 Hasbrook
17932.0 10220.0 28.0 52.0 ,
18083.0 10148.0 416.0 96.0 Fouith
18516.0 10216.0 20.0 48.0 ,
18664.0 10156.0 60.0 88.0 ti

15972.0 10279.0 356.0 120.0 major
16432.0 10275.0 124.0 100.0 of
16627.0 10275.0 184.0 100.0 the
16883.0 10256.0 432.0 116.0 "Fourth
17347.0 10296.0 24.0 76.0 :
17447.0 10267.0 224.0 104.0 and
17727.0 10267.0 288.0 96.0 Fiist
18080.0 10264.0 628.0 100.0 Lieutcnan

15988.0 10392.0 580.0 100.0 Fietlerlck
16619.0 10392.0 384.0 116.0 Fiiger.
17052.0 10388.0 408.0 100.0 Fourth
17480.0 10456.0 20.0 44.0 ,
17547.0 10396.0 112.0 92.0 to
17691.0 10392.0 488.0 112.0 captain.
18300.0 10380.0 428.0 120.0 Captaii

15996.0 10512.0 356.0 100.0 t'Utfer
16404.0 10508.0 196.0 100.0 has
16647.0 10512.0 272.0 96.0 been
16976.0 10536.0 64.0 68.0 a
17091.0 10508.0 628.0 100.0 lieutenant
17768.0 10508.0 172.0 88.0 for
17983.0 10524.0 264.0 72.0 over
18311.0 10504.0 416.0 112.0 twenty

16036.0 10627.0 256.0 100.0 luce
16376.0 10648.0 316.0 96.0 years
16704.0 10699.0 24.0 44.0 ,
16824.0 10623.0 220.0 100.0 and
17147.0 10648.0 224.0 76.0 was
17440.0 10616.0 516.0 104.0 nieveted
18055.0 10612.0 444.0 116.0 captain
18600.0 10616.0 116.0 96.0 lo

15972.0 10744.0 560.0 116.0 gallantry
16647.0 10740.0 108.0 100.0 in
16832.0 10744.0 372.0 100.0 action
17319.0 10744.0 700.0 108.0 twenty-two
18124.0 10756.0 324.0 96.0 yuats
18564.0 10756.0 56.0 68.0 a
18708.0 10756.0 20.0 68.0 t-

16036.0 10860.0 172.0 100.0 Ills
16255.0 10856.0 424.0 100.0 month.

16096.0 10975.0 364.0 120.0 Major
16516.0 10971.0 384.0 120.0 Hetiiy
16952.0 10968.0 124.0 100.0 C.
17127.0 10960.0 1048.0 108.0 CookThlitecnth
18228.0 10956.0 500.0 124.0 infantry

16027.0 11119.0 156.0 68.0 las
16236.0 11096.0 268.0 92.0 been
16560.0 11088.0 468.0 100.0 oulered
17096.0 11092.0 112.0 92.0 to
17316.0 11092.0 176.0 92.0 his
17600.0 11084.0 560.0 116.0 regiment
18268.0 11076.0 112.0 100.0 In
18500.0 11076.0 228.0 104.0 Xev

16004.0 11208.0 448.0 100.0 Mexico.

16099.0 11320.0 480.0 100.0 General
16624.0 11316.0 472.0 104.0 JohnG.
17196.0 11312.0 400.0 104.0 Parke.
17708.0 11308.0 432.0 104.0 colonel
18239.0 11331.0 324.0 92.0 corps
18664.0 11335.0 64.0 68.0 o

16027.0 11440.0 580.0 112.0 inglnceis.
16668.0 11436.0 252.0 96.0 who
16968.0 11436.0 200.0 96.0 has
17216.0 11432.0 268.0 116.0 lung
17532.0 11428.0 212.0 100.0 had
17855.0 11428.0 408.0 104.0 charge
18372.0 11440.0 112.0 84.0 ot
18600.0 11424.0 116.0 100.0 tli

16048.0 11564.0 228.0 92.0 Ivor
16319.0 11556.0 220.0 96.0 and
16596.0 11543.0 1316.0 128.0 liaihorappiopriutloiis
17952.0 11539.0 780.0 112.0 oxpcnilitine'

16032.0 11700.0 48.0 72.0 s
16132.0 11668.0 460.0 104.0 eranteil
16652.0 11671.0 252.0 96.0 four
16947.0 11660.0 832.0 108.0 months'leave
17824.0 11668.0 284.0 92.0 logo
18155.0 11664.0 116.0 92.0 to
18324.0 11652.0 408.0 124.0 Kuiopt

16108.0 11788.0 692.0 100.0 Lieutenant
16868.0 11780.0 460.0 104.0 Colonel
17432.0 11780.0 428.0 116.0 George
17972.0 11776.0 164.0 100.0 M.
18252.0 11772.0 480.0 116.0 Urayton

15996.0 11899.0 352.0 104.0 Ninth
16404.0 11904.0 512.0 100.0 infatitrv
16924.0 11972.0 24.0 44.0 ,
17008.0 11895.0 576.0 116.0 promoted
17636.0 11891.0 500.0 116.0 recently
18232.0 11895.0 284.0 96.0 trom
18608.0 11887.0 116.0 100.0 th

16004.0 12020.0 568.0 100.0 Fifteenth
16688.0 12000.0 512.0 136.0 infantry
17208.0 12088.0 24.0 40.0 ,
17347.0 12016.0 200.0 96.0 has
17652.0 12012.0 276.0 96.0 been
18039.0 12016.0 468.0 108.0 granted
18624.0 12008.0 92.0 96.0 si

16036.0 12136.0 456.0 104.0 nonths'
16560.0 12136.0 604.0 100.0 extension
17272.0 12136.0 120.0 92.0 ot
17480.0 12124.0 248.0 104.0 sick
17832.0 12128.0 348.0 96.0 leave.
18319.0 12124.0 176.0 96.0 He
18596.0 12120.0 140.0 104.0 ha

16008.0 12256.0 272.0 96.0 been
16340.0 12247.0 528.0 116.0 assigned
16924.0 12256.0 108.0 92.0 to
17144.0 12247.0 412.0 100.0 station
17675.0 12260.0 108.0 80.0 at
17900.0 12239.0 256.0 100.0 Fort
18268.0 12239.0 468.0 100.0 Tlioma1

16012.0 12372.0 492.0 100.0 Ari'/.om
16516.0 12440.0 24.0 44.0 ,
16596.0 12368.0 368.0 100.0 wheie
17011.0 12364.0 140.0 104.0 he
17204.0 12364.0 224.0 104.0 will
17472.0 12356.0 240.0 124.0 join
17764.0 12360.0 116.0 96.0 at
17927.0 12356.0 184.0 104.0 the
18160.0 12356.0 556.0 124.0 explratio
18732.0 12383.0 4.0 68.0 :

15991.0 12492.0 124.0 96.0 of
16168.0 12488.0 172.0 96.0 his
16388.0 12488.0 340.0 100.0 leave.

16116.0 12603.0 472.0 132.0 Captain
16644.0 12595.0 336.0 104.0 Allen
17032.0 12591.0 492.0 108.0 Jackson
17544.0 12667.0 24.0 36.0 ,
17660.0 12587.0 496.0 104.0 Seventh
18252.0 12587.0 484.0 116.0 Infantrj

15996.0 12720.0 228.0 100.0 anil
16283.0 12716.0 284.0 104.0 First
16624.0 12716.0 688.0 100.0 Lieutenant
17360.0 12708.0 460.0 104.0 Charles
17872.0 12704.0 172.0 104.0 W.
18108.0 12708.0 412.0 100.0 Powell
18536.0 12780.0 20.0 32.0 ,
18619.0 12735.0 92.0 68.0 at

16055.0 12844.0 320.0 92.0 utant
16419.0 12836.0 440.0 100.0 Second
16916.0 12832.0 516.0 116.0 infantry
17436.0 12900.0 24.0 40.0 ,
17519.0 12828.0 276.0 100.0 have
17847.0 12824.0 272.0 100.0 been
18175.0 12820.0 472.0 104.0 ordered
18692.0 12832.0 32.0 88.0 t

16040.0 12988.0 28.0 60.0 ?
16055.0 12951.0 208.0 100.0 'ort
16319.0 12951.0 332.0 100.0 Coem
16708.0 12947.0 516.0 100.0 d'Afene.
17288.0 12943.0 344.0 100.0 Idaho
17640.0 13015.0 24.0 48.0 ,
17727.0 12943.0 284.0 96.0 fiom
18088.0 12939.0 184.0 100.0 Ihe
18328.0 12939.0 408.0 120.0 Dcpait

16040.0 13076.0 276.0 96.0 uent
16355.0 13068.0 128.0 100.0 of
16540.0 13068.0 196.0 100.0 the
16783.0 13064.0 368.0 100.0 Phitte
17155.0 13136.0 24.0 44.0 ,
17240.0 13087.0 128.0 72.0 as
17411.0 13060.0 596.0 100.0 witnesses
18055.0 13079.0 116.0 76.0 in
18228.0 13056.0 192.0 100.0 the
18480.0 13079.0 260.0 76.0 com

16032.0 13192.0 88.0 92.0 if
16252.0 13184.0 448.0 100.0 intiuirv
16808.0 13208.0 148.0 72.0 on
17063.0 13176.0 464.0 108.0 Colonel
17655.0 13176.0 388.0 100.0 Frank
18203.0 13172.0 536.0 104.0 Wheatoii

15999.0 13280.0 444.0 124.0 Second
16496.0 13299.0 544.0 116.0 Infantry.

16296.0 13439.0 208.0 80.0 TIII
16519.0 13439.0 28.0 76.0 :
16591.0 13435.0 424.0 80.0 THAW
17072.0 13427.0 508.0 84.0 noi.r.An
17632.0 13427.0 820.0 84.0 iir.Dr.MrrioN'
18455.0 13476.0 24.0 32.0 .

16119.0 13532.0 240.0 104.0 The
16424.0 13532.0 324.0 104.0 order
16852.0 13540.0 112.0 88.0 ot
17036.0 13532.0 188.0 100.0 thu
17291.0 13540.0 500.0 104.0 treasury
17896.0 13524.0 712.0 120.0 department
18683.0 13548.0 56.0 72.0 o

16008.0 13647.0 408.0 124.0 Friday
16460.0 13647.0 556.0 108.0 directing
17068.0 13647.0 240.0 100.0 that
17372.0 13643.0 312.0 100.0 tratle
17760.0 13639.0 416.0 100.0 dollars
18224.0 13655.0 112.0 84.0 to
18432.0 13647.0 128.0 92.0 be
18647.0 13664.0 92.0 72.0 re

16044.0 13764.0 424.0 104.0 Icemed
16512.0 13776.0 300.0 88.0 must
16855.0 13776.0 128.0 84.0 tie
17019.0 13760.0 584.0 120.0 deposited
17655.0 13764.0 112.0 96.0 In
17816.0 13760.0 912.0 96.0 thesiib-ttcasur

16008.0 13884.0 360.0 96.0 either
16408.0 13884.0 116.0 96.0 at
16572.0 13880.0 272.0 100.0 New
16908.0 13876.0 308.0 104.0 York
17260.0 13900.0 124.0 76.0 or
17419.0 13876.0 228.0 100.0 San
17724.0 13871.0 600.0 100.0 Francisco
18336.0 13944.0 24.0 40.0 ,
18452.0 13867.0 276.0 108.0 ciillc

16024.0 13999.0 296.0 96.0 Torth
16363.0 13995.0 520.0 112.0 vigorous
16927.0 13995.0 480.0 120.0 protests
17455.0 13991.0 292.0 96.0 from
17816.0 13988.0 456.0 96.0 holders
18316.0 13988.0 124.0 96.0 in
18532.0 13984.0 212.0 100.0 Uos

16040.0 14131.0 12.0 76.0 :
16060.0 14131.0 184.0 88.0 on.
16336.0 14108.0 288.0 104.0 New
16708.0 14108.0 476.0 100.0 Orleans
17191.0 14180.0 24.0 40.0 ,
17316.0 14104.0 160.0 104.0 SI.
17540.0 14100.0 340.0 104.0 Louis
17888.0 14172.0 24.0 48.0 ,
17968.0 14100.0 232.0 100.0 and
18247.0 14100.0 496.0 100.0 from-th

16016.0 14240.0 280.0 88.0 west
16388.0 14223.0 580.0 120.0 generallv
16972.0 14296.0 24.0 44.0 ,
17116.0 14223.0 228.0 100.0 and
17472.0 14219.0 188.0 100.0 the
17764.0 14219.0 720.0 120.0 department
18588.0 14240.0 156.0 76.0 vvn

16016.0 14343.0 344.0 100.0 asked
16452.0 14351.0 116.0 88.0 to
16652.0 14336.0 448.0 104.0 rcicind
17152.0 14336.0 236.0 100.0 that
17440.0 14343.0 356.0 92.0 order.
17932.0 14336.0 136.0 96.0 In
18128.0 14351.0 540.0 96.0 response
18708.0 14340.0 36.0 92.0 t

16072.0 14460.0 164.0 96.0 'ils
16380.0 14456.0 488.0 100.0 demand
16996.0 14452.0 592.0 116.0 Secretary
17752.0 14444.0 560.0 104.0 Faiichild
18439.0 14452.0 300.0 96.0 to-da

16012.0 14567.0 364.0 104.0 stated
16468.0 14571.0 240.0 100.0 that
16755.0 14567.0 640.0 100.0 immediate
17440.0 14580.0 304.0 108.0 steps
17844.0 14563.0 368.0 96.0 would
18296.0 14563.0 128.0 96.0 bo
18472.0 14563.0 256.0 96.0 take

16052.0 14715.0 28.0 68.0 >
16091.0 14715.0 64.0 84.0 y
16260.0 14688.0 188.0 100.0 the
16548.0 14688.0 712.0 120.0 department
17347.0 14688.0 116.0 92.0 to
17568.0 14676.0 456.0 116.0 provide
18111.0 14684.0 180.0 92.0 for
18375.0 14676.0 188.0 100.0 tlio
18664.0 14703.0 80.0 72.0 rt

16052.0 14804.0 540.0 112.0 lempllon
16716.0 14808.0 120.0 92.0 of
16944.0 14804.0 192.0 96.0 thu
17236.0 14800.0 320.0 100.0 coins
17652.0 14804.0 112.0 92.0 nl
17852.0 14820.0 228.0 96.0 any
18124.0 14800.0 120.0 92.0 ot
18319.0 14796.0 184.0 100.0 the
18552.0 14796.0 192.0 96.0 sub

16044.0 14919.0 608.0 100.0 .ro.isurios.
16788.0 14915.0 112.0 100.0 It
16980.0 14915.0 96.0 100.0 is
17155.0 14915.0 484.0 100.0 thought
17683.0 14919.0 116.0 92.0 at
17868.0 14919.0 188.0 92.0 the
18096.0 14911.0 652.0 112.0 depaitmen

16044.0 15040.0 216.0 96.0 ihat
16368.0 15036.0 188.0 100.0 the
16660.0 15055.0 592.0 92.0 necessary
17404.0 15043.0 852.0 92.0 arrangements
18364.0 15051.0 204.0 76.0 can
18688.0 15028.0 60.0 96.0 h

16060.0 15152.0 284.0 100.0 uado
16427.0 15148.0 224.0 104.0 this
16752.0 15152.0 300.0 96.0 week
17144.0 15144.0 224.0 104.0 anil
17460.0 15152.0 232.0 96.0 thai
17775.0 15148.0 308.0 96.0 there
18136.0 15139.0 224.0 104.0 will
18455.0 15148.0 128.0 96.0 bo
18667.0 15168.0 72.0 72.0 n

16016.0 15292.0 328.0 76.0 cause
16396.0 15267.0 168.0 100.0 for
16608.0 15263.0 612.0 116.0 complaint
17268.0 15263.0 292.0 100.0 after
17608.0 15259.0 488.0 116.0 .Monday
18152.0 15275.0 312.0 88.0 next.

16491.0 15403.0 592.0 80.0 rr.xsioxs
17136.0 15399.0 604.0 80.0 niiANir.K
17816.0 15399.0 528.0 80.0 IOWAXS.

16140.0 15496.0 560.0 104.0 Pensions
16736.0 15524.0 284.0 76.0 were
17060.0 15496.0 468.0 120.0 granted
17572.0 15496.0 444.0 100.0 lowans
18064.0 15496.0 372.0 116.0 to-day
18468.0 15516.0 120.0 76.0 as
18628.0 15491.0 108.0 96.0 fo

16068.0 15644.0 236.0 68.0 ows
16327.0 15644.0 28.0 72.0 :
16416.0 15615.0 540.0 100.0 Harrison
16991.0 15607.0 880.0 116.0 J.Goddartl.Ft.
17908.0 15607.0 576.0 104.0 Atkinson
18516.0 15636.0 28.0 92.0 ;
18588.0 15607.0 160.0 100.0 Ja'
18739.0 15640.0 8.0 32.0 '

16036.0 15732.0 168.0 108.0 W.
16255.0 15732.0 536.0 104.0 Florence
16791.0 15804.0 36.0 44.0 ,
16880.0 15732.0 396.0 100.0 Mason
17332.0 15732.0 256.0 116.0 City
17608.0 15751.0 40.0 96.0 ;
17688.0 15728.0 424.0 112.0 Joseph
18172.0 15728.0 152.0 100.0 M.
18375.0 15728.0 376.0 100.0 Giosei

16055.0 15848.0 452.0 104.0 tveokuk
16540.0 15872.0 28.0 76.0 :
16616.0 15852.0 388.0 96.0 James
17055.0 15848.0 228.0 96.0 Dee
17291.0 15920.0 24.0 40.0 ,
17383.0 15843.0 272.0 100.0 Yale
17683.0 15868.0 28.0 100.0 ;
17755.0 15843.0 308.0 100.0 John
18111.0 15839.0 116.0 104.0 P.
18280.0 15864.0 464.0 80.0 i.avmai

16055.0 15967.0 204.0 100.0 lies
16368.0 15967.0 444.0 96.0 Moines
16836.0 15992.0 32.0 76.0 :
17019.0 15963.0 424.0 100.0 Josenh
17552.0 15959.0 152.0 104.0 M.
17824.0 15959.0 436.0 120.0 Luppt'f
18260.0 16031.0 24.0 48.0 ,
18408.0 15956.0 344.0 104.0 Flori"

16055.0 16080.0 544.0 120.0 ileniyC.
16668.0 16084.0 460.0 100.0 Havens
17140.0 16156.0 24.0 44.0 ,
17236.0 16080.0 400.0 100.0 Colfax
17672.0 16099.0 28.0 88.0 ;
17808.0 16076.0 424.0 100.0 Martin
18339.0 16072.0 400.0 104.0 Walke

16027.0 16200.0 224.0 100.0 Des
16304.0 16200.0 440.0 100.0 Moines
16768.0 16224.0 28.0 88.0 ;
16852.0 16195.0 492.0 104.0 William
17396.0 16191.0 880.0 124.0 G.Stephenson
18291.0 16263.0 24.0 44.0 ,
18368.0 16191.0 384.0 100.0 Colf.ix

16052.0 16319.0 356.0 96.0 lames
16455.0 16304.0 596.0 132.0 Scripture.
17147.0 16311.0 588.0 108.0 Wvomlug
17760.0 16335.0 32.0 92.0 ;
17855.0 16311.0 492.0 100.0 Thomas
18432.0 16307.0 300.0 100.0 .lone
18739.0 16356.0 12.0 48.0 :

16055.0 16436.0 320.0 96.0 Davis
16424.0 16432.0 252.0 104.0 Citv
16700.0 16455.0 32.0 92.0 ;
16844.0 16428.0 352.0 120.0 Colby
17244.0 16412.0 116.0 120.0 C.
17411.0 16428.0 452.0 120.0 Tupper
17868.0 16500.0 24.0 36.0 ,
18008.0 16428.0 400.0 100.0 MaSou
18508.0 16424.0 180.0 100.0 Cit
18703.0 16455.0 40.0 84.0 >

16032.0 16547.0 492.0 100.0 William
16568.0 16543.0 308.0 104.0 Cook
16880.0 16620.0 24.0 44.0 ,
16960.0 16547.0 572.0 100.0 Anamosa
17555.0 16568.0 28.0 96.0 ;
17632.0 16543.0 488.0 100.0 William
18164.0 16543.0 112.0 96.0 C.
18332.0 16539.0 396.0 100.0 Holme
18744.0 16572.0 8.0 64.0 :

16024.0 16663.0 412.0 104.0 Milton
16463.0 16687.0 32.0 100.0 ;
16604.0 16663.0 356.0 100.0 Oscar
16991.0 16663.0 448.0 100.0 Moduli
17444.0 16735.0 32.0 36.0 ,
17580.0 16659.0 340.0 100.0 Albla
17939.0 16683.0 36.0 92.0 ;
18096.0 16656.0 492.0 104.0 William
18680.0 16656.0 76.0 100.0 li

16027.0 16780.0 512.0 100.0 Sullivan
16555.0 16852.0 24.0 36.0 ,
16755.0 16776.0 516.0 100.0 Fall-field
17304.0 16803.0 36.0 88.0 ;
17536.0 16772.0 496.0 104.0 Tillman
18203.0 16772.0 552.0 116.0 Lonpfori

16032.0 16891.0 628.0 104.0 lllbbsvllle
16683.0 16920.0 28.0 96.0 ;
16772.0 16891.0 360.0 104.0 David
17183.0 16891.0 160.0 104.0 W.
17408.0 16887.0 256.0 104.0 rim
17680.0 16963.0 24.0 40.0 ,
17755.0 16891.0 628.0 100.0 Humeston
18424.0 16912.0 28.0 96.0 ;
18536.0 16887.0 200.0 104.0 Wii

16088.0 17039.0 136.0 72.0 on
16283.0 17011.0 132.0 104.0 K.
16476.0 17011.0 464.0 100.0 ISonncr
16940.0 17083.0 24.0 40.0 ,
17080.0 17011.0 312.0 96.0 State
17460.0 17011.0 412.0 96.0 Centre
17896.0 17031.0 32.0 72.0 :
18044.0 17004.0 532.0 104.0 Madison
18675.0 17008.0 80.0 100.0 y

16060.0 17132.0 340.0 116.0 Uoyer
16399.0 17204.0 28.0 36.0 ,
16596.0 17124.0 648.0 104.0 Uloomfieltl
17280.0 17151.0 28.0 80.0 :
17436.0 17124.0 304.0 100.0 John
17860.0 17120.0 356.0 104.0 Keefe
18219.0 17200.0 28.0 32.0 ,
18368.0 17124.0 368.0 100.0 Cre-vt
18739.0 17151.0 16.0 68.0 ;

16060.0 17247.0 332.0 100.0 David
16455.0 17243.0 128.0 100.0 Y.
16644.0 17243.0 324.0 120.0 Lytle
16976.0 17319.0 20.0 40.0 ,
17063.0 17239.0 472.0 112.0 Kellozg
17564.0 17264.0 28.0 84.0 :
17680.0 17239.0 308.0 100.0 John
18055.0 17239.0 112.0 100.0 P.
18224.0 17235.0 488.0 104.0 Mullonl
18732.0 17268.0 24.0 72.0 :

16060.0 17363.0 16.0 96.0 [
16088.0 17360.0 460.0 104.0 'airfield
16583.0 17383.0 24.0 96.0 ;
16660.0 17363.0 384.0 96.0 James
17091.0 17360.0 424.0 116.0 Laney.
17583.0 17360.0 476.0 96.0 Decatur
18083.0 17379.0 28.0 96.0 ;
18164.0 17360.0 352.0 96.0 Ames
18567.0 17360.0 188.0 96.0 lial

16027.0 17480.0 260.0 100.0 cock
16304.0 17552.0 24.0 44.0 ,
16388.0 17476.0 280.0 104.0 Xew
16719.0 17476.0 572.0 124.0 Hampton
17327.0 17500.0 28.0 96.0 ;
17436.0 17476.0 308.0 100.0 John
17800.0 17472.0 320.0 104.0 Fleer
18119.0 17544.0 28.0 40.0 ,
18208.0 17476.0 548.0 96.0 Ottumwii

16060.0 17595.0 428.0 100.0 Samuel
16544.0 17595.0 136.0 100.0 11.
16732.0 17595.0 588.0 112.0 Chapman
17332.0 17667.0 24.0 40.0 ,
17432.0 17591.0 452.0 100.0 Kasson
17908.0 17616.0 40.0 96.0 ;
18052.0 17587.0 348.0 104.0 Allen
18488.0 17587.0 180.0 100.0 Uti
18732.0 17591.0 28.0 96.0 l

16027.0 17712.0 404.0 100.0 Mason
16488.0 17712.0 764.0 216.0 City.ADMITTHI

16627.0 17848.0 624.0 80.0 ADMITTHI
17272.0 17855.0 28.0 64.0 )
17368.0 17852.0 156.0 76.0 TO
17591.0 17844.0 632.0 80.0 TltACTICE
18236.0 17896.0 24.0 44.0 ,

16148.0 17943.0 304.0 100.0 Jolin
16508.0 17943.0 120.0 104.0 F.
16688.0 17947.0 416.0 100.0 Glover
17108.0 18019.0 28.0 32.0 ,
17183.0 17943.0 124.0 100.0 of
17372.0 17943.0 444.0 100.0 Ashton
17836.0 18015.0 24.0 36.0 ,
17924.0 17939.0 148.0 100.0 la.
18091.0 18015.0 24.0 32.0 ,
18175.0 17964.0 228.0 72.0 was
18472.0 17939.0 288.0 100.0 to-dn

16032.0 18060.0 544.0 100.0 admitted
16624.0 18071.0 116.0 92.0 to
16788.0 18064.0 484.0 120.0 practice
17340.0 18060.0 380.0 104.0 betoro
17808.0 18060.0 188.0 100.0 Ihe
18088.0 18056.0 480.0 104.0 inteilor
18680.0 18056.0 64.0 96.0 d

16055.0 18188.0 580.0 112.0 partment.

16840.0 18316.0 484.0 84.0 I'OVTAI.
17411.0 18312.0 628.0 84.0 CHANOr.S.

16152.0 18408.0 244.0 108.0 The
16540.0 18412.0 592.0 112.0 following
17280.0 18419.0 308.0 96.0 IOWA
17711.0 18408.0 728.0 108.0 postmasters
18567.0 18427.0 192.0 76.0 wei

16032.0 18528.0 628.0 144.0 appointed
16763.0 18528.0 384.0 120.0 to-day
17168.0 18552.0 36.0 76.0 :
17368.0 18532.0 144.0 100.0 A.
17655.0 18528.0 128.0 100.0 G.
17936.0 18528.0 372.0 96.0 Sniitn
18319.0 18596.0 24.0 40.0 ,
18500.0 18524.0 264.0 100.0 Arbt

16044.0 18631.0 232.0 112.0 Hill
16283.0 18719.0 28.0 44.0 ,
16424.0 18647.0 360.0 100.0 Adair
16883.0 18655.0 424.0 108.0 county
17311.0 18715.0 28.0 44.0 ,
17440.0 18643.0 240.0 104.0 vice
17744.0 18643.0 396.0 100.0 James
18191.0 18635.0 168.0 104.0 W.
18424.0 18635.0 300.0 104.0 Fisht

16040.0 18764.0 520.0 116.0 rcsignetl
16591.0 18787.0 28.0 92.0 ;
16736.0 18760.0 164.0 108.0 W.
17032.0 18760.0 128.0 104.0 L.
17263.0 18767.0 380.0 96.0 Stuart
17655.0 18832.0 24.0 40.0 ,
17804.0 18756.0 660.0 104.0 Mondamln
18483.0 18828.0 24.0 36.0 ,
18588.0 18756.0 172.0 100.0 Ha

16044.0 18900.0 304.0 80.0 risen
16499.0 18876.0 848.0 104.0 coinitvIce
17488.0 18876.0 240.0 96.0 Jas.
17888.0 18876.0 44.0 96.0 I
17939.0 18876.0 48.0 92.0 )
17996.0 18944.0 24.0 28.0 .
18180.0 18876.0 376.0 100.0 Stuart
18564.0 18944.0 24.0 40.0 ,
18708.0 18896.0 32.0 72.0 i

16068.0 18991.0 368.0 116.0 ilgned
16468.0 19016.0 28.0 76.0 :
16540.0 18991.0 260.0 100.0 Jno.
16863.0 18999.0 116.0 92.0 P.
17040.0 18991.0 452.0 116.0 Danger
17491.0 19063.0 28.0 36.0 ,
17575.0 18987.0 272.0 104.0 Olds
17855.0 19059.0 28.0 40.0 ,
17944.0 18987.0 396.0 120.0 lleury
18388.0 18995.0 376.0 92.0 count'
18752.0 19016.0 12.0 32.0 '

16068.0 19112.0 216.0 100.0 i-ice
16327.0 19108.0 124.0 104.0 R.
16508.0 19108.0 380.0 100.0 Miller
16888.0 19180.0 24.0 52.0 ,
16983.0 19104.0 556.0 124.0 resigned.

16627.0 19376.0 632.0 116.0 Striking
17319.0 19372.0 832.0 100.0 Railroader
18160.0 19396.0 52.0 60.0 *
18216.0 19435.0 40.0 36.0 .

16155.0 19520.0 712.0 100.0 PiTTsnt'iio
16883.0 19588.0 24.0 40.0 ,
16968.0 19512.0 188.0 104.0 Pa.
17176.0 19588.0 24.0 48.0 ,
17255.0 19512.0 380.0 104.0 March
17688.0 19520.0 84.0 96.0 7.
17904.0 19508.0 244.0 108.0 The
18200.0 19508.0 568.0 104.0 Chronlcli

16055.0 19656.0 720.0 128.0 Telegraph's
16816.0 19656.0 416.0 128.0 special
17283.0 19660.0 284.0 100.0 from
17624.0 19652.0 792.0 116.0 Youngslown
18432.0 19724.0 24.0 44.0 ,
18511.0 19652.0 256.0 100.0 Ohlt

16072.0 19816.0 96.0 96.0 in
16227.0 19800.0 388.0 124.0 regard
16716.0 19808.0 116.0 96.0 to
16940.0 19796.0 192.0 104.0 the
17196.0 19800.0 352.0 100.0 strike
17655.0 19823.0 144.0 76.0 on
17916.0 19796.0 188.0 104.0 the
18152.0 19792.0 284.0 108.0 Xew
18500.0 19792.0 268.0 104.0 Yorl

16052.0 19944.0 856.0 124.0 Pennsylvania
16955.0 19944.0 92.0 100.0 &
17100.0 19944.0 292.0 100.0 Ohio
17480.0 19936.0 472.0 108.0 railroad
17964.0 20012.0 32.0 48.0 ,
18055.0 19963.0 256.0 100.0 says
18383.0 19936.0 248.0 104.0 that
18680.0 19940.0 76.0 100.0 tt

16055.0 20088.0 668.0 108.0 conductors
16768.0 20100.0 224.0 92.0 and
17047.0 20084.0 600.0 104.0 brakemen
17704.0 20084.0 116.0 100.0 In
17911.0 20084.0 192.0 100.0 the
18196.0 20080.0 448.0 124.0 employ
18732.0 20107.0 24.0 68.0 <

16055.0 20212.0 192.0 100.0 the
16291.0 20203.0 844.0 120.0 Pennsylvania
17180.0 20224.0 556.0 96.0 company
17780.0 20199.0 384.0 104.0 .struck
18219.0 20199.0 220.0 100.0 this
18491.0 20220.0 276.0 80.0 inori

16072.0 20331.0 188.0 116.0 ing
16299.0 20327.0 232.0 100.0 anil
16576.0 20347.0 156.0 76.0 no
16772.0 20319.0 432.0 116.0 freight
17244.0 20319.0 100.0 100.0 is
17380.0 20319.0 348.0 100.0 beinc
17811.0 20315.0 408.0 104.0 moved
18264.0 20315.0 116.0 104.0 in
18472.0 20343.0 132.0 72.0 or
18644.0 20343.0 128.0 68.0 on

16068.0 20448.0 120.0 96.0 of
16299.0 20444.0 188.0 100.0 tlio
16596.0 20440.0 368.0 120.0 yaitls.
17155.0 20436.0 320.0 124.0 They
17583.0 20436.0 200.0 100.0 BSk
17855.0 20436.0 244.0 100.0 that
18208.0 20432.0 552.0 104.0 contlurto

16060.0 20559.0 288.0 104.0 shall
16396.0 20559.0 424.0 100.0 receive
16860.0 20559.0 468.0 96.0 20cents
17380.0 20576.0 192.0 100.0 per
17619.0 20555.0 288.0 96.0 hour
17908.0 20627.0 28.0 36.0 ,
17983.0 20551.0 600.0 104.0 hrukemen
18647.0 20555.0 108.0 92.0 I'.i
18700.0 20559.0 16.0 48.0 '
18764.0 20555.0 8.0 112.0 ;

16063.0 20683.0 316.0 96.0 cents
16388.0 20751.0 24.0 40.0 ,
16476.0 20675.0 240.0 100.0 lliat
16763.0 20683.0 184.0 88.0 ton
17004.0 20671.0 340.0 100.0 hours
17388.0 20667.0 284.0 104.0 shall
17724.0 20667.0 612.0 104.0 constitute
18424.0 20695.0 56.0 68.0 H
18555.0 20667.0 216.0 116.0 day

16072.0 20792.0 308.0 104.0 work
16396.0 20868.0 20.0 44.0 ,
16472.0 20796.0 228.0 96.0 and
16744.0 20811.0 220.0 100.0 pay
17008.0 20796.0 116.0 92.0 at
17168.0 20792.0 188.0 96.0 tlio
17440.0 20811.0 312.0 76.0 same
17832.0 20796.0 236.0 88.0 rate
18136.0 20796.0 176.0 88.0 tor
18352.0 20784.0 144.0 100.0 all
18552.0 20804.0 208.0 76.0 eve

16072.0 20911.0 300.0 96.0 tlmo.
16496.0 20907.0 244.0 100.0 The
16908.0 20928.0 252.0 76.0 men
17291.0 20928.0 188.0 76.0 are
17640.0 20903.0 308.0 120.0 quiet
18055.0 20903.0 224.0 96.0 and
18391.0 20899.0 364.0 100.0 orderl

16080.0 21023.0 620.0 104.0 Urakemen
16752.0 21043.0 144.0 76.0 on
16952.0 21023.0 184.0 96.0 the
17191.0 21015.0 576.0 112.0 Plttsbuig
17775.0 21091.0 20.0 36.0 ,
17855.0 21015.0 608.0 100.0 Cleveland
18547.0 21012.0 72.0 96.0 fc
18664.0 21012.0 100.0 100.0 T

16072.0 21140.0 252.0 104.0 letto
16372.0 21140.0 260.0 100.0 roatl
16740.0 21140.0 280.0 100.0 have
17108.0 21136.0 344.0 100.0 asked
17552.0 21136.0 240.0 100.0 thai
17880.0 21132.0 188.0 100.0 Ihe
18139.0 21128.0 292.0 100.0 third
18491.0 21128.0 268.0 100.0 brak

16068.0 21284.0 268.0 76.0 man
16383.0 21259.0 136.0 96.0 bo
16563.0 21268.0 204.0 108.0 put
16804.0 21276.0 148.0 76.0 on
16968.0 21323.0 24.0 36.0 ,
17047.0 21251.0 236.0 100.0 nnd
17327.0 21247.0 96.0 100.0 If
17468.0 21251.0 88.0 96.0 It
17600.0 21247.0 96.0 100.0 is
17744.0 21251.0 204.0 96.0 not
17983.0 21243.0 572.0 104.0 conceded
18600.0 21247.0 176.0 96.0 the

16072.0 21383.0 360.0 92.0 asseit
16476.0 21371.0 260.0 120.0 they
16812.0 21367.0 240.0 100.0 will
17144.0 21364.0 352.0 104.0 strike
17591.0 21367.0 272.0 96.0 next
17932.0 21360.0 316.0 104.0 Thur
18255.0 21383.0 48.0 60.0 <
18311.0 21360.0 248.0 104.0 dav.
18708.0 21360.0 44.0 100.0 I

16072.0 21492.0 472.0 100.0 tlitslrial
16591.0 21484.0 928.0 104.0 establishments
17564.0 21507.0 188.0 72.0 are
17788.0 21484.0 208.0 96.0 bad
18016.0 21480.0 24.0 100.0 !
18055.0 21504.0 44.0 92.0 )
18155.0 21475.0 500.0 124.0 crippled
18711.0 21488.0 64.0 88.0 ti

16072.0 21607.0 312.0 100.0 stock
16412.0 21679.0 28.0 36.0 ,
16491.0 21603.0 224.0 104.0 anil
16824.0 21632.0 64.0 72.0 a
16988.0 21599.0 452.0 116.0 general
17552.0 21595.0 664.0 104.0 sluit-iiown
18275.0 21595.0 96.0 100.0 Is
18424.0 21595.0 336.0 108.0 Impel

16076.0 21727.0 228.0 100.0 tivo
16352.0 21723.0 224.0 104.0 this
16632.0 21719.0 304.0 108.0 week
17000.0 21719.0 380.0 100.0 unless
17432.0 21716.0 352.0 104.0 tialllc
17832.0 21716.0 92.0 100.0 Is
17972.0 21712.0 548.0 104.0 resumed.

16476.0 21992.0 272.0 96.0 Tlio
16812.0 21992.0 580.0 92.0 Kcscrvc
17472.0 21988.0 416.0 96.0 Cities
17952.0 21984.0 536.0 96.0 Nuuioil.

16199.0 22128.0 900.0 108.0 WASHINGTON
17100.0 22200.0 24.0 40.0 ,
17180.0 22128.0 392.0 100.0 March
17627.0 22132.0 88.0 96.0 7.
17847.0 22120.0 256.0 104.0 Tlm
18180.0 22116.0 596.0 128.0 comptroll

16084.0 22276.0 120.0 100.0 of
16255.0 22276.0 188.0 104.0 Iho
16488.0 22295.0 540.0 100.0 currency
17083.0 22268.0 240.0 104.0 said
17424.0 22264.0 220.0 108.0 this
17732.0 22272.0 600.0 100.0 attt-rnoon
18436.0 22264.0 244.0 100.0 that
18772.0 22264.0 8.0 96.0 !

16084.0 22419.0 204.0 100.0 has
16340.0 22419.0 196.0 100.0 not
16591.0 22416.0 272.0 100.0 been
16919.0 22412.0 244.0 104.0 able
17240.0 22435.0 120.0 80.0 as
17452.0 22427.0 188.0 104.0 yet
17740.0 22419.0 112.0 92.0 to
17960.0 22408.0 556.0 104.0 ascertain
18580.0 22408.0 112.0 100.0 In
18752.0 22431.0 28.0 76.0 i

16088.0 22560.0 268.0 116.0 gard
16408.0 22567.0 112.0 96.0 to
16568.0 22556.0 184.0 104.0 the
16796.0 22556.0 716.0 108.0 designation
17568.0 22552.0 120.0 100.0 of
17783.0 22552.0 184.0 100.0 the
18055.0 22548.0 632.0 104.0 additional
18747.0 22571.0 28.0 76.0 i

16088.0 22707.0 116.0 72.0 sf
16219.0 22703.0 184.0 76.0 rve
16448.0 22675.0 320.0 104.0 cities
16816.0 22671.0 356.0 100.0 under
17219.0 22675.0 184.0 96.0 the
17455.0 22680.0 380.0 92.0 recent
17883.0 22671.0 160.0 100.0 act
18155.0 22675.0 112.0 92.0 ot
18360.0 22692.0 420.0 92.0 congru

16091.0 22791.0 716.0 116.0 authorizing
16852.0 22791.0 272.0 100.0 such
17172.0 22783.0 716.0 108.0 designation
17955.0 22783.0 320.0 100.0 when
18319.0 22791.0 460.0 112.0 requesti

16096.0 22911.0 140.0 136.0 by
16283.0 22911.0 588.0 100.0 three-tout
16904.0 22904.0 180.0 104.0 Ihs
17155.0 22908.0 120.0 96.0 of
17368.0 22904.0 188.0 100.0 thu
17647.0 22904.0 508.0 100.0 national
18264.0 22904.0 364.0 96.0 banks
18680.0 22900.0 100.0 100.0 in

16084.0 23036.0 240.0 96.0 city
16368.0 23027.0 372.0 100.0 wheie
16776.0 23023.0 284.0 100.0 such
17144.0 23019.0 612.0 144.0 privileges
17836.0 23044.0 196.0 76.0 aio
18111.0 23015.0 492.0 104.0 denlied.
18736.0 23015.0 48.0 100.0 1

16096.0 23127.0 232.0 116.0 will
16376.0 23147.0 148.0 96.0 do
16596.0 23143.0 480.0 112.0 nothing
17080.0 23211.0 24.0 40.0 ,
17160.0 23139.0 144.0 100.0 he.
17391.0 23163.0 256.0 96.0 says
17660.0 23211.0 24.0 40.0 ,
17800.0 23131.0 292.0 104.0 until
18203.0 23139.0 136.0 92.0 ho
18452.0 23135.0 200.0 96.0 has
18767.0 23155.0 16.0 72.0 i

16091.0 23260.0 384.0 104.0 reived
16524.0 23283.0 68.0 76.0 .1
16632.0 23256.0 496.0 104.0 certified
17216.0 23283.0 56.0 72.0 c
17360.0 23279.0 140.0 96.0 py
17591.0 23263.0 116.0 88.0 ot
17800.0 23260.0 188.0 92.0 tlio
18080.0 23248.0 196.0 104.0 bill
18352.0 23252.0 288.0 96.0 from
18732.0 23252.0 32.0 92.0 t

16099.0 23384.0 712.0 116.0 department
16855.0 23379.0 120.0 92.0 of
17024.0 23379.0 288.0 92.0 slate
17316.0 23443.0 24.0 28.0 ,
17488.0 23367.0 168.0 104.0 lie
17724.0 23371.0 460.0 116.0 expects
18275.0 23367.0 112.0 96.0 to
18480.0 23363.0 284.0 100.0 lecel

16099.0 23495.0 228.0 100.0 this
16380.0 23499.0 112.0 96.0 tn
16548.0 23519.0 60.0 72.0 a
16663.0 23499.0 216.0 92.0 lew
16927.0 23491.0 280.0 116.0 day.s
17255.0 23483.0 228.0 104.0 and
17540.0 23483.0 224.0 104.0 will
17864.0 23491.0 112.0 92.0 at
18064.0 23503.0 280.0 76.0 once
18396.0 23475.0 328.0 104.0 niako
18764.0 23507.0 20.0 68.0 :

16104.0 23615.0 728.0 112.0 rangements.
16927.0 23612.0 176.0 96.0 for
17188.0 23604.0 184.0 100.0 thu
17452.0 23604.0 416.0 124.0 speedy
17911.0 23592.0 592.0 108.0 execution
18560.0 23596.0 124.0 100.0 of
18739.0 23604.0 32.0 92.0 t

16104.0 23731.0 248.0 100.0 law.

17024.0 23855.0 464.0 32.0 _
17552.0 23859.0 452.0 24.0 _

16812.0 23944.0 272.0 112.0 Jay
17168.0 23935.0 428.0 92.0 Gould
17691.0 23931.0 520.0 92.0 Denies.

16227.0 24079.0 312.0 104.0 NEW
16599.0 24075.0 348.0 104.0 YOUK
16963.0 24147.0 24.0 48.0 ,
17040.0 24071.0 376.0 104.0 Maroli
17460.0 24079.0 56.0 92.0 7
17655.0 24088.0 20.0 104.0 (
17704.0 24067.0 436.0 128.0 Special
18172.0 24063.0 588.0 112.0 TflpRratn

16112.0 24223.0 188.0 104.0 Iho
16360.0 24223.0 288.0 100.0 UKK.
16660.0 24219.0 40.0 124.0 ]
16840.0 24215.0 580.0 128.0 Speaking
17464.0 24211.0 124.0 100.0 of
17675.0 24211.0 184.0 104.0 tlio
17947.0 24211.0 428.0 112.0 alleged
18480.0 24207.0 232.0 100.0 sale

16116.0 24372.0 188.0 96.0 the
16348.0 24363.0 160.0 104.0 St.
16563.0 24359.0 344.0 108.0 Louis
16955.0 24376.0 68.0 80.0 iV
17016.0 24391.0 36.0 64.0 :
17119.0 24359.0 228.0 100.0 San
17411.0 24355.0 596.0 104.0 Fr.tnclsco
18100.0 24351.0 264.0 100.0 roatl
18447.0 24355.0 112.0 96.0 to
18655.0 24351.0 104.0 100.0 hi

16116.0 24508.0 368.0 108.0 Gould
16527.0 24580.0 20.0 28.0 .
16540.0 24503.0 228.0 104.0 -aid
16819.0 24503.0 596.0 124.0 yesteiday
17419.0 24575.0 28.0 40.0 ,
17504.0 24499.0 308.0 100.0 there
17868.0 24499.0 92.0 100.0 is
18011.0 24499.0 200.0 100.0 nut
18264.0 24495.0 180.0 104.0 the
18528.0 24491.0 248.0 120.0 sllgl

16119.0 24679.0 60.0 72.0 e
16248.0 24664.0 40.0 92.0 t
16336.0 24647.0 388.0 104.0 thread
16760.0 24671.0 144.0 80.0 on
16952.0 24643.0 356.0 104.0 which
17352.0 24647.0 112.0 96.0 to
17504.0 24639.0 304.0 120.0 hang
17847.0 24639.0 188.0 104.0 th"
18080.0 24647.0 340.0 104.0 story.
18511.0 24635.0 276.0 104.0 Ino\

16119.0 24771.0 300.0 100.0 dealt
16468.0 24767.0 112.0 104.0 in
16632.0 24771.0 188.0 100.0 the
16868.0 24767.0 272.0 96.0 stool
17147.0 24787.0 36.0 76.0 ;
17232.0 24763.0 124.0 96.0 of
17404.0 24771.0 184.0 88.0 tne
17632.0 24759.0 224.0 104.0 San
17947.0 24755.0 600.0 104.0 Francisco
18628.0 24779.0 160.0 72.0 ror

16119.0 24883.0 756.0 108.0 inillvidvallv
16916.0 24883.0 124.0 100.0 in
17091.0 24903.0 188.0 84.0 mv
17340.0 24876.0 236.0 112.0 life.
17711.0 24876.0 52.0 104.0 I
17852.0 24876.0 292.0 100.0 have
18228.0 24883.0 196.0 96.0 not
18511.0 24876.0 220.0 96.0 boii
18736.0 24899.0 40.0 92.0 }
18767.0 24899.0 24.0 80.0 !

16124.0 25004.0 320.0 104.0 stock
16496.0 24999.0 404.0 128.0 myself
16947.0 25023.0 192.0 76.0 noi
17200.0 25019.0 176.0 80.0 am
17436.0 24991.0 40.0 104.0 1
17527.0 25019.0 64.0 72.0 a
17644.0 24991.0 492.0 100.0 member
18208.0 24995.0 120.0 92.0 of
18419.0 24987.0 188.0 104.0 the
18683.0 25012.0 56.0 72.0 s
18747.0 25016.0 44.0 96.0 >

16127.0 25123.0 364.0 100.0 dicate
16496.0 25191.0 28.0 52.0 ,
16576.0 25115.0 224.0 104.0 nnd
16868.0 25115.0 36.0 100.0 I
16960.0 25119.0 280.0 96.0 li.ivo
17291.0 25135.0 148.0 80.0 no
17483.0 25107.0 368.0 104.0 deslro
17896.0 25111.0 112.0 96.0 to
18060.0 25107.0 220.0 120.0 buy
18375.0 25103.0 120.0 100.0 it.
18664.0 25103.0 44.0 100.0 1

16132.0 25255.0 200.0 84.0 nut
16383.0 25235.0 400.0 108.0 Intend
16832.0 25239.0 108.0 96.0 tn
16996.0 25251.0 496.0 116.0 mcieasp
17564.0 25251.0 176.0 92.0 my
17832.0 25247.0 336.0 80.0 cares.
18352.0 25220.0 440.0 104.0 Prr-Mdc

16140.0 25356.0 256.0 104.0 Win
16424.0 25356.0 276.0 100.0 "low
16747.0 25351.0 224.0 108.0 and
17019.0 25347.0 328.0 100.0 Jesse
17396.0 25343.0 612.0 108.0 Sellman.
18060.0 25339.0 540.0 104.0 diiectors
18616.0 25407.0 28.0 48.0 ,
18696.0 25368.0 24.0 68.0 s
18719.0 25387.0 28.0 52.0 >
18760.0 25364.0 32.0 76.0 j

16136.0 25475.0 308.0 104.0 thine
16512.0 25496.0 216.0 80.0 was
16783.0 25496.0 152.0 76.0 no
16980.0 25463.0 300.0 108.0 luilh
17340.0 25483.0 112.0 80.0 in
17496.0 25459.0 184.0 104.0 the
17727.0 25467.0 400.0 100.0 leport.

16804.0 25712.0 404.0 112.0 Hoyal
17280.0 25703.0 436.0 100.0 Dutch
17772.0 25699.0 840.0 100.0 Succession.

16252.0 25856.0 236.0 104.0 Tin
16504.0 25879.0 28.0 80.0 :
16627.0 25852.0 460.0 104.0 II.Uit'K
17096.0 25924.0 24.0 40.0 ,
17211.0 25843.0 376.0 104.0 March
17700.0 25848.0 84.0 96.0 7.
17911.0 25835.0 248.0 104.0 The
18247.0 25835.0 544.0 104.0 chamber

16136.0 25996.0 508.0 132.0 deputies
16652.0 26072.0 28.0 44.0 ,
16736.0 26011.0 140.0 108.0 oy
16924.0 26019.0 64.0 76.0 a
17040.0 25996.0 248.0 100.0 vole
17336.0 25988.0 124.0 104.0 of
17496.0 25988.0 124.0 96.0 43
17680.0 25988.0 452.0 112.0 agalnsl
18175.0 25983.0 76.0 96.0 'i
18239.0 25979.0 56.0 68.0 *
18300.0 26055.0 28.0 44.0 ,
18380.0 26003.0 416.0 100.0 approv

16144.0 26143.0 192.0 100.0 tlio
16376.0 26143.0 220.0 100.0 l.ivv
16640.0 26132.0 632.0 112.0 regulating
17319.0 26128.0 640.0 104.0 succession
18044.0 26128.0 116.0 96.0 to
18228.0 26119.0 188.0 104.0 Ihe
18503.0 26119.0 292.0 104.0 throi

16140.0 26259.0 244.0 104.0 The
16432.0 26259.0 216.0 104.0 law
16696.0 26251.0 308.0 124.0 provi
17052.0 26251.0 160.0 100.0 les
17291.0 26247.0 80.0 108.0 it
17472.0 26247.0 184.0 104.0 the
17740.0 26239.0 356.0 104.0 dliect
18172.0 26239.0 228.0 104.0 line
18455.0 26235.0 256.0 104.0 falls
18764.0 26251.0 32.0 88.0 t

16144.0 26375.0 592.0 104.0 su&e.isloi
16752.0 26395.0 28.0 80.0 !
16836.0 26371.0 200.0 100.0 fall
17132.0 26367.0 228.0 104.0 first
17372.0 26439.0 24.0 40.0 ,
17447.0 26387.0 300.0 80.0 upon
17819.0 26359.0 296.0 104.0 Sofia
18132.0 26431.0 24.0 44.0 ,
18208.0 26363.0 336.0 92.0 sister
18591.0 26352.0 124.0 104.0 of
18764.0 26363.0 32.0 92.0 t

16148.0 26492.0 284.0 116.0 king
16452.0 26515.0 32.0 96.0 ;
16536.0 26488.0 528.0 120.0 secondly
17068.0 26560.0 28.0 40.0 ,
17152.0 26507.0 296.0 100.0 upon
17504.0 26484.0 188.0 96.0 the
17736.0 26471.0 756.0 108.0 descendants
18539.0 26475.0 124.0 96.0 of
18739.0 26547.0 28.0 28.0 ,
18760.0 26480.0 36.0 80.0 \

16152.0 26611.0 316.0 104.0 rianu
16476.0 26687.0 24.0 40.0 ,
16568.0 26603.0 552.0 112.0 daughter
17204.0 26607.0 116.0 92.0 ot
17440.0 26599.0 184.0 100.0 the
17724.0 26599.0 220.0 96.0 late
18055.0 26591.0 276.0 108.0 king
18360.0 26611.0 28.0 96.0 ;
18503.0 26587.0 292.0 104.0 third

16152.0 26751.0 304.0 88.0 upon
16563.0 26727.0 160.0 100.0 thi
16727.0 26755.0 28.0 64.0 )
16824.0 26711.0 796.0 108.0 "dii.scenilants
17724.0 26715.0 128.0 92.0 tif
17983.0 26711.0 196.0 100.0 thu
18280.0 26711.0 224.0 96.0 Jato
18575.0 26711.0 36.0 56.0 '
18591.0 26772.0 28.0 32.0 .
18688.0 26727.0 104.0 76.0 iu

16155.0 26844.0 580.0 104.0 Lnulsoof
16780.0 26840.0 484.0 100.0 Swetlen
17296.0 26855.0 32.0 88.0 :
17383.0 26827.0 500.0 124.0 fouithly
17891.0 26899.0 24.0 52.0 ,
17980.0 26844.0 300.0 108.0 upon
18355.0 26823.0 184.0 100.0 thu
18652.0 26823.0 136.0 100.0 Pr

16152.0 26984.0 244.0 84.0 cess
16432.0 26955.0 352.0 104.0 Marie
16827.0 26955.0 132.0 104.0 of
17008.0 26951.0 124.0 108.0 AV
17160.0 26955.0 272.0 100.0 Idle.

16612.0 27231.0 272.0 92.0 The
16972.0 27223.0 380.0 112.0 Hlu'i"
17440.0 27223.0 396.0 108.0 Dairy
17919.0 27211.0 584.0 100.0 Murker.

16283.0 27367.0 572.0 108.0 Cnicvoo
16868.0 27439.0 20.0 40.0 ,
16983.0 27355.0 384.0 112.0 Mnrch
17411.0 27363.0 56.0 96.0 7
17511.0 27427.0 28.0 36.0 .
17668.0 27351.0 252.0 108.0 Tlio
18052.0 27351.0 308.0 104.0 Inter
18491.0 27343.0 300.0 108.0 Orpa

16180.0 27511.0 324.0 120.0 F.lgm
16568.0 27515.0 36.0 104.0 (
16632.0 27507.0 160.0 104.0 III.
16808.0 27511.0 40.0 112.0 )
16896.0 27499.0 416.0 136.0 special
17360.0 27523.0 260.0 100.0 says
17647.0 27523.0 24.0 84.0 :
17811.0 27499.0 396.0 104.0 Mutter
18255.0 27491.0 312.0 104.0 ruKid
18619.0 27495.0 168.0 96.0 act

16172.0 27655.0 224.0 108.0 and
16444.0 27659.0 392.0 100.0 strong
16904.0 27663.0 116.0 88.0 at
17060.0 27647.0 180.0 104.0 Sic
17247.0 27719.0 28.0 48.0 ,
17360.0 27639.0 440.0 112.0 regular
17844.0 27639.0 292.0 104.0 e.v'.i's
18216.0 27635.0 340.0 116.0 being
18639.0 27639.0 36.0 84.0 (
18672.0 27635.0 64.0 92.0 X
18728.0 27639.0 44.0 88.0 )
18775.0 27707.0 20.0 32.0 ,

16172.0 27771.0 484.0 132.0 pounds.
16788.0 27763.0 520.0 112.0 Xathlng
17355.0 27783.0 228.0 80.0 was
17627.0 27763.0 348.0 120.0 doing
18011.0 27756.0 116.0 104.0 in
18180.0 27756.0 420.0 104.0 cheese.
18739.0 27748.0 24.0 48.0 '
18760.0 27748.0 44.0 104.0 1

16176.0 27892.0 280.0 112.0 total
16499.0 27883.0 292.0 108.0 sales
16844.0 27907.0 292.0 88.0 \\ero
17180.0 27883.0 352.0 124.0 tl8,7&
17591.0 27943.0 32.0 48.0 ,

18908.0 2464.0 640.0 244.0 DOINGS
19719.0 2460.0 172.0 236.0 IN
20039.0 2452.0 864.0 244.0 SUPREME
21072.0 2448.0 592.0 240.0 COURT
21672.0 2628.0 12.0 52.0 ,

18892.0 3008.0 244.0 128.0 The
19188.0 3000.0 508.0 168.0 Highest
19764.0 2992.0 568.0 132.0 Tribunal
20428.0 2992.0 124.0 128.0 in
20647.0 2992.0 204.0 128.0 the
20920.0 2984.0 332.0 136.0 Laml
21367.0 2984.0 308.0 140.0 Reas-

19711.0 3180.0 484.0 132.0 sembles
20252.0 3180.0 212.0 128.0 For
20539.0 3172.0 372.0 132.0 Work.

18908.0 3552.0 476.0 116.0 MANY
19475.0 3548.0 900.0 112.0 DECISIONS
20472.0 3540.0 684.0 116.0 HANDED
21223.0 3524.0 496.0 124.0 DOWN

18896.0 3944.0 200.0 100.0 An
19155.0 3940.0 144.0 96.0 In
19383.0 3960.0 256.0 76.0 nnc
19716.0 3932.0 348.0 100.0 Man'
20072.0 3960.0 64.0 64.0 *
20203.0 3924.0 556.0 104.0 Suicide
20851.0 3920.0 348.0 104.0 Hold
21292.0 3932.0 148.0 84.0 to
21528.0 3916.0 108.0 100.0 II
21639.0 3936.0 88.0 84.0 *

19131.0 4136.0 168.0 72.0 an
19364.0 4104.0 656.0 104.0 Accident
20080.0 4100.0 264.0 100.0 and
20459.0 4124.0 172.0 72.0 nn
20736.0 4096.0 740.0 100.0 Insurance

19495.0 4280.0 676.0 112.0 Company
20300.0 4268.0 448.0 96.0 Liable
20872.0 4264.0 252.0 96.0 1'or

19316.0 4832.0 668.0 112.0 Supreme
20067.0 4824.0 408.0 92.0 Court
20572.0 4816.0 688.0 100.0 Decisions
21264.0 4880.0 32.0 36.0 ,
21744.0 4772.0 28.0 124.0 I

19031.0 4964.0 876.0 108.0 WAsin.Ntnox
19916.0 5032.0 24.0 44.0 ,
20108.0 4956.0 376.0 104.0 March
20595.0 4964.0 84.0 96.0 7.
20811.0 4952.0 244.0 104.0 The
21203.0 4960.0 524.0 112.0 supreme

18900.0 5116.0 312.0 100.0 coutt
19267.0 5100.0 748.0 112.0 icassembled
20072.0 5096.0 368.0 128.0 to-day
20487.0 5100.0 296.0 100.0 after
20864.0 5092.0 188.0 108.0 Ihe
21147.0 5092.0 576.0 120.0 February

18900.0 5279.0 360.0 80.0 recess
19283.0 5320.0 20.0 36.0 ,
19447.0 5244.0 192.0 108.0 All
19695.0 5244.0 188.0 104.0 the
19928.0 5244.0 460.0 124.0 justices
20447.0 5268.0 280.0 76.0 weie
20823.0 5236.0 112.0 104.0 In
21036.0 5236.0 292.0 104.0 their
21423.0 5240.0 308.0 100.0 sentg

18900.0 5404.0 392.0 116.0 except
19336.0 5392.0 444.0 108.0 Justice
19831.0 5384.0 408.0 108.0 Woods
20252.0 5464.0 20.0 44.0 ,
20352.0 5392.0 252.0 96.0 who
20695.0 5380.0 96.0 104.0 Is
20872.0 5376.0 228.0 108.0 still
21220.0 5400.0 112.0 80.0 in
21431.0 5372.0 244.0 112.0 Cali

18903.0 5540.0 400.0 104.0 fornia.
19447.0 5532.0 584.0 104.0 Decisions
20083.0 5556.0 288.0 76.0 were
20423.0 5524.0 540.0 104.0 rendeied
21064.0 5520.0 108.0 104.0 In
21228.0 5528.0 504.0 120.0 twenty-

18900.0 5680.0 312.0 120.0 eight
19255.0 5708.0 312.0 76.0 cases
19580.0 5752.0 24.0 48.0 ,
19656.0 5680.0 116.0 96.0 of
19828.0 5672.0 360.0 104.0 which
20244.0 5672.0 184.0 100.0 the
20480.0 5664.0 588.0 124.0 following
21116.0 5692.0 188.0 76.0 ate
21400.0 5664.0 328.0 108.0 those

18903.0 5824.0 120.0 100.0 of
19067.0 5820.0 188.0 104.0 the
19308.0 5828.0 280.0 96.0 most
19644.0 5816.0 456.0 104.0 L-cncral
20147.0 5816.0 696.0 124.0 tmpoitanco
20872.0 5832.0 28.0 80.0 :

19028.0 5964.0 220.0 104.0 Xo.
19295.0 5968.0 120.0 96.0 W
19536.0 5960.0 244.0 104.0 The
19828.0 5968.0 588.0 96.0 executors
20464.0 5956.0 120.0 100.0 of
20644.0 5952.0 296.0 104.0 F.lins
20992.0 5948.0 448.0 128.0 Speldel
21459.0 6024.0 20.0 40.0 ,
21536.0 5952.0 140.0 100.0 de-

18903.0 6080.0 388.0 104.0 ceased
19311.0 6152.0 24.0 48.0 ,
19395.0 6104.0 120.0 76.0 vs
19567.0 6080.0 184.0 100.0 the
19803.0 6084.0 472.0 96.0 tiuslees
20392.0 6080.0 112.0 92.0 of
20608.0 6068.0 584.0 124.0 Harmony
21284.0 6072.0 436.0 116.0 society

18908.0 6212.0 112.0 88.0 ot
19139.0 6195.0 420.0 104.0 Ueaver
19644.0 6200.0 420.0 128.0 county
20075.0 6263.0 28.0 44.0 ,
20208.0 6188.0 880.0 120.0 Pennsylvania.
21267.0 6184.0 448.0 120.0 Appeal

18911.0 6324.0 280.0 92.0 from
19244.0 6316.0 188.0 100.0 the
19488.0 6308.0 416.0 108.0 I'lilted
19964.0 6312.0 368.0 96.0 State.s
20375.0 6304.0 388.0 104.0 circull
20808.0 6312.0 316.0 92.0 court
21251.0 6308.0 172.0 92.0 for
21528.0 6300.0 196.0 104.0 the

18916.0 6444.0 468.0 88.0 western
19439.0 6428.0 436.0 100.0 dlstriet
19924.0 6436.0 104.0 88.0 of
20100.0 6420.0 872.0 120.0 Peniisjlvauia.
21151.0 6416.0 284.0 100.0 Tl'ls
21487.0 6440.0 236.0 72.0 was

18911.0 6580.0 60.0 68.0 a
19024.0 6547.0 220.0 96.0 suit
19300.0 6543.0 468.0 116.0 bioiight
19819.0 6540.0 136.0 120.0 by
20008.0 6564.0 60.0 72.0 u
20183.0 6543.0 412.0 92.0 toiiuer
20711.0 6532.0 488.0 100.0 member
21300.0 6536.0 124.0 92.0 of
21531.0 6532.0 192.0 96.0 the

18919.0 6660.0 588.0 120.0 Harmony
19592.0 6648.0 704.0 120.0 community
20395.0 6660.0 128.0 88.0 to
20620.0 6672.0 460.0 80.0 leeovor
21184.0 6644.0 312.0 100.0 v\hat
21580.0 6644.0 148.0 100.0 he

18916.0 6772.0 472.0 104.0 claimed
19439.0 6800.0 120.0 72.0 as
19611.0 6768.0 172.0 100.0 his
19836.0 6764.0 628.0 104.0 individual
20516.0 6764.0 328.0 100.0 share
20936.0 6759.0 108.0 100.0 in
21144.0 6759.0 188.0 100.0 the
21439.0 6784.0 236.0 72.0 com

18919.0 6888.0 548.0 116.0 munity's
19603.0 6895.0 548.0 112.0 proudly.
20323.0 6880.0 240.0 96.0 The
20675.0 6876.0 576.0 120.0 appellant
21359.0 6876.0 300.0 96.0 main-

18924.0 7008.0 296.0 100.0 tains
19272.0 7000.0 176.0 104.0 ills
19488.0 7008.0 224.0 92.0 still
19759.0 7004.0 444.0 96.0 anulnsl
20259.0 6992.0 184.0 104.0 tlio
20531.0 7004.0 480.0 88.0 trustees
21120.0 7012.0 304.0 100.0 upon
21539.0 6988.0 192.0 100.0 the

18928.0 7120.0 440.0 120.0 ground
19419.0 7120.0 240.0 100.0 that
19711.0 7116.0 184.0 100.0 ihu
19947.0 7124.0 84.0 92.0 ti
20067.0 7124.0 172.0 92.0 list
20292.0 7116.0 96.0 96.0 is
20480.0 7116.0 192.0 92.0 not
20784.0 7100.0 432.0 124.0 charily
21331.0 7107.0 108.0 96.0 In
21539.0 7104.0 196.0 100.0 thu

18919.0 7240.0 288.0 108.0 legal
19260.0 7260.0 328.0 80.0 sense
19616.0 7256.0 28.0 112.0 ;
19695.0 7232.0 240.0 100.0 thai
19983.0 7232.0 188.0 100.0 the
20220.0 7228.0 548.0 100.0 membeis
20816.0 7228.0 120.0 96.0 of
21031.0 7220.0 188.0 100.0 the
21308.0 7216.0 428.0 128.0 society

18919.0 7384.0 188.0 76.0 are
19155.0 7336.0 556.0 144.0 equitable
19759.0 7360.0 456.0 92.0 tenants
20267.0 7348.0 112.0 96.0 In
20436.0 7368.0 512.0 76.0 common
21008.0 7344.0 120.0 92.0 of
21180.0 7336.0 188.0 100.0 the
21415.0 7360.0 272.0 88.0 prop-

18924.0 7484.0 236.0 112.0 erty
19216.0 7472.0 248.0 104.0 held
19519.0 7472.0 116.0 100.0 In
19688.0 7476.0 280.0 92.0 trust
19983.0 7540.0 24.0 40.0 ,
20064.0 7459.0 224.0 108.0 and
20339.0 7459.0 240.0 104.0 that
20692.0 7459.0 184.0 100.0 the
20967.0 7459.0 284.0 100.0 tiust
21348.0 7456.0 96.0 100.0 Is
21531.0 7476.0 148.0 76.0 un-

18924.0 7592.0 400.0 100.0 lawful
19483.0 7588.0 472.0 100.0 because
20116.0 7572.0 516.0 108.0 founded
20792.0 7580.0 120.0 96.0 In
21016.0 7568.0 336.0 108.0 fiaud
21495.0 7564.0 244.0 108.0 and

18924.0 7708.0 448.0 108.0 acalust
19424.0 7704.0 376.0 108.0 public
19895.0 7696.0 364.0 124.0 policy
20272.0 7768.0 24.0 44.0 ,
20347.0 7696.0 228.0 100.0 mid
20664.0 7692.0 396.0 100.0 should
21175.0 7696.0 556.0 96.0 therefore

18928.0 7828.0 128.0 96.0 be
19180.0 7820.0 600.0 104.0 dissolved.
19911.0 7811.0 280.0 104.0 This
20372.0 7815.0 312.0 96.0 couit
20695.0 7883.0 24.0 40.0 ,
20859.0 7807.0 476.0 100.0 without
21472.0 7828.0 204.0 80.0 con-

18924.0 7940.0 504.0 104.0 sidering
19644.0 7936.0 188.0 100.0 the
20072.0 7928.0 584.0 120.0 questions
20839.0 7924.0 260.0 104.0 thus
21320.0 7920.0 356.0 100.0 raided
21692.0 7988.0 28.0 56.0 ,

18928.0 8084.0 124.0 76.0 as
19100.0 8064.0 112.0 96.0 to
19264.0 8060.0 184.0 100.0 the
19500.0 8060.0 400.0 92.0 nature
19947.0 8056.0 108.0 92.0 ot
20116.0 8048.0 188.0 100.0 the
20347.0 8044.0 700.0 120.0 community
21095.0 8036.0 228.0 104.0 and
21372.0 8040.0 124.0 100.0 of
21539.0 8036.0 192.0 100.0 the

18928.0 8184.0 288.0 92.0 trust
19216.0 8244.0 32.0 40.0 ,
19364.0 8167.0 452.0 104.0 decides
19919.0 8163.0 244.0 104.0 that
20275.0 8159.0 584.0 100.0 Inasmuch
20972.0 8184.0 120.0 76.0 as
21259.0 8152.0 460.0 124.0 Speldel

18931.0 8292.0 580.0 100.0 withdrew
19567.0 8296.0 292.0 92.0 fiom
19931.0 8284.0 184.0 100.0 thu
20200.0 8280.0 696.0 108.0 community
20987.0 8276.0 116.0 96.0 tn
21195.0 8276.0 224.0 92.0 1S11
21508.0 8268.0 232.0 104.0 and

18928.0 8432.0 340.0 76.0 never
19311.0 8404.0 524.0 100.0 returned
19888.0 8404.0 112.0 96.0 to
20052.0 8400.0 80.0 96.0 It
20139.0 8468.0 28.0 48.0 ,
20223.0 8400.0 224.0 96.0 anil
20500.0 8396.0 176.0 100.0 for
20720.0 8416.0 304.0 76.0 mure
21103.0 8388.0 272.0 100.0 than
21475.0 8388.0 256.0 120.0 fifty

18924.0 8548.0 328.0 96.0 je.irs
19295.0 8500.0 268.0 120.0 look
19611.0 8544.0 156.0 76.0 no
19803.0 8532.0 316.0 96.0 steps
20147.0 8524.0 120.0 88.0 lo
20295.0 8511.0 384.0 100.0 obtain
20720.0 8532.0 152.0 76.0 an
20916.0 8515.0 488.0 92.0 account
21444.0 8504.0 292.0 100.0 from
21728.0 8572.0 12.0 32.0 ,

18931.0 8640.0 192.0 100.0 tlie
19172.0 8648.0 412.0 92.0 trustee
19595.0 8659.0 48.0 60.0 *
19692.0 8659.0 124.0 72.0 or
19864.0 8640.0 116.0 92.0 to
20024.0 8640.0 352.0 92.0 assert
20428.0 8628.0 172.0 96.0 his
20644.0 8624.0 436.0 116.0 alleged
21164.0 8620.0 352.0 112.0 rlghls
21523.0 8696.0 24.0 40.0 ,
21608.0 8620.0 136.0 100.0 ho

18939.0 8756.0 92.0 100.0 Is
19083.0 8764.0 196.0 88.0 not
19316.0 8752.0 472.0 100.0 entitled
19839.0 8756.0 112.0 92.0 to
20000.0 8744.0 356.0 104.0 lellef.
20495.0 8740.0 96.0 104.0 It
20652.0 8744.0 136.0 96.0 ho
20851.0 8764.0 264.0 76.0 ever
21203.0 8740.0 216.0 96.0 hail
21511.0 8760.0 232.0 120.0 any

18931.0 8867.0 360.0 120.0 rights
19344.0 8871.0 136.0 96.0 ho
19564.0 8863.0 320.0 100.0 could
19983.0 8871.0 196.0 92.0 not
20264.0 8867.0 352.0 92.0 asseit
20695.0 8860.0 300.0 96.0 them
21087.0 8856.0 296.0 100.0 after
21467.0 8840.0 280.0 112.0 such

18936.0 8988.0 360.0 116.0 delay.
19428.0 8984.0 240.0 100.0 The
19716.0 8988.0 388.0 96.0 tlcciee
20156.0 8984.0 116.0 96.0 of
20323.0 8980.0 184.0 96.0 thu
20592.0 8972.0 388.0 104.0 circuit
21028.0 8976.0 312.0 100.0 court
21436.0 8964.0 96.0 104.0 Is
21575.0 8972.0 164.0 96.0 at-

18944.0 9100.0 416.0 104.0 tirmed.

19060.0 9215.0 208.0 104.0 Xo.
19328.0 9208.0 900.0 104.0 -Accident
20311.0 9204.0 608.0 100.0 Insurance
21003.0 9219.0 564.0 104.0 company
21611.0 9196.0 132.0 100.0 ot

18947.0 9332.0 364.0 104.0 Xoith
19364.0 9332.0 516.0 100.0 America
19895.0 9396.0 24.0 48.0 ,
19975.0 9324.0 488.0 116.0 plaintiff
20516.0 9320.0 104.0 100.0 in
20695.0 9344.0 304.0 76.0 enor
21003.0 9392.0 28.0 40.0 ,
21084.0 9344.0 120.0 72.0 vs
21300.0 9316.0 456.0 100.0 Loretia

18939.0 9452.0 156.0 100.0 M.
19152.0 9444.0 536.0 104.0 Crandall
19695.0 9516.0 20.0 36.0 ,
19775.0 9444.0 116.0 96.0 in
19983.0 9468.0 300.0 72.0 error
20367.0 9448.0 112.0 88.0 to
20567.0 9435.0 188.0 100.0 thu
20844.0 9431.0 440.0 104.0 United
21367.0 9431.0 384.0 104.0 States

18944.0 9563.0 392.0 104.0 circuit
19383.0 9567.0 312.0 92.0 couit
19747.0 9560.0 176.0 96.0 for
19967.0 9556.0 188.0 100.0 the
20200.0 9552.0 444.0 104.0 district
20692.0 9556.0 108.0 92.0 ot
20867.0 9548.0 476.0 104.0 Illinois.
21472.0 9544.0 288.0 100.0 This

18952.0 9684.0 92.0 96.0 is
19092.0 9707.0 64.0 72.0 a
19203.0 9676.0 356.0 116.0 policy
19616.0 9700.0 296.0 76.0 upon
19967.0 9704.0 64.0 68.0 a
20080.0 9672.0 232.0 100.0 suit
20359.0 9676.0 108.0 92.0 ol
20547.0 9664.0 508.0 104.0 accident
21151.0 9664.0 608.0 100.0 insurance

18947.0 9800.0 224.0 100.0 nnd
19216.0 9800.0 512.0 120.0 presents
19775.0 9820.0 64.0 68.0 a
19888.0 9787.0 516.0 124.0 question
20464.0 9792.0 500.0 92.0 whether
21051.0 9808.0 64.0 72.0 a
21192.0 9775.0 372.0 128.0 pulley
21631.0 9808.0 64.0 68.0 o

18952.0 9919.0 600.0 96.0 Insurance
19619.0 9908.0 444.0 116.0 against
20164.0 9900.0 448.0 120.0 "bodily
20711.0 9896.0 484.0 120.0 Injuries
21280.0 9892.0 480.0 104.0 ellected

18960.0 10036.0 468.0 112.0 thiiiugh
19575.0 10024.0 504.0 104.0 external
20092.0 10096.0 28.0 40.0 ,
20252.0 10016.0 620.0 108.0 accidental
20984.0 10024.0 228.0 92.0 and
21331.0 10012.0 432.0 100.0 violent

18955.0 10172.0 312.0 76.0 mean
19292.0 10172.0 44.0 72.0 ?
19347.0 10216.0 24.0 40.0 ,
19388.0 10144.0 64.0 52.0 "
19503.0 10144.0 224.0 100.0 nnd
19780.0 10139.0 724.0 104.0 occasioning
20567.0 10131.0 336.0 104.0 death
20992.0 10156.0 128.0 76.0 or
21200.0 10127.0 560.0 112.0 complete

18947.0 10264.0 576.0 116.0 disability
19624.0 10271.0 116.0 88.0 to
19844.0 10260.0 144.0 96.0 do
20116.0 10252.0 516.0 100.0 business
20636.0 10324.0 32.0 44.0 ,
20767.0 10252.0 224.0 100.0 and
21144.0 10248.0 604.0 120.0 providing

18952.0 10384.0 240.0 96.0 that
19324.0 10372.0 296.0 108.0 "this
19747.0 10376.0 600.0 96.0 insurance
20516.0 10368.0 284.0 100.0 shall
20972.0 10376.0 196.0 88.0 not
21331.0 10388.0 132.0 76.0 ex
21484.0 10364.0 276.0 96.0 tend

18952.0 10508.0 112.0 92.0 to
19108.0 10500.0 336.0 100.0 death
19495.0 10520.0 120.0 72.0 or
19660.0 10483.0 656.0 124.0 disability"
20372.0 10483.0 360.0 104.0 which
20828.0 10504.0 256.0 96.0 may
21131.0 10483.0 284.0 96.0 have
21467.0 10479.0 280.0 100.0 been

18947.0 10612.0 404.0 104.0 caused
19411.0 10608.0 404.0 120.0 wholly
19864.0 10631.0 128.0 72.0 or
20036.0 10608.0 112.0 96.0 In
20208.0 10612.0 248.0 112.0 pait
20500.0 10604.0 140.0 116.0 hy
20687.0 10596.0 380.0 124.0 bodily
21120.0 10596.0 644.0 100.0 Infirmities

18960.0 10756.0 124.0 72.0 or
19128.0 10728.0 496.0 100.0 diseates
19628.0 10800.0 28.0 48.0 ,
19711.0 10748.0 124.0 72.0 or
19880.0 10724.0 136.0 96.0 bv
20067.0 10720.0 188.0 100.0 the
20303.0 10720.0 392.0 116.0 taking
20792.0 10724.0 116.0 88.0 of
21003.0 10716.0 388.0 136.0 poison
21451.0 10736.0 120.0 72.0 or
21623.0 10716.0 144.0 116.0 by

18960.0 10843.0 432.0 100.0 suicide
19503.0 10868.0 192.0 84.0 oi6
19764.0 10835.0 764.0 104.0 sell-infilcteil
20687.0 10820.0 472.0 132.0 injuries'
21167.0 10899.0 28.0 40.0 ,
21215.0 10828.0 64.0 52.0 "
21384.0 10848.0 388.0 84.0 coveis

18955.0 10960.0 336.0 104.0 death
19344.0 10960.0 140.0 112.0 by
19567.0 10960.0 500.0 104.0 hiiiwing
20175.0 10979.0 276.0 68.0 ones
20556.0 10948.0 220.0 100.0 self
20884.0 10944.0 332.0 100.0 while
21328.0 10968.0 436.0 72.0 ins.ine.

18955.0 11080.0 280.0 96.0 This
19283.0 11088.0 308.0 88.0 couit
19644.0 11072.0 320.0 96.0 holds
20011.0 11076.0 240.0 92.0 that
20300.0 11055.0 164.0 108.0 tlk
20464.0 11096.0 24.0 36.0 >
20520.0 11055.0 512.0 128.0 question
21084.0 11060.0 88.0 100.0 Is
21215.0 11068.0 116.0 88.0 to
21364.0 11088.0 56.0 68.0 a
21464.0 11060.0 316.0 116.0 great

18955.0 11200.0 400.0 92.0 extent
19392.0 11183.0 708.0 104.0 duteimlnud
20144.0 11183.0 148.0 116.0 by
20331.0 11208.0 72.0 72.0 n
20487.0 11176.0 528.0 124.0 pievlnus
21092.0 11172.0 504.0 104.0 decision
21648.0 11195.0 136.0 76.0 as

18964.0 11320.0 116.0 88.0 to
19124.0 11304.0 184.0 104.0 the
19360.0 11308.0 324.0 96.0 effect
19772.0 11304.0 120.0 92.0 of
19975.0 11327.0 64.0 68.0 a
20147.0 11296.0 368.0 124.0 policy
20628.0 11296.0 112.0 92.0 til
20859.0 11292.0 204.0 100.0 lilo
21175.0 11292.0 600.0 96.0 Insurance

18967.0 11424.0 364.0 100.0 which
19380.0 11412.0 516.0 116.0 tuovltles
19944.0 11416.0 236.0 96.0 that
20256.0 11412.0 84.0 100.0 it
20423.0 11407.0 284.0 100.0 .shall
20764.0 11412.0 128.0 92.0 be
20944.0 11399.0 236.0 104.0 null
21236.0 11403.0 224.0 100.0 ami
21515.0 11399.0 260.0 100.0 void

18972.0 11539.0 72.0 100.0 It
19108.0 11543.0 184.0 92.0 the
19336.0 11531.0 456.0 100.0 asstiteil
19852.0 11528.0 360.0 100.0 'Shall
20256.0 11528.0 180.0 96.0 dlo
20483.0 11524.0 140.0 108.0 bv
20672.0 11520.0 508.0 104.0 suicide"
21231.0 11543.0 124.0 76.0 or
21408.0 11512.0 372.0 108.0 "shall

18967.0 11660.0 188.0 96.0 die
19203.0 11664.0 136.0 104.0 by
19392.0 11652.0 172.0 96.0 his
19611.0 11671.0 256.0 72.0 own
19964.0 11644.0 336.0 100.0 hand.
20316.0 11640.0 68.0 48.0 "
20508.0 11624.0 284.0 116.0 This
20887.0 11652.0 320.0 88.0 court
21311.0 11636.0 204.0 100.0 has
21623.0 11660.0 112.0 76.0 re-

18975.0 11768.0 512.0 124.0 peatedly
19536.0 11764.0 224.0 100.0 anil
19811.0 11759.0 616.0 116.0 uniformly
20511.0 11751.0 252.0 104.0 held
20856.0 11755.0 240.0 100.0 that
21180.0 11764.0 276.0 88.0 such
21551.0 11776.0 192.0 92.0 pro-

18975.0 11887.0 356.0 100.0 vision
19392.0 11891.0 200.0 92.0 not
19636.0 11876.0 672.0 112.0 containing
20359.0 11883.0 188.0 92.0 tlio
20620.0 11872.0 360.0 100.0 words
21031.0 11880.0 352.0 92.0 "sanu
21431.0 11891.0 124.0 76.0 or
21600.0 11872.0 112.0 96.0 In-

18975.0 12027.0 272.0 76.0 sane
19255.0 12076.0 28.0 44.0 ,
19295.0 11996.0 68.0 52.0 "
19416.0 12000.0 264.0 100.0 does
19731.0 12004.0 200.0 92.0 not
19983.0 11988.0 444.0 108.0 Include
20516.0 11988.0 664.0 104.0 self-kllliiu
21236.0 11988.0 140.0 108.0 by
21423.0 12008.0 140.0 76.0 an
21623.0 11984.0 112.0 100.0 In-

18967.0 12144.0 284.0 76.0 sane
19292.0 12140.0 456.0 96.0 person.
19880.0 12111.0 372.0 100.0 There
20316.0 12136.0 212.0 72.0 can
20611.0 12107.0 136.0 96.0 be
20792.0 12128.0 156.0 76.0 no
20984.0 12099.0 344.0 104.0 doubt
21331.0 12171.0 32.0 44.0 ,
21420.0 12099.0 124.0 100.0 In
21592.0 12107.0 200.0 92.0 tlio

18980.0 12239.0 448.0 120.0 piesenl
19480.0 12239.0 284.0 92.0 state
19808.0 12232.0 124.0 92.0 of
19972.0 12228.0 188.0 100.0 the
20200.0 12228.0 212.0 100.0 law
20420.0 12296.0 24.0 48.0 ,
20492.0 12220.0 236.0 104.0 that
20767.0 12220.0 532.0 104.0 Ciandnll
21339.0 12220.0 192.0 96.0 did
21584.0 12224.0 208.0 96.0 not

18975.0 12352.0 184.0 100.0 die
19208.0 12352.0 136.0 120.0 by
19400.0 12344.0 572.0 104.0 "siilcldu"
20028.0 12340.0 396.0 104.0 within
20523.0 12336.0 188.0 104.0 the
20800.0 12336.0 532.0 108.0 meaning
21384.0 12336.0 124.0 96.0 of
21551.0 12332.0 232.0 104.0 this

18980.0 12468.0 368.0 124.0 policy
19375.0 12492.0 28.0 88.0 ;
19456.0 12463.0 224.0 100.0 anil
19736.0 12463.0 188.0 100.0 the
19967.0 12488.0 308.0 72.0 .same
20323.0 12480.0 456.0 80.0 leasons
20867.0 12480.0 184.0 76.0 are
21131.0 12451.0 656.0 104.0 conc'uslvo
21423.0 12451.0 24.0 84.0 '

18980.0 12584.0 452.0 120.0 against
19483.0 12580.0 468.0 100.0 holding
19995.0 12580.0 244.0 100.0 that
20288.0 12576.0 136.0 100.0 ho
20467.0 12572.0 256.0 100.0 died
20767.0 12572.0 140.0 116.0 by
20947.0 12568.0 848.0 104.0 "self-inflicted

18983.0 12700.0 508.0 112.0 injuries.
19511.0 12696.0 64.0 56.0 "
19831.0 12696.0 108.0 100.0 If
20144.0 12688.0 748.0 120.0 "self-killing
20895.0 12760.0 24.0 36.0 ,
20936.0 12684.0 68.0 56.0 "
21180.0 12684.0 492.0 104.0 "suicide
21679.0 12760.0 24.0 36.0 ,
21715.0 12680.0 72.0 64.0 "

18988.0 12820.0 432.0 120.0 "dying
19588.0 12811.0 140.0 120.0 by
19900.0 12807.0 172.0 104.0 his
20236.0 12832.0 252.0 76.0 own
20623.0 12799.0 376.0 104.0 hand"
21120.0 12807.0 420.0 96.0 cannot
21664.0 12799.0 132.0 100.0 bo

18988.0 12932.0 564.0 124.0 piedicted
19608.0 12935.0 104.0 88.0 nl
19767.0 12951.0 148.0 76.0 an
19975.0 12928.0 400.0 100.0 Insane
20428.0 12928.0 396.0 132.0 person
20844.0 12992.0 24.0 48.0 ,
20928.0 12943.0 148.0 76.0 no
21164.0 12943.0 308.0 76.0 more
21575.0 12939.0 216.0 80.0 can

19028.0 13048.0 828.0 104.0 Self-inflicted
19900.0 13040.0 812.0 124.0 Itijmies'for
20792.0 13036.0 120.0 100.0 in
20956.0 13036.0 368.0 100.0 cither
21356.0 13060.0 264.0 80.0 caiiu
21695.0 13036.0 104.0 100.0 it

18983.0 13167.0 92.0 100.0 Is
19116.0 13172.0 200.0 96.0 not
19364.0 13163.0 176.0 100.0 his
19588.0 13172.0 172.0 96.0 act
19892.0 13172.0 196.0 88.0 nol
20136.0 13159.0 192.0 100.0 Ihe
20388.0 13159.0 176.0 96.0 acl
20647.0 13151.0 120.0 100.0 of
20856.0 13151.0 492.0 104.0 himself.
21548.0 13144.0 244.0 108.0 Xfor

18980.0 13287.0 268.0 100.0 dues
19295.0 13291.0 36.0 88.0 t
19352.0 13284.0 132.0 96.0 lie
19528.0 13307.0 252.0 72.0 case
19824.0 13303.0 316.0 76.0 como
20188.0 13276.0 392.0 100.0 within
20680.0 13272.0 188.0 100.0 the
20951.0 13280.0 380.0 92.0 clause
21423.0 13268.0 388.0 96.0 whla-Y

18988.0 13396.0 508.0 128.0 pioviites
19547.0 13396.0 236.0 100.0 that
19836.0 13396.0 184.0 96.0 the
20072.0 13396.0 604.0 96.0 insurance
20720.0 13384.0 284.0 104.0 shall
21080.0 13388.0 200.0 100.0 not
21367.0 13384.0 428.0 100.0 extend

18980.0 13532.0 116.0 88.0 to
19147.0 13515.0 400.0 100.0 "death
19600.0 13536.0 124.0 72.0 or
19767.0 13507.0 576.0 116.0 disability
20400.0 13503.0 356.0 100.0 which
20816.0 13528.0 252.0 88.0 may
21120.0 13507.0 284.0 92.0 have
21495.0 13499.0 288.0 100.0 been

18980.0 13632.0 408.0 104.0 caused
19436.0 13628.0 412.0 120.0 wholly
19895.0 13651.0 124.0 72.0 or
20067.0 13624.0 112.0 100.0 in
20239.0 13632.0 240.0 116.0 pait
20528.0 13628.0 140.0 96.0 bv
20716.0 13620.0 376.0 120.0 bodily
21144.0 13616.0 648.0 104.0 Infirmities

18988.0 13779.0 124.0 68.0 or
19155.0 13748.0 480.0 100.0 disease.
19660.0 13744.0 64.0 52.0 "
19908.0 13740.0 244.0 100.0 The
20200.0 13744.0 368.0 96.0 words
20639.0 13740.0 24.0 48.0 '
20680.0 13736.0 420.0 136.0 'bodily
21147.0 13731.0 648.0 108.0 Infirmities

18988.0 13892.0 120.0 72.0 or
19152.0 13859.0 512.0 104.0 disease"
19716.0 13859.0 140.0 100.0 do
19903.0 13871.0 204.0 84.0 not
20156.0 13855.0 452.0 104.0 Include
20695.0 13851.0 540.0 116.0 Insanity.
21431.0 13844.0 356.0 124.0 Upon

18988.0 13988.0 192.0 92.0 tlie
19283.0 13976.0 520.0 124.0 question
19903.0 13972.0 376.0 104.0 raised
20383.0 13991.0 132.0 80.0 as
20595.0 13972.0 120.0 96.0 to
20795.0 13964.0 196.0 104.0 tlio
21056.0 13964.0 344.0 104.0 effect
21431.0 13968.0 136.0 104.0 of
21600.0 13964.0 204.0 100.0 the

18992.0 14092.0 460.0 104.0 leading
19552.0 14096.0 540.0 96.0 sentence
20200.0 14088.0 120.0 96.0 of
20467.0 14083.0 188.0 100.0 the
20795.0 14083.0 368.0 116.0 policy
21275.0 14079.0 528.0 116.0 Instiling

18996.0 14203.0 532.0 108.0 Ciandall
19600.0 14207.0 524.0 104.0 "against
20208.0 14200.0 380.0 120.0 bodily
20695.0 14196.0 484.0 124.0 injuries
21303.0 14196.0 492.0 120.0 through
21787.0 14271.0 16.0 28.0 ,

18992.0 14328.0 504.0 100.0 external
19508.0 14396.0 28.0 32.0 ,
19575.0 14316.0 624.0 108.0 accidental
20252.0 14320.0 224.0 100.0 ami
20536.0 14316.0 432.0 100.0 violent
21016.0 14336.0 384.0 80.0 ntnans
21408.0 14384.0 24.0 44.0 ,
21444.0 14312.0 68.0 56.0 "
21608.0 14320.0 196.0 92.0 the

18988.0 14464.0 316.0 76.0 conn
19352.0 14444.0 316.0 92.0 holds
19716.0 14444.0 244.0 92.0 that
20008.0 14435.0 224.0 100.0 this
20280.0 14431.0 536.0 100.0 sentence
20859.0 14431.0 276.0 100.0 does
21200.0 14431.0 200.0 100.0 not
21451.0 14427.0 360.0 112.0 speak

18992.0 14559.0 124.0 96.0 of
19160.0 14555.0 292.0 100.0 what
19544.0 14551.0 188.0 100.0 the
19839.0 14548.0 380.0 124.0 Injiuy
20331.0 14551.0 168.0 96.0 "is
20603.0 14548.0 408.0 100.0 caused
21064.0 14548.0 144.0 116.0 by
21211.0 14616.0 28.0 48.0 ,
21292.0 14544.0 200.0 100.0 but
21536.0 14548.0 272.0 112.0 only

18996.0 14676.0 316.0 100.0 looks
19364.0 14668.0 184.0 104.0 to"
19647.0 14672.0 188.0 96.0 the
19872.0 14692.0 388.0 76.0 means
20328.0 14664.0 136.0 116.0 by
20516.0 14660.0 364.0 104.0 which
20931.0 14664.0 88.0 100.0 It
21111.0 14660.0 96.0 100.0 Is
21300.0 14660.0 508.0 104.0 effected.

19003.0 14792.0 172.0 100.0 Xo
19288.0 14812.0 216.0 76.0 ono
19611.0 14783.0 408.0 100.0 doubts
20128.0 14783.0 236.0 100.0 that
20480.0 14779.0 512.0 108.0 hanging
21084.0 14779.0 96.0 100.0 Is
21267.0 14804.0 68.0 76.0 a
21384.0 14775.0 436.0 104.0 violent

18992.0 14927.0 396.0 80.0 means
19419.0 14907.0 124.0 92.0 of
19580.0 14900.0 372.0 104.0 death.
20083.0 14903.0 176.0 96.0 As
20308.0 14907.0 92.0 92.0 it
20439.0 14900.0 388.0 100.0 effects
20875.0 14900.0 288.0 96.0 fiom
21195.0 14896.0 488.0 100.0 without
21723.0 14892.0 100.0 104.0 it

19000.0 15024.0 92.0 100.0 is
19275.0 15024.0 508.0 100.0 exteinal
19800.0 15088.0 28.0 44.0 ,
20028.0 15016.0 228.0 100.0 and
20420.0 15012.0 604.0 112.0 nccoiding
21211.0 15016.0 116.0 100.0 to
21511.0 15012.0 248.0 100.0 deci-

18992.0 15164.0 316.0 76.0 sions
19495.0 15164.0 124.0 76.0 as
19808.0 15148.0 112.0 88.0 to
20103.0 15127.0 428.0 104.0 suicide
20756.0 15131.0 368.0 96.0 under
21348.0 15127.0 472.0 124.0 policies

18996.0 15259.0 124.0 92.0 of
19208.0 15255.0 600.0 100.0 insiiuincc
19859.0 15252.0 88.0 96.0 it
19995.0 15252.0 420.0 100.0 cannot
20423.0 15320.0 24.0 40.0 ,
20503.0 15248.0 324.0 100.0 when
20880.0 15248.0 296.0 100.0 done
21228.0 15240.0 140.0 120.0 by
21436.0 15267.0 148.0 76.0 an
21656.0 15244.0 108.0 100.0 insane
21772.0 15288.0 56.0 36.0 -

19000.0 15395.0 276.0 80.0 sane
19364.0 15392.0 404.0 92.0 peison
19783.0 15440.0 24.0 48.0 ,
19864.0 15368.0 132.0 100.0 be
20088.0 15368.0 256.0 100.0 held
20436.0 15368.0 112.0 96.0 to
20631.0 15364.0 132.0 96.0 be
20839.0 15364.0 324.0 96.0 other
21203.0 15364.0 272.0 100.0 than
21548.0 15360.0 232.0 100.0 acci

19000.0 15483.0 424.0 104.0 dental.
19552.0 15483.0 212.0 100.0 Tin
19772.0 15516.0 28.0 68.0 ;
19844.0 15483.0 608.0 120.0 judgment
20495.0 15483.0 116.0 92.0 of
20659.0 15479.0 192.0 100.0 the
20895.0 15475.0 396.0 104.0 circuit
21331.0 15479.0 320.0 100.0 court
21700.0 15475.0 124.0 100.0 in

19003.0 15615.0 320.0 88.0 favor
19408.0 15604.0 124.0 96.0 of
19639.0 15600.0 224.0 104.0 this
19980.0 15584.0 500.0 136.0 plalnlilt
20595.0 15619.0 228.0 80.0 was
20911.0 15596.0 428.0 104.0 correct
21428.0 15600.0 236.0 100.0 and
21723.0 15615.0 104.0 84.0 is

19003.0 15720.0 536.0 104.0 affirmed.

19128.0 15835.0 212.0 104.0 Xo.
19416.0 15835.0 224.0 96.0 I'-Mf
19772.0 15831.0 488.0 112.0 Chicago
20267.0 15903.0 24.0 40.0 ,
20392.0 15827.0 672.0 100.0 Huillneton
21159.0 15827.0 104.0 100.0 &
21348.0 15823.0 468.0 104.0 Kansas

19011.0 15956.0 252.0 100.0 Citv
19308.0 15975.0 552.0 96.0 company
19872.0 16024.0 24.0 44.0 ,
19944.0 15944.0 500.0 128.0 plaintiff
20444.0 16020.0 20.0 40.0 ,
20520.0 15971.0 144.0 72.0 on
20720.0 15971.0 308.0 72.0 uiror
21028.0 16020.0 28.0 44.0 ,
21116.0 15971.0 124.0 76.0 vs
21284.0 15944.0 196.0 104.0 the
21523.0 15948.0 300.0 96.0 state

19008.0 16072.0 124.0 100.0 of
19180.0 16068.0 516.0 104.0 Mlssouil
19711.0 16140.0 24.0 44.0 ,
19792.0 16096.0 136.0 72.0 ex
19980.0 16068.0 188.0 100.0 nil.
20220.0 16064.0 308.0 100.0 John
20587.0 16064.0 116.0 104.0 F.
20756.0 16068.0 440.0 112.0 Gulfey.
21244.0 16060.0 536.0 104.0 collector
21779.0 16128.0 32.0 56.0 ,

19011.0 16191.0 108.0 96.0 in
19175.0 16212.0 304.0 76.0 enor
19480.0 16259.0 24.0 36.0 ,
19564.0 16195.0 108.0 88.0 to
19724.0 16195.0 184.0 88.0 tlie
19995.0 16208.0 512.0 96.0 supiomo
20592.0 16187.0 308.0 92.0 couit
20992.0 16191.0 116.0 84.0 ot
21203.0 16175.0 588.0 104.0 Missouri.

19011.0 16304.0 236.0 100.0 The
19347.0 16304.0 596.0 116.0 judgment
20036.0 16292.0 532.0 148.0 appealed
20680.0 16296.0 288.0 100.0 from
21067.0 16292.0 112.0 100.0 in
21272.0 16292.0 232.0 100.0 this
21564.0 16315.0 264.0 76.0 case

19011.0 16420.0 492.0 100.0 allirmed
19603.0 16420.0 180.0 96.0 the
19856.0 16412.0 480.0 120.0 liability
20383.0 16420.0 112.0 92.0 to
20544.0 16412.0 504.0 100.0 taxation
21108.0 16412.0 120.0 104.0 in
21284.0 16407.0 540.0 104.0 Missouri

19016.0 16543.0 176.0 92.0 for
19275.0 16543.0 284.0 92.0 state
19644.0 16535.0 228.0 96.0 nnd
19947.0 16539.0 420.0 112.0 county
20420.0 16552.0 540.0 92.0 purposes
21028.0 16527.0 128.0 96.0 of
21215.0 16531.0 312.0 96.0 what
21587.0 16547.0 244.0 80.0 was

19011.0 16652.0 524.0 124.0 properly
19616.0 16648.0 428.0 100.0 known
20131.0 16671.0 132.0 76.0 as
20344.0 16648.0 200.0 100.0 the
20611.0 16644.0 464.0 100.0 Central
21128.0 16640.0 368.0 108.0 Notth
21556.0 16640.0 228.0 100.0 Mis-

19016.0 16772.0 296.0 96.0 souri
19408.0 16768.0 416.0 100.0 branch
19911.0 16764.0 124.0 100.0 of
20123.0 16764.0 184.0 100.0 the
20356.0 16764.0 164.0 100.0 Si.
20572.0 16759.0 428.0 124.0 Joseph
21051.0 16759.0 104.0 96.0 it
21195.0 16755.0 316.0 108.0 Iowa
21575.0 16755.0 212.0 104.0 rail-

19016.0 16883.0 260.0 104.0 road
19292.0 16959.0 24.0 48.0 ,
19416.0 16908.0 304.0 76.0 more
19847.0 16891.0 496.0 104.0 recently
20452.0 16887.0 416.0 92.0 named
20992.0 16879.0 188.0 96.0 the
21315.0 16875.0 516.0 100.0 Linneus

19016.0 17000.0 416.0 104.0 branch
19524.0 17000.0 124.0 100.0 of
19756.0 17000.0 188.0 96.0 the
20031.0 16996.0 680.0 100.0 Uuilinuton
20808.0 16996.0 72.0 96.0 A
20875.0 17023.0 28.0 68.0 :
20972.0 16992.0 860.0 104.0 Southwestern

19024.0 17120.0 476.0 100.0 ralhoad
19588.0 17136.0 556.0 96.0 company
20152.0 17188.0 28.0 40.0 ,
20272.0 17116.0 224.0 96.0 anil
20616.0 17136.0 252.0 76.0 now
20959.0 17111.0 400.0 100.0 owned
21428.0 17107.0 144.0 124.0 by
21639.0 17107.0 200.0 100.0 the

19024.0 17235.0 488.0 112.0 Chicago
19519.0 17307.0 24.0 36.0 ,
19664.0 17231.0 672.0 116.0 Uurlington
20452.0 17284.0 20.0 40.0 <
20475.0 17231.0 76.0 92.0 k
20659.0 17223.0 444.0 104.0 Kansas
21215.0 17227.0 256.0 120.0 City
21580.0 17223.0 260.0 104.0 rail-

19024.0 17352.0 260.0 100.0 load
19472.0 17371.0 588.0 96.0 company.
20347.0 17344.0 244.0 104.0 The
20775.0 17344.0 332.0 104.0 latter
21272.0 17363.0 564.0 100.0 company

19024.0 17468.0 392.0 108.0 claims
19480.0 17480.0 116.0 88.0 to
19708.0 17468.0 280.0 100.0 have
20052.0 17463.0 604.0 100.0 succeeded
20731.0 17472.0 112.0 88.0 to
20951.0 17459.0 144.0 100.0 all
21172.0 17459.0 188.0 100.0 the
21428.0 17459.0 356.0 120.0 rights
21795.0 17527.0 32.0 48.0 ,

19024.0 17583.0 612.0 120.0 ptivilegub
19703.0 17579.0 228.0 100.0 ami
20028.0 17579.0 716.0 104.0 Immunities
20839.0 17575.0 484.0 124.0 granted
21428.0 17583.0 120.0 92.0 to
21648.0 17579.0 208.0 96.0 the
22372.0 17540.0 96.0 184.0 1

19031.0 17700.0 160.0 104.0 St.
19244.0 17700.0 420.0 120.0 Joseph
19719.0 17700.0 100.0 96.0 &
19867.0 17696.0 308.0 104.0 Iowa
20220.0 17696.0 480.0 104.0 railioad
20787.0 17715.0 564.0 96.0 compuiy
21464.0 17692.0 116.0 100.0 in
21703.0 17688.0 152.0 104.0 its

19028.0 17824.0 424.0 96.0 chattel
19511.0 17820.0 124.0 96.0 of
19700.0 17820.0 232.0 92.0 18.77
19939.0 17888.0 24.0 36.0 ,
20020.0 17836.0 416.0 92.0 among
20483.0 17811.0 364.0 100.0 which
20900.0 17836.0 228.0 76.0 was
21175.0 17836.0 144.0 76.0 an
21400.0 17832.0 412.0 88.0 exemp-

19031.0 17935.0 236.0 100.0 tion
19316.0 17935.0 124.0 96.0 of
19488.0 17935.0 144.0 100.0 Its
19675.0 17931.0 316.0 100.0 stock
20044.0 17935.0 288.0 96.0 from
20388.0 17927.0 508.0 100.0 taxation
20947.0 17931.0 180.0 96.0 tor
21231.0 17927.0 292.0 96.0 state
21608.0 17920.0 244.0 108.0 and

19031.0 18056.0 420.0 116.0 county
19495.0 18071.0 564.0 96.0 purposes.
20192.0 18048.0 132.0 100.0 In
20372.0 18048.0 188.0 100.0 tlio
20608.0 18040.0 468.0 124.0 opinion
21128.0 18044.0 128.0 100.0 of
21300.0 18040.0 192.0 104.0 the
21531.0 18048.0 332.0 100.0 court

19036.0 18167.0 80.0 104.0 it
19167.0 18167.0 92.0 100.0 Is
19311.0 18180.0 196.0 92.0 not
19560.0 18167.0 296.0 100.0 clear
19900.0 18167.0 244.0 96.0 that
20192.0 18167.0 184.0 96.0 the
20411.0 18163.0 644.0 120.0 exemption
21136.0 18159.0 292.0 100.0 from
21544.0 18163.0 276.0 96.0 taxa-

19036.0 18287.0 240.0 100.0 tion
19331.0 18287.0 328.0 112.0 given
19724.0 18279.0 140.0 112.0 by
19911.0 18283.0 268.0 100.0 such
20231.0 18279.0 432.0 104.0 chatter
20708.0 18303.0 124.0 72.0 as
20884.0 18275.0 236.0 100.0 that
21167.0 18272.0 484.0 128.0 grunted
21736.0 18275.0 124.0 100.0 to

19039.0 18404.0 184.0 96.0 the
19275.0 18400.0 160.0 104.0 St.
19547.0 18400.0 424.0 116.0 Joseph
20083.0 18400.0 104.0 96.0 &
20292.0 18396.0 304.0 104.0 Iowa
20700.0 18392.0 1164.0 120.0 lailioauVconipftBT

19031.0 18519.0 416.0 100.0 should
19488.0 18515.0 136.0 96.0 ho
19656.0 18511.0 592.0 104.0 extended.
20375.0 18511.0 252.0 100.0 The
20667.0 18515.0 424.0 96.0 statute
21128.0 18491.0 288.0 140.0 djics
21456.0 18507.0 408.0 104.0 notIn

19039.0 18643.0 340.0 92.0 terms
19431.0 18643.0 328.0 92.0 aunt
19819.0 18631.0 604.0 116.0 Immunity
20475.0 18631.0 288.0 96.0 from
20820.0 18624.0 548.0 140.0 taxatlfn.
21459.0 18608.0 236.0 120.0 and
21784.0 18647.0 76.0 76.0 a

19036.0 18764.0 420.0 108.0 s.v.stem
19495.0 18748.0 676.0 104.0 established
20223.0 18748.0 140.0 116.0 by
20416.0 18748.0 84.0 100.0 It
20552.0 18748.0 88.0 100.0 is
20684.0 18744.0 552.0 140.0 complete
21331.0 18731.0 32.0 104.0 (
21380.0 18764.0 72.0 80.0 n
21548.0 18736.0 324.0 112.0 itself

19044.0 18867.0 480.0 100.0 witliuut
19572.0 18876.0 580.0 88.0 lutoience
20195.0 18867.0 112.0 96.0 to
20356.0 18863.0 320.0 96.0 other
20759.0 18855.0 640.0 116.0 legislative
21484.0 18859.0 392.0 104.0 eiuct-

19044.0 18991.0 404.0 92.0 meats.
19639.0 18979.0 244.0 100.0 Tne
19972.0 18987.0 460.0 112.0 present
20531.0 18976.0 332.0 104.0 claim
20975.0 18983.0 120.0 92.0 to
21200.0 18972.0 672.0 132.0 exemption

19044.0 19104.0 296.0 96.0 must
19388.0 19100.0 128.0 96.0 he
19564.0 19096.0 412.0 104.0 denied
19988.0 19172.0 24.0 36.0 ,
20067.0 19096.0 180.0 100.0 for
20288.0 19096.0 84.0 100.0 it
20423.0 19092.0 92.0 104.0 is
20567.0 19116.0 140.0 80.0 an
20811.0 19088.0 700.0 112.0 established
21584.0 19088.0 224.0 104.0 doc-

19039.0 19215.0 296.0 100.0 trine
19383.0 19215.0 124.0 100.0 of
19572.0 19211.0 228.0 104.0 tills
19844.0 19219.0 316.0 92.0 court
20203.0 19207.0 240.0 104.0 that
20492.0 19211.0 608.0 120.0 Immunity
21156.0 19215.0 296.0 100.0 from
21495.0 19207.0 332.0 104.0 .taxa

19044.0 19331.0 232.0 100.0 tion
19339.0 19335.0 140.0 112.0 hy
19528.0 19355.0 64.0 76.0 a
19636.0 19335.0 292.0 96.0 state
19980.0 19328.0 228.0 104.0 will
20264.0 19331.0 200.0 96.0 not
20528.0 19328.0 132.0 100.0 be
20695.0 19320.0 672.0 128.0 recognized
21475.0 19324.0 404.0 104.0 unless

19044.0 19444.0 472.0 108.0 cranted
19567.0 19448.0 120.0 100.0 in
19744.0 19460.0 344.0 88.0 terms
20159.0 19456.0 188.0 92.0 too
20452.0 19444.0 308.0 120.0 plain
20867.0 19456.0 112.0 88.0 to
21047.0 19444.0 136.0 100.0 be
21251.0 19435.0 620.0 116.0 mistaken.

19039.0 19563.0 244.0 100.0 The
19324.0 19559.0 536.0 144.0 judmcnt
19911.0 19567.0 120.0 92.0 of
20080.0 19559.0 192.0 104.0 the
20316.0 19584.0 516.0 88.0 supreme
20936.0 19567.0 324.0 100.0 coutt
21359.0 19559.0 128.0 100.0 of
21611.0 19555.0 232.0 108.0 Mil
21844.0 19592.0 52.0 56.0 *

19044.0 19707.0 304.0 76.0 bouri
19408.0 19683.0 92.0 100.0 Is
19547.0 19683.0 544.0 100.0 allirmed.

19524.0 19923.0 272.0 96.0 The
19867.0 19923.0 472.0 96.0 lildon
20400.0 19923.0 300.0 96.0 "Will
20775.0 19919.0 616.0 100.0 Trouble.

19160.0 20063.0 308.0 108.0 XKW
19516.0 20059.0 368.0 108.0 YOHK
19895.0 20139.0 16.0 40.0 ,
19975.0 20063.0 380.0 104.0 March
20403.0 20067.0 88.0 96.0 7.
20623.0 20055.0 244.0 104.0 The
20959.0 20084.0 452.0 80.0 answer
21487.0 20055.0 132.0 104.0 of
21679.0 20055.0 116.0 108.0 til
21811.0 20072.0 80.0 92.0 *

19052.0 20212.0 584.0 104.0 executors
19724.0 20199.0 348.0 108.0 undct
20172.0 20203.0 192.0 104.0 the
20416.0 20203.0 228.0 104.0 will
20695.0 20203.0 120.0 100.0 of
20884.0 20203.0 188.0 104.0 the
21159.0 20199.0 220.0 108.0 Kite
21428.0 20195.0 476.0 116.0 Samuel

19047.0 20356.0 112.0 104.0 J.
19203.0 20351.0 408.0 104.0 Ttldtm
19664.0 20356.0 116.0 96.0 to
19824.0 20351.0 188.0 100.0 the
20056.0 20347.0 632.0 120.0 complaint
20728.0 20347.0 128.0 100.0 ot
20911.0 20347.0 440.0 104.0 GOOIKC
21444.0 20339.0 148.0 112.0 11.
21636.0 20335.0 244.0 112.0 Til-

19055.0 20500.0 216.0 100.0 den
19288.0 20576.0 20.0 36.0 ,
19367.0 20496.0 252.0 100.0 who
19664.0 20504.0 500.0 92.0 contests
20216.0 20491.0 184.0 100.0 thu
20444.0 20491.0 228.0 104.0 will
20723.0 20516.0 144.0 76.0 on
20964.0 20487.0 192.0 104.0 tlm
21200.0 20487.0 512.0 116.0 grounds
21756.0 20483.0 140.0 112.0 ot

19064.0 20644.0 244.0 96.0 belli
19328.0 20667.0 24.0 80.0 ;
19352.0 20671.0 40.0 80.0 :
19444.0 20636.0 376.0 112.0 illegal
19908.0 20636.0 228.0 100.0 and
20192.0 20636.0 424.0 100.0 invalid
20636.0 20703.0 20.0 44.0 ,
20720.0 20660.0 228.0 68.0 was
21023.0 20623.0 256.0 108.0 filed
21323.0 20627.0 384.0 104.0 to-dav
21759.0 20627.0 128.0 100.0 la-

19064.0 20759.0 188.0 96.0 the
19339.0 20776.0 516.0 76.0 sumemo
19944.0 20755.0 348.0 96.0 court.
20428.0 20747.0 244.0 100.0 The
20744.0 20747.0 312.0 120.0 it-ply
21151.0 20743.0 396.0 108.0 tx'clterf
21636.0 20743.0 256.0 104.0 that

19060.0 20875.0 192.0 96.0 tlie
19300.0 20860.0 720.0 128.0 pl.iintllfhas
20075.0 20891.0 148.0 72.0 no
20275.0 20864.0 296.0 116.0 right
20623.0 20872.0 116.0 92.0 to
20792.0 20864.0 524.0 100.0 institute
21359.0 20887.0 124.0 76.0 or
21531.0 20856.0 300.0 108.0 main-

19064.0 20988.0 236.0 100.0 tain
19395.0 20983.0 188.0 100.0 the
19652.0 20983.0 232.0 96.0 suit
19916.0 21008.0 28.0 88.0 ;
20016.0 20983.0 244.0 96.0 that
20344.0 20979.0 540.0 104.0 deceased
20951.0 21004.0 232.0 72.0 was
21236.0 20971.0 672.0 112.0 unmarried

19064.0 21103.0 228.0 100.0 and
19344.0 21099.0 176.0 100.0 his
19608.0 21103.0 372.0 92.0 lather
20024.0 21099.0 224.0 96.0 and
20347.0 21103.0 436.0 92.0 mother
20828.0 21091.0 544.0 100.0 deceased
21380.0 21163.0 28.0 48.0 ,
21464.0 21095.0 192.0 96.0 the
21700.0 21095.0 164.0 96.0 sis-

19064.0 21235.0 176.0 84.0 ter
19239.0 21292.0 24.0 40.0 ,
19316.0 21216.0 264.0 100.0 Mrs.
19644.0 21216.0 400.0 96.0 Pelton
20059.0 21284.0 24.0 48.0 ,
20131.0 21212.0 236.0 104.0 and
20431.0 21212.0 196.0 100.0 the
20672.0 21208.0 484.0 124.0 nephnvv
21231.0 21216.0 228.0 96.0 and
21511.0 21208.0 328.0 108.0 niece
21836.0 21227.0 76.0 84.0 *
22167.0 21171.0 372.0 240.0 -as

19064.0 21360.0 188.0 80.0 are
19364.0 21335.0 264.0 96.0 next
19680.0 21331.0 124.0 100.0 of
19872.0 21327.0 196.0 104.0 kin
20083.0 21403.0 24.0 44.0 ,
20231.0 21327.0 196.0 100.0 but
20503.0 21327.0 364.0 100.0 under
20916.0 21331.0 184.0 96.0 tha
21172.0 21323.0 232.0 104.0 will
21456.0 21348.0 192.0 80.0 are
21692.0 21327.0 220.0 100.0 not
22167.0 21311.0 24.0 40.0 -

19067.0 21447.0 476.0 104.0 entitled
19656.0 21455.0 112.0 92.0 to
19852.0 21471.0 232.0 96.0 any
20175.0 21447.0 120.0 96.0 of
20367.0 21443.0 192.0 104.0 the
20644.0 21447.0 388.0 96.0 estate.
21175.0 21439.0 104.0 104.0 It
21344.0 21443.0 100.0 100.0 Is
21484.0 21439.0 428.0 108.0 denied
21900.0 21507.0 20.0 44.0 ,

19072.0 21572.0 244.0 96.0 thai
19403.0 21568.0 188.0 96.0 the
19675.0 21568.0 476.0 96.0 amount
20239.0 21568.0 116.0 92.0 ot
20431.0 21568.0 188.0 92.0 the
20708.0 21568.0 360.0 92.0 estate
21139.0 21560.0 96.0 100.0 Is
21280.0 21556.0 636.0 124.0 anywhere

19075.0 21712.0 272.0 76.0 near
19392.0 21683.0 664.0 124.0 315,000,000.
20195.0 21679.0 104.0 100.0 it
20392.0 21679.0 92.0 100.0 Is
20528.0 21675.0 476.0 104.0 claimed
21064.0 21675.0 112.0 100.0 In
21228.0 21671.0 684.0 108.0 conclusion

19080.0 21803.0 236.0 100.0 that
19408.0 21799.0 188.0 104.0 the
19683.0 21799.0 696.0 100.0 defendants
20423.0 21819.0 188.0 76.0 uni
20672.0 21795.0 612.0 124.0 appointed
21336.0 21815.0 128.0 76.0 ns
21508.0 21815.0 404.0 80.0 excctt-

19080.0 21928.0 144.0 96.0 toi
19356.0 21924.0 360.0 96.0 under
19759.0 21916.0 188.0 100.0 the
19992.0 21916.0 228.0 104.0 will
20259.0 21924.0 232.0 96.0 and
20536.0 21916.0 296.0 100.0 refer
20867.0 21920.0 112.0 96.0 to
21023.0 21912.0 184.0 104.0 the
21251.0 21908.0 488.0 124.0 original
21779.0 21924.0 136.0 96.0 at

19088.0 22039.0 292.0 100.0 their
19419.0 22031.0 604.0 124.0 authority.

19503.0 22279.0 428.0 108.0 Negro
20008.0 22276.0 720.0 96.0 Mnrdurur
20811.0 22272.0 672.0 116.0 liynclied.

19203.0 22419.0 596.0 104.0 MKMIMUS
19808.0 22488.0 24.0 44.0 ,
19972.0 22412.0 372.0 104.0 Tonn.
20359.0 22484.0 24.0 48.0 ,
20552.0 22412.0 380.0 104.0 March
21031.0 22416.0 88.0 100.0 7.
21256.0 22404.0 244.0 108.0 The
21615.0 22412.0 176.0 104.0 Av

19088.0 22560.0 500.0 108.0 lanolin's
19628.0 22556.0 420.0 116.0 special
20136.0 22560.0 284.0 100.0 from
20480.0 22552.0 492.0 108.0 Wlnona
20984.0 22628.0 28.0 40.0 ,
21128.0 22552.0 320.0 104.0 Miss.
21459.0 22620.0 28.0 48.0 ,
21584.0 22575.0 268.0 92.0 says
21879.0 22571.0 36.0 88.0 :

19096.0 22707.0 288.0 104.0 Alex
19436.0 22703.0 576.0 104.0 Crawford
20028.0 22775.0 24.0 36.0 ,
20108.0 22727.0 60.0 72.0 a
20220.0 22723.0 344.0 92.0 negro
20616.0 22696.0 572.0 104.0 muiiU'ter
21192.0 22764.0 28.0 40.0 ,
21275.0 22715.0 240.0 84.0 was
21567.0 22692.0 364.0 108.0 taken

19096.0 22832.0 284.0 92.0 tiom
19431.0 22820.0 200.0 124.0 jail
19688.0 22828.0 140.0 112.0 by
19875.0 22840.0 144.0 80.0 an
20075.0 22815.0 556.0 100.0 Immense
20736.0 22811.0 372.0 104.0 crowd
21215.0 22811.0 124.0 104.0 of
21436.0 22803.0 488.0 108.0 cilizciiB

19096.0 22939.0 372.0 120.0 to-day
19511.0 22947.0 224.0 88.0 and
19792.0 22927.0 440.0 120.0 hanged
20288.0 22939.0 288.0 88.0 tiom
20664.0 22955.0 68.0 72.0 a
20836.0 22935.0 556.0 88.0 ciosstn'o
21487.0 22947.0 148.0 84.0 on
21723.0 22931.0 208.0 100.0 the

19096.0 23055.0 484.0 100.0 ralhoaii
19628.0 23048.0 396.0 104.0 bint'-o
20067.0 23071.0 276.0 76.0 near
20383.0 23052.0 344.0 92.0 town.
20864.0 23040.0 180.0 104.0 Do
21128.0 23040.0 336.0 104.0 made
21567.0 23067.0 76.0 80.0 n
21679.0 23052.0 148.0 96.0 de

19096.0 23176.0 380.0 92.0 iier.ite
19583.0 23167.0 272.0 108.0 light
19967.0 23163.0 112.0 100.0 In
20200.0 23159.0 176.0 104.0 his
20475.0 23155.0 212.0 104.0 cell
20739.0 23155.0 452.0 104.0 a'-alnst
21239.0 23159.0 192.0 100.0 the
21480.0 23159.0 380.0 104.0 crowd
21872.0 23227.0 36.0 52.0 ,

19100.0 23283.0 336.0 112.0 being
19480.0 23283.0 380.0 100.0 armed
19919.0 23275.0 268.0 104.0 with
20303.0 23303.0 68.0 76.0 a
20475.0 23271.0 680.0 104.0 hioonistick
21167.0 23347.0 24.0 44.0 ,
21308.0 23271.0 376.0 108.0 which
21779.0 23275.0 152.0 104.0 ha

19100.0 23400.0 468.0 104.0 wleMod
19675.0 23392.0 264.0 104.0 witli
20052.0 23392.0 288.0 124.0 good
20452.0 23392.0 324.0 100.0 etTect
20787.0 23460.0 24.0 48.0 ,
20936.0 23400.0 188.0 88.0 but
21211.0 23415.0 232.0 72.0 was
21528.0 23388.0 408.0 124.0 tinully
21931.0 23452.0 28.0 52.0 ,

19096.0 23511.0 820.0 128.0 ovcipowcicd.
20103.0 23507.0 176.0 100.0 Hu
20383.0 23507.0 256.0 104.0 died
20756.0 23532.0 324.0 88.0 game
21084.0 23579.0 28.0 44.0 ,
21228.0 23511.0 172.0 96.0 let
21411.0 23503.0 336.0 124.0 using
21811.0 23515.0 132.0 100.0 to

19103.0 23635.0 328.0 100.0 make
19536.0 23655.0 228.0 92.0 any
19867.0 23623.0 732.0 108.0 declaration.
20739.0 23623.0 208.0 104.0 Ills
21047.0 23627.0 384.0 100.0 victim
21544.0 23647.0 172.0 80.0 wa
21728.0 23647.0 52.0 72.0 *
21859.0 23651.0 88.0 92.0 H

19103.0 23748.0 648.0 144.0 piomlnont
19839.0 23744.0 584.0 104.0 merchant
20531.0 23744.0 120.0 100.0 of
20775.0 23736.0 488.0 108.0 Wlnona
21275.0 23816.0 24.0 48.0 ,
21351.0 23731.0 380.0 112.0 whom
21784.0 23740.0 72.0 104.0 h

19108.0 23851.0 348.0 120.0 killed
19516.0 23867.0 220.0 100.0 last
19800.0 23863.0 436.0 100.0 mouth.

19528.0 24111.0 896.0 92.0 1'ostmnsirrn
20508.0 24100.0 996.0 124.0 Uitnppninted.

19228.0 24247.0 884.0 104.0 WASHIVOTO.V
20116.0 24316.0 28.0 40.0 ,
20259.0 24236.0 384.0 108.0 March
20747.0 24244.0 92.0 100.0 V.
20967.0 24236.0 248.0 104.0 The
21328.0 24232.0 616.0 136.0 following

19111.0 24391.0 972.0 124.0 reappolnlmcnls
20152.0 24411.0 124.0 76.0 as
20367.0 24380.0 732.0 124.0 presidential
21195.0 24384.0 748.0 120.0 postmasters

19116.0 24535.0 252.0 76.0 won
19375.0 24539.0 32.0 72.0 )
19495.0 24508.0 324.0 100.0 made
19867.0 24503.0 372.0 144.0 to-day
20247.0 24575.0 24.0 36.0 ,
20331.0 24508.0 188.0 92.0 the
20608.0 24503.0 388.0 104.0 senate
21087.0 24499.0 848.0 108.0 HavliiLfulled

19111.0 24643.0 116.0 80.0 to
19275.0 24631.0 172.0 96.0 art
19500.0 24647.0 144.0 76.0 on
19700.0 24623.0 152.0 100.0 tin
19859.0 24652.0 28.0 68.0 :
19931.0 24607.0 480.0 116.0 otUhial
20472.0 24615.0 784.0 104.0 nominations
21284.0 24639.0 24.0 80.0 :
21431.0 24607.0 512.0 116.0 William

19111.0 24739.0 144.0 108.0 T.
19364.0 24739.0 284.0 104.0 Klik
19656.0 24808.0 28.0 44.0 ,
19772.0 24736.0 476.0 104.0 AtUntii
20264.0 24808.0 24.0 44.0 ,
20395.0 24732.0 164.0 104.0 III.
20595.0 24755.0 28.0 84.0 :
20744.0 24732.0 496.0 104.0 William
21320.0 24732.0 112.0 104.0 F.
21520.0 24728.0 380.0 108.0 White
21903.0 24804.0 36.0 52.0 ,

19119.0 24860.0 360.0 120.0 ll.iny
19483.0 24932.0 24.0 48.0 ,
19572.0 24855.0 164.0 104.0 111.
19772.0 24879.0 36.0 84.0 ;
19911.0 24851.0 464.0 104.0 Samuel
20431.0 24851.0 112.0 104.0 P.
20592.0 24847.0 348.0 104.0 Tnlts
20947.0 24923.0 24.0 44.0 ,
21023.0 24843.0 584.0 108.0 Contralla
21615.0 24915.0 28.0 44.0 ,
21700.0 24847.0 176.0 108.0 III.
21908.0 24876.0 48.0 100.0 ;

19119.0 24983.0 396.0 104.0 Agnes
19575.0 24975.0 268.0 100.0 itoss
19856.0 25043.0 24.0 44.0 ,
19931.0 24967.0 776.0 104.0 Havonswood
20723.0 25039.0 24.0 48.0 ,
20803.0 24963.0 164.0 108.0 HI.
21003.0 24991.0 32.0 96.0 ;
21100.0 24963.0 256.0 108.0 Joel
21408.0 24963.0 140.0 104.0 H.
21580.0 24963.0 316.0 108.0 John-

19119.0 25119.0 204.0 80.0 son
19339.0 25167.0 28.0 44.0 ,
19472.0 25088.0 712.0 108.0 Woodstock.
20288.0 25084.0 164.0 108.0 III.
20487.0 25107.0 28.0 96.0 ;
20623.0 25084.0 392.0 100.0 James
21131.0 25084.0 120.0 100.0 P.
21367.0 25084.0 528.0 108.0 C.irleton
21911.0 25156.0 36.0 56.0 ,

19136.0 25212.0 292.0 100.0 lowu
19483.0 25203.0 296.0 104.0 Falls
19792.0 25279.0 24.0 40.0 ,
19883.0 25203.0 140.0 104.0 la.
20056.0 25228.0 28.0 84.0 :
20175.0 25199.0 472.0 104.0 Klelmitl
20716.0 25199.0 368.0 100.0 liiuke
21092.0 25271.0 24.0 48.0 ,
21164.0 25195.0 740.0 108.0 WhatChci'r
21815.0 25228.0 16.0 44.0 '
21908.0 25271.0 32.0 60.0 ,

19139.0 25327.0 148.0 100.0 la.
19319.0 25347.0 32.0 96.0 ;
19464.0 25327.0 428.0 116.0 George
19980.0 25319.0 164.0 108.0 \V.
20231.0 25319.0 372.0 104.0 Lewis
20608.0 25391.0 24.0 52.0 ,
20723.0 25315.0 352.0 108.0 Ulack
21172.0 25319.0 348.0 100.0 lllvcr
21592.0 25315.0 304.0 108.0 Falls
21908.0 25391.0 28.0 56.0 ,

19139.0 25443.0 112.0 108.0 W
19280.0 25443.0 136.0 108.0 Is.

19372.0 25659.0 100.0 96.0 A
19560.0 25655.0 616.0 100.0 Decision
20247.0 25679.0 164.0 68.0 nn
20500.0 25659.0 704.0 88.0 Drummer
21223.0 25675.0 32.0 64.0 )
21251.0 25679.0 32.0 64.0 *
21295.0 25655.0 28.0 44.0 '
21400.0 25655.0 304.0 96.0 Tax.

19252.0 25795.0 916.0 108.0 WASHINGTON.
20267.0 25792.0 392.0 104.0 March
20820.0 25795.0 92.0 100.0 7.
21039.0 25784.0 252.0 108.0 The
21431.0 25811.0 536.0 96.0 supreme

19131.0 25943.0 308.0 104.0 courl
19488.0 25943.0 112.0 100.0 lo
19644.0 25935.0 216.0 128.0 day
19908.0 25932.0 540.0 112.0 rendered
20503.0 25959.0 64.0 76.0 a
20611.0 25932.0 504.0 108.0 decision
21215.0 25932.0 116.0 104.0 In
21428.0 25932.0 188.0 104.0 Ihe
21703.0 25959.0 280.0 84.0 cass

19139.0 26083.0 476.0 116.0 brought
19664.0 26083.0 284.0 100.0 from
19995.0 26079.0 656.0 108.0 Tennessee
20659.0 26151.0 24.0 48.0 ,
20747.0 26075.0 360.0 104.0 which
21164.0 26072.0 516.0 112.0 Involves
21767.0 26075.0 200.0 108.0 the

19139.0 26227.0 296.0 120.0 right
19483.0 26227.0 120.0 100.0 of
19647.0 26247.0 216.0 84.0 ono
19895.0 26223.0 288.0 108.0 state
20236.0 26247.0 128.0 80.0 or
20431.0 26219.0 788.0 128.0 muulclpi'llty
21280.0 26227.0 116.0 100.0 to
21431.0 26219.0 428.0 128.0 Impose
21900.0 26247.0 80.0 84.0 a

19144.0 26371.0 416.0 104.0 license
19608.0 26383.0 184.0 92.0 tax
19844.0 26391.0 140.0 80.0 on
20039.0 26395.0 68.0 76.0 a
20152.0 26367.0 568.0 104.0 drummer
20764.0 26391.0 124.0 76.0 or
20975.0 26359.0 568.0 112.0 traveling
21587.0 26359.0 304.0 108.0 sales-

19147.0 26515.0 252.0 76.0 man
19460.0 26495.0 284.0 96.0 luun
19792.0 26488.0 420.0 100.0 .moth"
20223.0 26511.0 28.0 76.0 !
20256.0 26511.0 16.0 24.0 '
20316.0 26495.0 292.0 92.0 hUte
20652.0 26484.0 476.0 108.0 soti&lng
21180.0 26492.0 116.0 96.0 to
21339.0 26463.0 200.0 124.0 sell
21615.0 26480.0 360.0 116.0 goodi

19144.0 26607.0 140.0 124.0 by
19331.0 26607.0 432.0 116.0 samplu
19808.0 26628.0 128.0 80.0 or
19975.0 26603.0 636.0 104.0 otherwise.
20744.0 26599.0 248.0 104.0 The
21036.0 26607.0 68.0 96.0 it
21139.0 26599.0 396.0 104.0 ioislon
21580.0 26595.0 96.0 108.0 is
21723.0 26591.0 268.0 112.0 that'

19147.0 26727.0 188.0 100.0 the
19388.0 26719.0 504.0 104.0 taxation
19944.0 26719.0 100.0 104.0 Is
20128.0 26719.0 760.0 108.0 intuifercnce
20959.0 26715.0 284.0 104.0 wtih
21328.0 26715.0 728.0 104.0 Intcr-stato'1

19147.0 26863.0 620.0 84.0 commerce
19816.0 26863.0 224.0 80.0 anu
20100.0 26840.0 88.0 100.0 Is
20239.0 26844.0 232.0 100.0 thoi
20564.0 26844.0 236.0 96.0 foie
20892.0 26832.0 1076.0 112.0 uncouiittlutlonal.

19739.0 27087.0 304.0 92.0 Two
20103.0 27087.0 324.0 96.0 Mort
20436.0 27111.0 32.0 64.0 )
20552.0 27079.0 392.0 100.0 Y'ltOK
21036.0 27079.0 344.0 96.0 fjost.

19275.0 27223.0 472.0 108.0 PKOIIIA
19772.0 27295.0 24.0 52.0 ,
19852.0 27219.0 180.0 108.0 HI.
20056.0 27291.0 28.0 44.0 ,
20136.0 27219.0 384.0 104.0 March
20583.0 27223.0 88.0 104.0 7.
20811.0 27219.0 84.0 100.0 A
21000.0 27215.0 584.0 120.0 Gnlcsbnrt
21584.0 27239.0 40.0 96.0 ;
21728.0 27239.0 248.0 104.0 cpo-

19155.0 27367.0 212.0 108.0 clal
19460.0 27379.0 108.0 88.0 to
19631.0 27367.0 192.0 104.0 the
19919.0 27359.0 668.0 120.0 'i'ttvnsciipt
20692.0 27383.0 260.0 100.0 says
20975.0 27379.0 32.0 84.0 :
21144.0 27351.0 824.0 120.0 Wortlilnytoti

19160.0 27511.0 292.0 104.0 loses
19539.0 27519.0 224.0 92.0 two
19847.0 27515.0 312.0 92.0 votes
20264.0 27503.0 144.0 128.0 by
20520.0 27503.0 852.0 104.0 ttHaMnvi
21116.0 27499.0 24.0 108.0 \
21444.0 27499.0 536.0 108.0 tlgatlon.

19160.0 27631.0 252.0 100.0 Ono
19460.0 27627.0 572.0 104.0 vtiterltud
20083.0 27631.0 200.0 96.0 not
20323.0 27619.0 632.0 128.0 complutotl
21039.0 27627.0 176.0 92.0 r..s
21300.0 27639.0 68.0 76.0 n
21459.0 27619.0 524.0 100.0 tiir.iUa-
21720.0 27623.0 28.0 108.0 |

19167.0 27748.0 276.0 104.0 thin.
19567.0 27743.0 244.0 104.0 Tin
19859.0 27771.0 64.0 68.0 o
19983.0 27748.0 136.0 96.0 bo
20223.0 27743.0 208.0 100.0 iuU
20487.0 27735.0 244.0 104.0 O-i'i
20647.0 27735.0 28.0 76.0 '
20808.0 27735.0 300.0 104.0 U.c.l
21200.0 27731.0 116.0 108.0 in
21411.0 27735.0 188.0 104.0 the
21687.0 27735.0 300.0 108.0 btulv

19167.0 27871.0 172.0 100.0 tix
19392.0 27863.0 452.0 104.0 monlhs
19888.0 27859.0 304.0 124.0 prior
20239.0 27859.0 116.0 108.0 to
20400.0 27855.0 188.0 108.0 the
20631.0 27843.0 476.0 120.0 election
21120.0 27923.0 28.0 60.0 ,
