22504 28968
4480.0 700.0 2048.0 800.0 THE
7696.0 712.0 3488.0 784.0 OMAHA
12352.0 676.0 2848.0 800.0 DAILY
16240.0 672.0 1792.0 800.0 BEE
18048.0 1276.0 128.0 208.0 ,

844.0 2120.0 1668.0 200.0 SIXTEENTH
2656.0 2112.0 856.0 196.0 YEAR.
7600.0 2124.0 1120.0 208.0 OMAHA.
8956.0 2116.0 1592.0 204.0 THURSDAY
10572.0 2244.0 32.0 72.0 ,
10860.0 2096.0 1312.0 200.0 MORNING
12191.0 2240.0 44.0 76.0 ,
12492.0 2104.0 1032.0 200.0 MARCH
13764.0 2112.0 264.0 180.0 10
14068.0 2240.0 40.0 68.0 ,
14308.0 2112.0 544.0 188.0 1887.
19923.0 2136.0 1240.0 196.0 NUMBER
21372.0 2132.0 376.0 192.0 264

872.0 3176.0 224.0 132.0 The
1148.0 3168.0 504.0 136.0 Authors
1700.0 3168.0 128.0 128.0 of
1908.0 3164.0 196.0 132.0 the
2160.0 3152.0 852.0 176.0 Gamy-Knox
3132.0 3144.0 552.0 168.0 Minority

1656.0 3356.0 428.0 164.0 Report
2136.0 3340.0 684.0 136.0 Discovered
2832.0 3420.0 24.0 48.0 ,

880.0 3748.0 620.0 116.0 DOINGS
1592.0 3744.0 152.0 112.0 IN
1860.0 3736.0 652.0 116.0 SENATE
2592.0 3728.0 344.0 112.0 AND
3052.0 3724.0 580.0 112.0 HOUSE

1456.0 4144.0 644.0 108.0 Uallrond
2204.0 4140.0 256.0 100.0 Hill
2584.0 4140.0 508.0 100.0 I'assod
3200.0 4136.0 132.0 96.0 In
3452.0 4136.0 232.0 100.0 the

1048.0 4328.0 108.0 96.0 II
1180.0 4348.0 308.0 72.0 OUHO
1628.0 4312.0 1064.0 124.0 Appropriation
2812.0 4312.0 120.0 96.0 31
2960.0 4332.0 556.0 80.0 ensures

1172.0 4488.0 832.0 104.0 Considered
2068.0 4484.0 272.0 100.0 nitcl
2436.0 4480.0 616.0 100.0 Ordered
3152.0 4480.0 248.0 100.0 fin-

1520.0 4656.0 548.0 116.0 crossed
2136.0 4656.0 244.0 96.0 for

1428.0 5024.0 264.0 96.0 The
1744.0 5012.0 724.0 104.0 Mutilated
2544.0 5016.0 612.0 96.0 Charter.

1004.0 5160.0 568.0 108.0 LINCOLN
1580.0 5232.0 28.0 52.0 ,
1700.0 5156.0 276.0 108.0 Neb.
1992.0 5232.0 28.0 36.0 ,
2116.0 5156.0 380.0 104.0 Mirch
2564.0 5160.0 88.0 100.0 9.
2804.0 5156.0 28.0 124.0 [
2852.0 5144.0 440.0 136.0 Special
3376.0 5144.0 320.0 108.0 Tolc-

892.0 5324.0 308.0 92.0 mm
1296.0 5308.0 116.0 100.0 to
1524.0 5308.0 184.0 100.0 the
1824.0 5300.0 256.0 104.0 UKK
2088.0 5300.0 40.0 124.0 ;
2156.0 5296.0 16.0 124.0 |
2328.0 5296.0 96.0 104.0 It
2476.0 5292.0 200.0 108.0 has
2728.0 5320.0 260.0 76.0 now
3044.0 5288.0 644.0 116.0 transpired

892.0 5448.0 248.0 104.0 that
1184.0 5448.0 428.0 104.0 Ooorco
1652.0 5444.0 568.0 104.0 Crawford
2240.0 5512.0 24.0 52.0 ,
2316.0 5440.0 224.0 104.0 late
2584.0 5440.0 124.0 100.0 of
2760.0 5432.0 352.0 104.0 Idaho
3120.0 5512.0 24.0 48.0 ,
3204.0 5435.0 256.0 100.0 who
3508.0 5432.0 200.0 104.0 lias

888.0 5588.0 280.0 108.0 been
1228.0 5592.0 112.0 100.0 In
1392.0 5592.0 244.0 104.0 elm
1660.0 5616.0 132.0 92.0 go
1844.0 5588.0 120.0 100.0 of
2024.0 5608.0 220.0 80.0 0110
2292.0 5584.0 120.0 100.0 of
2480.0 5580.0 192.0 104.0 the
2700.0 5576.0 148.0 104.0 oil
2908.0 5604.0 372.0 76.0 rooms
3344.0 5584.0 112.0 96.0 nt
3524.0 5580.0 188.0 100.0 the

892.0 5732.0 448.0 128.0 Capital
1392.0 5728.0 292.0 104.0 hotel
1692.0 5800.0 28.0 52.0 ,
1780.0 5728.0 344.0 100.0 wrotu
2196.0 5724.0 192.0 104.0 the
2472.0 5716.0 544.0 124.0 minority
3112.0 5724.0 372.0 120.0 report
3552.0 5748.0 144.0 76.0 on

892.0 5880.0 192.0 96.0 the
1132.0 5872.0 432.0 108.0 Umalu
1600.0 5868.0 448.0 108.0 charter
2048.0 5944.0 28.0 44.0 ,
2132.0 5868.0 364.0 104.0 which
2588.0 5864.0 440.0 124.0 Oarvoy
3076.0 5864.0 232.0 104.0 and
3360.0 5860.0 352.0 108.0 Knox

896.0 6044.0 296.0 80.0 \vero
1240.0 6012.0 476.0 112.0 Induced
1768.0 6020.0 112.0 96.0 to
1932.0 6012.0 368.0 104.0 father
2348.0 6008.0 140.0 128.0 by
2540.0 6008.0 188.0 108.0 the
2776.0 6003.0 484.0 108.0 railroad
3332.0 6003.0 360.0 128.0 lobby.

896.0 6160.0 344.0 104.0 Knox
1300.0 6184.0 284.0 92.0 gave
1628.0 6156.0 460.0 104.0 himself
2176.0 6180.0 312.0 80.0 so'iio
2572.0 6148.0 228.0 108.0 airs
2892.0 6148.0 224.0 108.0 this
3188.0 6148.0 528.0 120.0 morning

896.0 6300.0 140.0 124.0 by
1088.0 6300.0 256.0 104.0 loud
1392.0 6300.0 236.0 104.0 talk
1684.0 6300.0 112.0 104.0 In
1852.0 6296.0 188.0 108.0 the
2088.0 6296.0 348.0 104.0 house
2504.0 6296.0 380.0 104.0 before
2972.0 6288.0 188.0 108.0 the
3212.0 6288.0 484.0 108.0 session.

900.0 6444.0 136.0 100.0 In
1096.0 6440.0 224.0 104.0 this
1432.0 6456.0 136.0 88.0 lie
1700.0 6468.0 236.0 76.0 was
1996.0 6436.0 580.0 108.0 doubtless
2628.0 6432.0 592.0 132.0 prompted
3272.0 6432.0 140.0 128.0 by
3504.0 6436.0 232.0 104.0 the'

896.0 6608.0 304.0 100.0 gang
1288.0 6584.0 120.0 104.0 of
1468.0 6584.0 500.0 116.0 shysters
2056.0 6580.0 228.0 104.0 and
2380.0 6576.0 648.0 128.0 vagabonds
3104.0 6576.0 248.0 108.0 who
3428.0 6580.0 284.0 104.0 have

900.0 6731.0 276.0 100.0 been
1312.0 6727.0 176.0 104.0 his
1580.0 6727.0 444.0 120.0 nightly
2120.0 6724.0 652.0 108.0 associates.
2968.0 6720.0 220.0 104.0 Ills
3324.0 6720.0 344.0 108.0 Incon-

900.0 6872.0 412.0 104.0 sistent
1372.0 6895.0 392.0 80.0 cour.su
1888.0 6868.0 92.0 108.0 Is
2108.0 6891.0 156.0 80.0 no
2388.0 6864.0 392.0 128.0 longer
2904.0 6860.0 504.0 112.0 ascribed
3536.0 6888.0 140.0 80.0 en-

908.0 7016.0 328.0 124.0 tirely
1416.0 7020.0 116.0 100.0 to
1692.0 7012.0 188.0 104.0 the
2068.0 7008.0 616.0 124.0 imbecility
2836.0 7012.0 124.0 100.0 of
3084.0 7036.0 68.0 76.0 a
3280.0 7008.0 432.0 100.0 dotard.

900.0 7156.0 248.0 104.0 The
1192.0 7156.0 228.0 104.0 fact
1464.0 7156.0 244.0 104.0 that
1768.0 7152.0 772.0 112.0 Vandervoort
2548.0 7228.0 24.0 48.0 ,
2628.0 7164.0 228.0 92.0 and
2936.0 7176.0 256.0 76.0 men
3292.0 7152.0 124.0 100.0 of
3484.0 7148.0 244.0 104.0 that

912.0 7299.0 160.0 100.0 Ilk
1200.0 7295.0 288.0 108.0 have
1648.0 7299.0 276.0 100.0 been
2076.0 7292.0 544.0 120.0 peddling
2792.0 7292.0 336.0 100.0 Knox
3256.0 7292.0 200.0 100.0 out
3608.0 7292.0 116.0 96.0 to

908.0 7428.0 468.0 112.0 support
1440.0 7440.0 124.0 76.0 or
1608.0 7436.0 416.0 104.0 oppose
2068.0 7404.0 260.0 112.0 bills
2376.0 7436.0 124.0 76.0 or
2560.0 7412.0 684.0 100.0 resolutions
3344.0 7400.0 368.0 108.0 which

908.0 7535.0 268.0 116.0 they
1228.0 7539.0 308.0 92.0 want
1576.0 7535.0 112.0 96.0 to
1732.0 7556.0 320.0 92.0 carry
2096.0 7556.0 124.0 72.0 or
2268.0 7528.0 252.0 100.0 bent
2564.0 7528.0 96.0 96.0 Is
2708.0 7552.0 264.0 108.0 very
3020.0 7520.0 680.0 120.0 suggestive.

908.0 7652.0 112.0 100.0 A
1104.0 7644.0 296.0 108.0 close
1512.0 7648.0 632.0 136.0 Inspection
2256.0 7644.0 124.0 96.0 of
2472.0 7640.0 192.0 100.0 the
2744.0 7636.0 560.0 124.0 judiciary
3408.0 7660.0 244.0 76.0 com

916.0 7764.0 488.0 104.0 mittee's
1452.0 7764.0 636.0 100.0 mutilation
2144.0 7760.0 124.0 96.0 of
2312.0 7760.0 188.0 96.0 the
2576.0 7756.0 444.0 100.0 charter
3060.0 7756.0 376.0 96.0 .shows
3484.0 7748.0 244.0 104.0 that

916.0 7884.0 264.0 112.0 they
1276.0 7904.0 292.0 76.0 were
1684.0 7872.0 516.0 120.0 working
2308.0 7867.0 364.0 104.0 under
2772.0 7892.0 544.0 100.0 pressure.
3512.0 7863.0 176.0 104.0 Mr
3688.0 7936.0 28.0 44.0 ,

912.0 7992.0 380.0 104.0 Drake
1300.0 8064.0 24.0 48.0 ,
1388.0 8016.0 536.0 80.0 manaiicr
1964.0 7992.0 124.0 92.0 of
2156.0 7984.0 188.0 104.0 the
2432.0 7984.0 600.0 124.0 telephone
3116.0 8004.0 564.0 100.0 company
3688.0 8052.0 28.0 44.0 ,

912.0 8111.0 204.0 100.0 has
1164.0 8107.0 272.0 100.0 been
1496.0 8107.0 260.0 100.0 here
1800.0 8100.0 524.0 124.0 working
2372.0 8100.0 600.0 124.0 diligently
3048.0 8103.0 120.0 100.0 to
3252.0 8107.0 476.0 116.0 prevent

912.0 8248.0 224.0 104.0 any
1212.0 8220.0 620.0 120.0 regulation
1880.0 8224.0 128.0 96.0 of
2096.0 8224.0 188.0 100.0 the
2336.0 8220.0 604.0 124.0 telephone
3024.0 8216.0 696.0 132.0 companies.

912.0 8340.0 356.0 104.0 either
1316.0 8340.0 140.0 120.0 by
1504.0 8347.0 188.0 92.0 tnu
1736.0 8344.0 292.0 96.0 state
2080.0 8364.0 124.0 72.0 or
2264.0 8336.0 268.0 104.0 cltie
2596.0 8408.0 28.0 32.0 .
2804.0 8336.0 216.0 100.0 ills
3104.0 8336.0 236.0 100.0 still
3444.0 8316.0 292.0 120.0 hunt

912.0 8460.0 220.0 100.0 had
1184.0 8460.0 144.0 96.0 Its
1392.0 8460.0 332.0 100.0 effect
1824.0 8480.0 148.0 76.0 on
2084.0 8456.0 192.0 100.0 the
2384.0 8448.0 564.0 128.0 judiciary
3040.0 8448.0 648.0 108.0 committee
3696.0 8524.0 24.0 48.0 ,

916.0 8572.0 364.0 104.0 which
1328.0 8580.0 192.0 96.0 cut
1620.0 8572.0 196.0 100.0 out
1920.0 8568.0 124.0 104.0 of
2148.0 8576.0 188.0 96.0 the
2440.0 8576.0 448.0 96.0 charter
2988.0 8568.0 192.0 104.0 the
3284.0 8568.0 452.0 116.0 proviso

920.0 8692.0 712.0 104.0 authorizing
1680.0 8692.0 188.0 100.0 the
1912.0 8684.0 444.0 108.0 council
2404.0 8688.0 112.0 100.0 to
2564.0 8688.0 500.0 116.0 regulate
3128.0 8684.0 604.0 124.0 telephone

916.0 8808.0 500.0 100.0 clmrces.
1572.0 8804.0 460.0 104.0 Similar
2120.0 8804.0 624.0 104.0 Influences
2812.0 8808.0 284.0 96.0 have
3184.0 8804.0 276.0 100.0 been
3552.0 8824.0 136.0 80.0 ex-

924.0 8923.0 312.0 104.0 erted
1268.0 8923.0 144.0 104.0 bv
1460.0 8923.0 188.0 104.0 the
1716.0 8919.0 436.0 104.0 Omaha
2236.0 8928.0 340.0 96.0 street
2660.0 8919.0 468.0 120.0 railway
3216.0 8919.0 228.0 100.0 and
3536.0 8940.0 204.0 96.0 pas

920.0 9036.0 692.0 132.0 companies.
1740.0 9040.0 244.0 100.0 The
2040.0 9036.0 336.0 104.0 board
2412.0 9040.0 124.0 96.0 of
2584.0 9040.0 376.0 116.0 public
3044.0 9036.0 372.0 104.0 wotks
3496.0 9060.0 248.0 76.0 sec-

936.0 9159.0 240.0 100.0 lion
1232.0 9159.0 120.0 100.0 of
1404.0 9159.0 184.0 100.0 the
1636.0 9155.0 440.0 104.0 charter
2116.0 9180.0 124.0 76.0 as
2268.0 9155.0 88.0 100.0 It
2384.0 9155.0 396.0 116.0 passed
2816.0 9152.0 188.0 104.0 the
3040.0 9155.0 392.0 96.0 senate
3464.0 9176.0 276.0 76.0 iravo

928.0 9280.0 192.0 112.0 the
1168.0 9276.0 336.0 100.0 buard
1552.0 9272.0 432.0 104.0 control
2036.0 9296.0 264.0 76.0 over
2348.0 9252.0 184.0 120.0 the
2584.0 9268.0 388.0 124.0 laying
3016.0 9272.0 124.0 96.0 of
3208.0 9296.0 212.0 92.0 gas
3508.0 9272.0 232.0 96.0 and

928.0 9396.0 352.0 100.0 water
1324.0 9392.0 368.0 100.0 mains
1736.0 9388.0 220.0 104.0 and
2012.0 9392.0 340.0 96.0 street
2396.0 9388.0 464.0 116.0 railway
2904.0 9399.0 404.0 88.0 tracks.
3496.0 9380.0 248.0 104.0 The

928.0 9508.0 560.0 120.0 judiciary
1532.0 9508.0 636.0 100.0 committee
2176.0 9576.0 28.0 44.0 ,
2256.0 9504.0 360.0 100.0 under
2660.0 9508.0 520.0 116.0 pretense
3228.0 9504.0 124.0 96.0 of
3396.0 9500.0 288.0 100.0 sink-

936.0 9632.0 200.0 112.0 ing
1184.0 9632.0 116.0 96.0 at
1344.0 9632.0 188.0 92.0 the
1572.0 9628.0 544.0 116.0 make-up
2160.0 9620.0 124.0 100.0 of
2328.0 9620.0 188.0 100.0 the
2564.0 9620.0 328.0 100.0 boaid
2912.0 9688.0 24.0 44.0 ,
2992.0 9620.0 284.0 100.0 hi\o
3072.0 9651.0 20.0 68.0 ;
3364.0 9616.0 384.0 104.0 stiuck

936.0 9756.0 192.0 84.0 out
1176.0 9740.0 148.0 100.0 all
1376.0 9740.0 312.0 100.0 these
1732.0 9740.0 616.0 124.0 Important
2396.0 9735.0 664.0 120.0 provisions.

1056.0 9856.0 248.0 104.0 The
1340.0 9856.0 556.0 124.0 judiciary
1988.0 9852.0 580.0 104.0 commute
2668.0 9856.0 228.0 96.0 mot
2980.0 9844.0 492.0 112.0 to-night
3512.0 9844.0 232.0 108.0 and

940.0 10000.0 420.0 96.0 among
1408.0 9971.0 320.0 104.0 other
1824.0 9967.0 396.0 120.0 things
2304.0 9963.0 664.0 108.0 conbldeied
3012.0 9967.0 196.0 100.0 the
3312.0 9967.0 444.0 100.0 Omaha

940.0 10096.0 472.0 96.0 charter.
1548.0 10088.0 448.0 104.0 Several
2048.0 10088.0 120.0 96.0 of
2272.0 10088.0 192.0 100.0 the
2512.0 10088.0 548.0 100.0 members
3108.0 10080.0 256.0 104.0 who
3468.0 10084.0 284.0 100.0 have

944.0 10204.0 588.0 124.0 graduully
1640.0 10204.0 276.0 100.0 boon
2032.0 10204.0 576.0 116.0 receiving
2716.0 10200.0 288.0 112.0 light
3104.0 10224.0 124.0 76.0 us
3336.0 10207.0 116.0 92.0 to
3556.0 10200.0 192.0 100.0 the

940.0 10324.0 352.0 100.0 needs
1340.0 10328.0 120.0 92.0 of
1532.0 10320.0 432.0 100.0 Omaha
2012.0 10328.0 604.0 112.0 expiessed
2668.0 10316.0 676.0 104.0 themselves
3392.0 10320.0 116.0 96.0 to
3556.0 10312.0 192.0 104.0 the

936.0 10444.0 332.0 96.0 cllect
1316.0 10440.0 244.0 96.0 that
1604.0 10436.0 84.0 100.0 It
1764.0 10440.0 188.0 96.0 the
1996.0 10436.0 440.0 100.0 charter
2484.0 10432.0 216.0 100.0 had
2756.0 10432.0 272.0 104.0 been
3088.0 10432.0 492.0 100.0 referred
3632.0 10440.0 116.0 92.0 to

940.0 10560.0 300.0 96.0 them
1336.0 10552.0 220.0 100.0 this
1664.0 10556.0 596.0 96.0 afternoon
2372.0 10572.0 148.0 76.0 an
2572.0 10547.0 544.0 104.0 amicable
3160.0 10556.0 228.0 92.0 and
3436.0 10547.0 276.0 100.0 satis-

944.0 10672.0 436.0 120.0 factory
1420.0 10668.0 652.0 100.0 settlement
2120.0 10668.0 368.0 100.0 would
2540.0 10664.0 284.0 104.0 have
2916.0 10668.0 276.0 96.0 been
3244.0 10664.0 508.0 104.0 reached.

936.0 10787.0 248.0 100.0 The
1232.0 10792.0 388.0 96.0 inattoi
1684.0 10783.0 224.0 100.0 will
1968.0 10779.0 532.0 124.0 probably
2528.0 10808.0 316.0 76.0 como
2884.0 10804.0 148.0 92.0 up
3076.0 10783.0 640.0 100.0 to-morrow
3716.0 10844.0 32.0 56.0 ,

940.0 10908.0 368.0 96.0 cither
1352.0 10904.0 116.0 100.0 In
1520.0 10900.0 644.0 104.0 committee
2212.0 10900.0 124.0 100.0 of
2444.0 10896.0 192.0 104.0 the
2688.0 10896.0 360.0 104.0 whole
3096.0 10920.0 128.0 76.0 or
3260.0 10896.0 500.0 124.0 possibly

944.0 11019.0 144.0 120.0 by
1136.0 11023.0 580.0 96.0 refeienco
1768.0 11023.0 112.0 92.0 to
1928.0 11044.0 64.0 72.0 11
2076.0 11015.0 300.0 120.0 joint
2424.0 11015.0 648.0 100.0 committee
3120.0 11015.0 124.0 96.0 of
3340.0 11012.0 188.0 100.0 the
3572.0 11012.0 124.0 120.0 ju-

948.0 11136.0 432.0 120.0 diciary
1432.0 11136.0 224.0 104.0 and
1716.0 11132.0 496.0 116.0 Douglas
2292.0 11132.0 640.0 116.0 delegation
2948.0 11204.0 24.0 40.0 ,
3032.0 11132.0 116.0 100.0 In
3224.0 11128.0 360.0 104.0 either
3632.0 11128.0 124.0 96.0 of

952.0 11252.0 368.0 104.0 which
1364.0 11256.0 396.0 96.0 events
1808.0 11256.0 312.0 92.0 theio
2172.0 11271.0 256.0 76.0 now
2472.0 11271.0 368.0 76.0 seems
2884.0 11275.0 68.0 72.0 a
3040.0 11248.0 520.0 120.0 prospect
3636.0 11244.0 128.0 104.0 of

952.0 11392.0 144.0 80.0 nn
1148.0 11368.0 704.0 124.0 adjustment
1896.0 11364.0 720.0 120.0 &atlfactoiy
2664.0 11372.0 112.0 92.0 to
2828.0 11364.0 268.0 100.0 both
3152.0 11364.0 444.0 120.0 parties.

1604.0 11640.0 492.0 92.0 Scnnto
2152.0 11632.0 884.0 116.0 Proceeding"
3036.0 11656.0 28.0 72.0 )
3080.0 11696.0 28.0 32.0 .

1080.0 11772.0 560.0 108.0 LINCOLN
1644.0 11843.0 28.0 44.0 ,
1740.0 11768.0 276.0 108.0 Neb.
2040.0 11843.0 28.0 44.0 ,
2140.0 11768.0 380.0 104.0 March
2604.0 11772.0 88.0 104.0 0.
2836.0 11768.0 492.0 128.0 ISpecial
3436.0 11768.0 276.0 108.0 Tele-

956.0 11944.0 312.0 96.0 gram
1356.0 11923.0 116.0 96.0 to
1556.0 11915.0 192.0 104.0 the
1856.0 11915.0 220.0 100.0 BKI
2088.0 11936.0 28.0 80.0 :
2120.0 11987.0 28.0 28.0 .
2176.0 11911.0 24.0 124.0 ]
2360.0 11911.0 240.0 104.0 The
2700.0 11919.0 392.0 96.0 senate
3100.0 11984.0 28.0 48.0 ,
3248.0 11911.0 112.0 104.0 In
3476.0 11936.0 248.0 80.0 com-

960.0 12060.0 384.0 104.0 mittee
1384.0 12060.0 124.0 100.0 of
1572.0 12056.0 188.0 104.0 the
1832.0 12056.0 364.0 104.0 whole
2200.0 12132.0 28.0 44.0 ,
2312.0 12056.0 516.0 104.0 resumed
2908.0 12052.0 844.0 108.0 consideration

960.0 12204.0 124.0 104.0 of
1124.0 12204.0 188.0 104.0 the
1352.0 12200.0 196.0 104.0 bill
1592.0 12196.0 500.0 128.0 creating
2180.0 12200.0 188.0 104.0 the
2452.0 12196.0 316.0 104.0 ollleo
2852.0 12200.0 120.0 100.0 of
3060.0 12196.0 476.0 124.0 register
3656.0 12200.0 124.0 100.0 of

956.0 12344.0 372.0 104.0 deedi.
1460.0 12344.0 208.0 112.0 Mr.
1784.0 12344.0 400.0 100.0 Drown
2292.0 12340.0 124.0 104.0 of
2524.0 12340.0 272.0 124.0 Ulay
2904.0 12340.0 400.0 104.0 moved
3392.0 12348.0 116.0 96.0 to
3564.0 12340.0 188.0 104.0 In-

956.0 12483.0 584.0 128.0 dellnltcly
1580.0 12491.0 548.0 120.0 postpone
2136.0 12555.0 24.0 48.0 ,
2216.0 12479.0 364.0 108.0 which
2632.0 12508.0 232.0 76.0 was
2912.0 12479.0 248.0 108.0 lost.

1072.0 12632.0 208.0 104.0 Mr.
1332.0 12628.0 352.0 124.0 Colby
1728.0 12628.0 396.0 104.0 moved
2172.0 12635.0 112.0 92.0 to
2332.0 12624.0 324.0 108.0 defer
2736.0 12624.0 836.0 108.0 consideration
3624.0 12628.0 132.0 100.0 of

956.0 12772.0 88.0 100.0 It
1088.0 12772.0 176.0 100.0 for
1308.0 12776.0 188.0 100.0 the
1536.0 12776.0 252.0 100.0 dav.
1920.0 12768.0 492.0 104.0 Carried.

1060.0 12912.0 248.0 104.0 The
1356.0 12912.0 344.0 104.0 house
1744.0 12912.0 200.0 104.0 bill
2052.0 12916.0 116.0 96.0 to
2244.0 12908.0 500.0 128.0 rcgulata
2832.0 12912.0 188.0 104.0 the
3088.0 12912.0 488.0 124.0 practice
3624.0 12916.0 136.0 96.0 of

948.0 13055.0 604.0 124.0 pharmacy
1600.0 13080.0 224.0 76.0 was
1872.0 13055.0 344.0 100.0 taken
2312.0 13076.0 188.0 100.0 up.
2632.0 13051.0 112.0 104.0 It
2848.0 13051.0 524.0 116.0 provides
3468.0 13055.0 184.0 100.0 for
3708.0 13084.0 64.0 76.0 a-

960.0 13196.0 328.0 108.0 board
1332.0 13200.0 120.0 100.0 of
1488.0 13196.0 644.0 104.0 examiners
2140.0 13272.0 28.0 48.0 ,
2240.0 13207.0 256.0 92.0 who
2580.0 13192.0 288.0 104.0 shall
2964.0 13196.0 304.0 104.0 Issue
3352.0 13200.0 360.0 100.0 certifi-

956.0 13344.0 300.0 104.0 cates
1304.0 13340.0 124.0 104.0 of
1472.0 13336.0 712.0 128.0 roglstiatlon
2280.0 13340.0 116.0 100.0 to
2508.0 13340.0 628.0 120.0 practicing
3248.0 13340.0 472.0 116.0 pharma

956.0 13484.0 300.0 104.0 cists.
1420.0 13480.0 680.0 128.0 Applicants
2204.0 13484.0 296.0 100.0 must
2604.0 13480.0 136.0 104.0 bo
2844.0 13508.0 268.0 76.0 over
3220.0 13480.0 528.0 124.0 eighteen

956.0 13652.0 324.0 96.0 years
1320.0 13632.0 124.0 96.0 of
1488.0 13652.0 204.0 92.0 ago
1700.0 13699.0 28.0 48.0 ,
1776.0 13623.0 124.0 104.0 of
1948.0 13627.0 612.0 120.0 tempoiato
2608.0 13623.0 368.0 104.0 habits
3024.0 13623.0 220.0 104.0 and
3308.0 13648.0 212.0 100.0 pay
3568.0 13632.0 196.0 96.0 the

960.0 13771.0 340.0 100.0 board
1348.0 13796.0 68.0 80.0 a
1456.0 13771.0 180.0 96.0 fee
1680.0 13767.0 124.0 100.0 of
1844.0 13767.0 176.0 108.0 $3.
2164.0 13764.0 760.0 104.0 Pharmacists
3020.0 13767.0 120.0 100.0 In
3232.0 13764.0 544.0 108.0 business

964.0 13912.0 320.0 104.0 three
1316.0 13935.0 328.0 100.0 years
1676.0 13912.0 316.0 124.0 prior
2028.0 13912.0 124.0 100.0 to
2244.0 13904.0 200.0 108.0 the
2484.0 13931.0 476.0 96.0 passage
3040.0 13908.0 132.0 100.0 of
3248.0 13908.0 236.0 104.0 this
3564.0 13912.0 196.0 100.0 act

968.0 14052.0 288.0 108.0 shall
1300.0 14056.0 132.0 100.0 be.
1472.0 14052.0 476.0 104.0 entitled
1992.0 14056.0 116.0 96.0 to
2184.0 14076.0 68.0 76.0 a
2328.0 14048.0 600.0 108.0 ccrtlllcato
3040.0 14048.0 484.0 108.0 without
3568.0 14076.0 136.0 76.0 ex-

968.0 14195.0 624.0 104.0 amination
1612.0 14267.0 24.0 44.0 ,
1684.0 14191.0 224.0 104.0 and
1960.0 14195.0 272.0 100.0 fl\es
2280.0 14191.0 192.0 100.0 the
2516.0 14191.0 464.0 120.0 penalty
3068.0 14200.0 120.0 96.0 at
3280.0 14195.0 252.0 104.0 S100
3620.0 14195.0 184.0 100.0 for

964.0 14335.0 416.0 104.0 failure
1424.0 14343.0 112.0 96.0 to
1584.0 14335.0 256.0 100.0 take
1884.0 14355.0 200.0 80.0 out
2180.0 14359.0 68.0 72.0 a
2352.0 14332.0 628.0 104.0 cortllicate.
3124.0 14332.0 628.0 104.0 Considera-

964.0 14476.0 236.0 104.0 tion
1252.0 14476.0 544.0 104.0 deferred.

1076.0 14612.0 248.0 108.0 The
1368.0 14612.0 196.0 104.0 bill
1612.0 14616.0 112.0 100.0 to
1772.0 14612.0 656.0 124.0 Indemnify
2500.0 14636.0 448.0 80.0 owners
2992.0 14612.0 128.0 100.0 of
3204.0 14612.0 220.0 104.0 live
3468.0 14612.0 324.0 104.0 stock

956.0 14755.0 356.0 108.0 killed
1392.0 14763.0 144.0 116.0 by
1624.0 14755.0 328.0 104.0 order
2028.0 14755.0 128.0 100.0 of
2260.0 14755.0 188.0 104.0 the
2532.0 14755.0 224.0 104.0 live
2840.0 14755.0 324.0 104.0 stock
3228.0 14755.0 472.0 104.0 commis-

964.0 14899.0 376.0 116.0 sioner
1380.0 14927.0 232.0 80.0 was
1656.0 14899.0 244.0 104.0 also
1960.0 14896.0 520.0 108.0 deferred
2532.0 14899.0 176.0 104.0 for
2756.0 14899.0 392.0 104.0 futuio
3192.0 14896.0 536.0 108.0 consider

968.0 15020.0 356.0 108.0 ation.

1084.0 15140.0 244.0 100.0 The
1372.0 15136.0 196.0 100.0 bill
1644.0 15136.0 116.0 100.0 to
1804.0 15132.0 512.0 108.0 dedicate
2404.0 15136.0 120.0 96.0 to
2568.0 15128.0 188.0 104.0 the
2800.0 15155.0 204.0 76.0 use
3048.0 15132.0 124.0 100.0 of
3256.0 15128.0 192.0 104.0 the
3516.0 15132.0 224.0 100.0 Ger-

972.0 15276.0 264.0 80.0 man
1304.0 15251.0 504.0 104.0 Catholic
1888.0 15256.0 416.0 100.0 churcli
2396.0 15256.0 112.0 96.0 nt
2608.0 15247.0 472.0 104.0 Lincoln
3096.0 15319.0 24.0 44.0 ,
3180.0 15247.0 276.0 104.0 Neb.
3472.0 15319.0 28.0 44.0 ,
3556.0 15247.0 224.0 100.0 lots

968.0 15372.0 216.0 104.0 No.
1236.0 15372.0 108.0 100.0 11
1388.0 15372.0 228.0 104.0 and
1664.0 15376.0 112.0 92.0 1"
1780.0 15444.0 24.0 48.0 ,
1856.0 15368.0 328.0 104.0 block
2232.0 15364.0 212.0 112.0 No.
2488.0 15372.0 188.0 92.0 'J05
2680.0 15440.0 24.0 48.0 ,
2760.0 15368.0 120.0 100.0 In
2936.0 15364.0 484.0 104.0 Lincoln
3436.0 15436.0 24.0 48.0 ,
3540.0 15387.0 232.0 80.0 was

972.0 15483.0 340.0 104.0 taken
1364.0 15508.0 184.0 100.0 up.

1088.0 15604.0 200.0 104.0 Mr.
1344.0 15600.0 700.0 128.0 Melklojohn
2096.0 15624.0 236.0 80.0 was
2416.0 15596.0 796.0 124.0 emphatically
3256.0 15600.0 512.0 120.0 onposed

972.0 15723.0 120.0 100.0 to
1128.0 15727.0 276.0 96.0 such
1448.0 15719.0 644.0 104.0 dedication
2140.0 15731.0 116.0 88.0 to
2300.0 15739.0 228.0 96.0 any
2572.0 15715.0 780.0 124.0 oig.xulzatlou
3408.0 15715.0 368.0 104.0 under

972.0 15864.0 232.0 92.0 any
1244.0 15840.0 932.0 104.0 circumstances.

1100.0 15955.0 204.0 100.0 Mr.
1356.0 15951.0 584.0 104.0 Tzschuck
1992.0 15948.0 460.0 104.0 favored
2500.0 15948.0 192.0 104.0 the
2736.0 15944.0 232.0 108.0 bill.

1100.0 16068.0 208.0 128.0 fir.
1360.0 16068.0 348.0 108.0 Colby
1796.0 16068.0 244.0 100.0 said
2132.0 16092.0 340.0 96.0 many
2520.0 16068.0 320.0 100.0 other
2924.0 16063.0 216.0 104.0 lots
3208.0 16068.0 220.0 100.0 had
3492.0 16063.0 288.0 104.0 been

984.0 16188.0 340.0 120.0 given
1372.0 16192.0 116.0 96.0 to
1532.0 16176.0 324.0 112.0 other
1936.0 16184.0 416.0 104.0 chuicli
2416.0 16184.0 852.0 116.0 organizations
3352.0 16184.0 232.0 100.0 and
3656.0 16184.0 136.0 100.0 ho

988.0 16299.0 564.0 120.0 approved
1636.0 16303.0 124.0 100.0 of
1840.0 16299.0 192.0 104.0 the
2076.0 16299.0 232.0 108.0 bill.
2432.0 16299.0 244.0 104.0 The
2744.0 16303.0 544.0 100.0 churches
3332.0 16295.0 200.0 104.0 did
3596.0 16295.0 192.0 104.0 the

988.0 16420.0 292.0 104.0 state
1328.0 16416.0 320.0 128.0 pood.

1108.0 16531.0 204.0 108.0 Mr.
1372.0 16535.0 420.0 104.0 Brown
1864.0 16531.0 476.0 116.0 thought
2432.0 16527.0 188.0 104.0 the
2668.0 16527.0 360.0 104.0 whole
3072.0 16527.0 524.0 108.0 business
3664.0 16531.0 124.0 100.0 of

992.0 16652.0 980.0 120.0 detllcatingtheso
2016.0 16652.0 220.0 100.0 lots
2276.0 16648.0 408.0 104.0 should
2728.0 16648.0 136.0 100.0 bo
2908.0 16652.0 508.0 120.0 stopped.
3544.0 16648.0 252.0 100.0 The

992.0 16771.0 224.0 104.0 lots
1252.0 16771.0 404.0 104.0 should
1704.0 16771.0 132.0 100.0 bo
1868.0 16771.0 248.0 100.0 sold
2160.0 16771.0 112.0 100.0 to
2324.0 16767.0 504.0 120.0 beautify
2860.0 16767.0 188.0 100.0 the
3092.0 16763.0 412.0 120.0 capltol
3552.0 16767.0 232.0 104.0 and

1012.0 16896.0 556.0 112.0 grounds.

1120.0 17007.0 524.0 108.0 rending
1780.0 17000.0 700.0 112.0 idlscusslon
2568.0 17000.0 188.0 104.0 the
2836.0 17000.0 640.0 104.0 committee
3568.0 17023.0 252.0 80.0 rose

1020.0 17124.0 232.0 100.0 and
1296.0 17124.0 192.0 100.0 the
1532.0 17136.0 376.0 104.0 report
1944.0 17119.0 520.0 124.0 adopted.

1140.0 17236.0 412.0 108.0 Hecess
1596.0 17240.0 168.0 104.0 till
1816.0 17300.0 56.0 36.0 -
1912.0 17236.0 460.0 104.0 o'clock.

1732.0 17376.0 772.0 84.0 AHTEUNOON
2572.0 17372.0 532.0 88.0 SESSION.

1128.0 17472.0 164.0 104.0 At
1368.0 17472.0 60.0 96.0 2
1492.0 17468.0 420.0 104.0 o'clock
1960.0 17476.0 192.0 96.0 the
2192.0 17480.0 396.0 92.0 senate
2632.0 17484.0 512.0 88.0 resumed
3188.0 17468.0 592.0 104.0 considera-

1008.0 17583.0 240.0 108.0 tion
1300.0 17587.0 124.0 100.0 of
1508.0 17587.0 188.0 104.0 the
1784.0 17583.0 196.0 104.0 bill
2068.0 17591.0 112.0 96.0 to
2268.0 17587.0 512.0 104.0 dedicate
2840.0 17587.0 232.0 120.0 city
3120.0 17587.0 220.0 100.0 lots
3428.0 17591.0 116.0 96.0 to
3632.0 17583.0 188.0 104.0 the

1012.0 17708.0 484.0 100.0 German
1588.0 17704.0 508.0 104.0 Catholic
2180.0 17704.0 448.0 104.0 church.
2800.0 17708.0 344.0 96.0 After
3208.0 17704.0 188.0 100.0 the
3460.0 17728.0 300.0 100.0 oppo-

1016.0 17827.0 280.0 100.0 nent
1408.0 17823.0 120.0 96.0 of
1576.0 17823.0 188.0 104.0 the
1812.0 17819.0 192.0 104.0 bill
2056.0 17823.0 420.0 100.0 wasted
2528.0 17823.0 272.0 96.0 time
2848.0 17819.0 120.0 104.0 In
3016.0 17819.0 268.0 100.0 cash
3336.0 17819.0 328.0 100.0 value
3708.0 17827.0 112.0 92.0 to

1004.0 17936.0 420.0 116.0 exceed
1468.0 17936.0 196.0 104.0 the
1704.0 17940.0 332.0 104.0 value
2072.0 17940.0 132.0 96.0 of
2280.0 17944.0 196.0 96.0 the
2516.0 17936.0 220.0 104.0 lots
2744.0 18011.0 24.0 44.0 ,
2820.0 17940.0 196.0 104.0 the
3056.0 17931.0 200.0 108.0 bill
3296.0 17960.0 240.0 80.0 was
3576.0 17960.0 248.0 80.0 icc-

1008.0 18055.0 672.0 108.0 omincnded
1728.0 18063.0 116.0 92.0 to
1892.0 18079.0 288.0 112.0 pass.

1132.0 18171.0 416.0 104.0 Senate
1636.0 18171.0 180.0 100.0 fdu
1896.0 18159.0 28.0 60.0 '
1900.0 18231.0 52.0 36.0 .
1928.0 18176.0 28.0 52.0 '
1972.0 18176.0 104.0 96.0 14
2076.0 18247.0 28.0 40.0 ,
2180.0 18171.0 176.0 100.0 for
2400.0 18167.0 192.0 104.0 the
2636.0 18167.0 576.0 108.0 valuation
3268.0 18163.0 224.0 108.0 and
3580.0 18167.0 236.0 104.0 sale

1012.0 18288.0 124.0 100.0 ot
1240.0 18296.0 288.0 96.0 state
1632.0 18284.0 332.0 108.0 lands
2068.0 18311.0 144.0 76.0 on
2304.0 18288.0 368.0 104.0 which
2740.0 18315.0 228.0 88.0 any
3016.0 18288.0 484.0 104.0 railroad
3564.0 18311.0 260.0 96.0 may

1016.0 18407.0 288.0 100.0 have
1348.0 18403.0 432.0 104.0 located
1836.0 18403.0 140.0 104.0 its
2024.0 18403.0 496.0 120.0 grounds
2528.0 18475.0 28.0 48.0 ,
2612.0 18432.0 228.0 76.0 was
2884.0 18411.0 344.0 96.0 taken
3276.0 18428.0 152.0 112.0 up
3436.0 18475.0 24.0 40.0 ,

1140.0 18520.0 208.0 100.0 Mr.
1400.0 18516.0 344.0 124.0 Colby
1792.0 18524.0 248.0 96.0 said
2124.0 18520.0 140.0 100.0 he
2308.0 18543.0 232.0 80.0 was
2580.0 18524.0 496.0 120.0 opposed
3152.0 18524.0 120.0 96.0 to
3316.0 18508.0 192.0 112.0 the
3580.0 18516.0 196.0 104.0 bill
3792.0 18592.0 28.0 44.0 ,

1020.0 18631.0 204.0 104.0 but
1304.0 18627.0 216.0 108.0 had
1624.0 18635.0 604.0 100.0 examined
2316.0 18635.0 232.0 104.0 and
2636.0 18643.0 364.0 96.0 round
3088.0 18631.0 140.0 100.0 ho
3276.0 18659.0 232.0 76.0 was
3572.0 18635.0 216.0 100.0 mis

1024.0 18748.0 380.0 104.0 taken.
1552.0 18748.0 224.0 100.0 The
1844.0 18752.0 476.0 100.0 statutes
2368.0 18752.0 540.0 120.0 provided
2996.0 18748.0 248.0 104.0 that
3284.0 18748.0 540.0 104.0 railroads

1024.0 18887.0 192.0 76.0 nro
1256.0 18864.0 640.0 104.0 authorised
1988.0 18879.0 116.0 84.0 to
2152.0 18887.0 256.0 96.0 pass
2448.0 18887.0 268.0 80.0 over
2756.0 18860.0 228.0 104.0 and
3048.0 18887.0 428.0 96.0 occupy
3540.0 18867.0 284.0 96.0 state

1028.0 18979.0 336.0 100.0 lands
1372.0 19051.0 24.0 48.0 ,
1468.0 18975.0 228.0 104.0 and
1780.0 18979.0 440.0 100.0 further
2224.0 19051.0 28.0 44.0 ,
2300.0 18979.0 248.0 100.0 that
2592.0 18979.0 292.0 100.0 after
2932.0 18975.0 264.0 120.0 they
3244.0 18979.0 280.0 100.0 have
3576.0 18979.0 248.0 100.0 tiled

1028.0 19096.0 336.0 128.0 plans
1448.0 19096.0 272.0 100.0 with
1824.0 19096.0 192.0 100.0 the
2096.0 19100.0 556.0 116.0 secretary
2720.0 19096.0 120.0 100.0 of
2924.0 19100.0 292.0 96.0 state
3280.0 19096.0 264.0 120.0 they
3608.0 19119.0 216.0 76.0 can

1028.0 19211.0 384.0 100.0 obtain
1464.0 19236.0 64.0 76.0 a
1572.0 19207.0 284.0 108.0 deed
1924.0 19211.0 292.0 100.0 from
2320.0 19215.0 188.0 96.0 the
2608.0 19232.0 568.0 100.0 governor
3280.0 19211.0 176.0 100.0 for
3520.0 19211.0 304.0 100.0 these

1032.0 19316.0 340.0 116.0 lands
1468.0 19348.0 308.0 100.0 upon
1884.0 19324.0 424.0 124.0 paying
2392.0 19324.0 192.0 104.0 the
2628.0 19324.0 328.0 104.0 value
2996.0 19328.0 124.0 100.0 of
3160.0 19328.0 244.0 100.0 said
3472.0 19324.0 352.0 104.0 lands.

1040.0 19439.0 228.0 108.0 lint
1312.0 19443.0 312.0 104.0 there
1672.0 19443.0 92.0 100.0 Is
1844.0 19463.0 152.0 76.0 no
2084.0 19439.0 644.0 124.0 provisions
2836.0 19443.0 116.0 100.0 In
3064.0 19439.0 192.0 104.0 the
3360.0 19443.0 416.0 100.0 statute
3788.0 19467.0 36.0 72.0 *

1036.0 19543.0 608.0 140.0 providing
1688.0 19560.0 252.0 100.0 how
1988.0 19556.0 224.0 104.0 this
2304.0 19556.0 212.0 104.0 full
2564.0 19560.0 324.0 104.0 value
2932.0 19556.0 292.0 104.0 shall
3300.0 19556.0 132.0 104.0 be
3496.0 19564.0 328.0 96.0 deter

1036.0 19675.0 428.0 104.0 mined.
1588.0 19664.0 564.0 128.0 Damages
2196.0 19675.0 536.0 112.0 accruing
2768.0 19687.0 112.0 88.0 to
2908.0 19699.0 468.0 112.0 persons
3424.0 19675.0 400.0 116.0 bavins

1040.0 19791.0 876.0 124.0 improvements
2004.0 19795.0 116.0 96.0 In
2168.0 19791.0 252.0 104.0 said
2464.0 19779.0 332.0 116.0 l.iuds
2840.0 19791.0 288.0 100.0 shall
3196.0 19795.0 132.0 100.0 be
3372.0 19791.0 260.0 120.0 paid
3704.0 19791.0 120.0 100.0 bv

1044.0 19908.0 188.0 104.0 the
1280.0 19908.0 476.0 104.0 railroad
1800.0 19927.0 588.0 100.0 company.
2516.0 19908.0 244.0 100.0 The
2808.0 19908.0 184.0 104.0 old
3060.0 19908.0 216.0 104.0 law
3324.0 19912.0 500.0 112.0 provides

1040.0 20023.0 264.0 104.0 how
1348.0 20027.0 528.0 116.0 damages
1956.0 20023.0 288.0 104.0 shall
2332.0 20027.0 132.0 100.0 bo
2544.0 20023.0 440.0 104.0 arrived
3064.0 20027.0 148.0 100.0 at
3336.0 20023.0 248.0 100.0 The
3648.0 20023.0 176.0 100.0 bill

1036.0 20140.0 416.0 128.0 simply
1552.0 20140.0 528.0 124.0 provides
2184.0 20144.0 184.0 96.0 for
2468.0 20144.0 840.0 124.0 appraisement
3308.0 20216.0 32.0 52.0 ,
3408.0 20140.0 232.0 104.0 and
3708.0 20140.0 116.0 100.0 be

1044.0 20283.0 236.0 84.0 was
1324.0 20283.0 260.0 80.0 now
1636.0 20263.0 116.0 96.0 In
1804.0 20259.0 324.0 100.0 favor
2208.0 20259.0 128.0 100.0 of
2376.0 20251.0 120.0 108.0 It.

1168.0 20376.0 200.0 104.0 Mr.
1480.0 20372.0 512.0 128.0 Keckley
2112.0 20376.0 368.0 100.0 stated
2548.0 20372.0 192.0 108.0 the
2804.0 20372.0 196.0 108.0 bill
3104.0 20372.0 408.0 108.0 looked
3620.0 20396.0 192.0 80.0 BUS

1036.0 20491.0 432.0 128.0 plclous
1476.0 20567.0 24.0 40.0 ,
1552.0 20519.0 124.0 76.0 as
1788.0 20495.0 88.0 100.0 It
1980.0 20487.0 528.0 108.0 included
2612.0 20491.0 328.0 104.0 other
3036.0 20487.0 772.0 128.0 corporations
3816.0 20567.0 8.0 36.0 ,

1040.0 20616.0 224.0 100.0 and
1316.0 20612.0 188.0 104.0 the
1548.0 20612.0 284.0 100.0 term
1884.0 20607.0 260.0 104.0 "for
2188.0 20607.0 320.0 104.0 other
2568.0 20607.0 616.0 124.0 purposes"
3296.0 20607.0 528.0 120.0 meaning

1036.0 20727.0 324.0 104.0 other
1404.0 20727.0 272.0 100.0 than
1728.0 20731.0 188.0 96.0 thn
1964.0 20747.0 532.0 112.0 purposes
2544.0 20727.0 124.0 100.0 of
2700.0 20755.0 64.0 72.0 a
2808.0 20724.0 532.0 108.0 railroad.

1160.0 20839.0 204.0 108.0 Mr.
1428.0 20843.0 492.0 100.0 Kobblns
2004.0 20843.0 220.0 100.0 had
2328.0 20843.0 608.0 104.0 examined
3044.0 20847.0 188.0 100.0 the
3316.0 20835.0 196.0 108.0 bill
3620.0 20835.0 204.0 108.0 and

1044.0 20952.0 400.0 104.0 looked
1496.0 20983.0 292.0 100.0 upon
1844.0 20960.0 88.0 100.0 It
1972.0 20960.0 268.0 100.0 with
2292.0 20960.0 672.0 120.0 misgivings
2964.0 21028.0 28.0 36.0 ,
3128.0 20960.0 180.0 100.0 lie
3348.0 20956.0 476.0 104.0 doubted

1048.0 21075.0 188.0 100.0 the
1280.0 21071.0 296.0 120.0 right
1616.0 21079.0 120.0 92.0 of
1784.0 21071.0 184.0 104.0 the
2008.0 21079.0 292.0 96.0 state
2344.0 21091.0 116.0 88.0 to
2504.0 21075.0 248.0 104.0 deal
2808.0 21075.0 272.0 108.0 with
3116.0 21075.0 364.0 104.0 saline
3512.0 21075.0 272.0 104.0 laud
3796.0 21112.0 28.0 64.0 :

1052.0 21192.0 120.0 100.0 In
1228.0 21184.0 240.0 104.0 that
1516.0 21211.0 280.0 100.0 way.

1180.0 21303.0 200.0 104.0 Mr.
1440.0 21303.0 600.0 104.0 MoNamur
2084.0 21299.0 456.0 108.0 showed
2648.0 21307.0 188.0 104.0 the
2884.0 21303.0 196.0 108.0 bill
3128.0 21315.0 116.0 92.0 to
3288.0 21307.0 136.0 100.0 bo
3472.0 21303.0 212.0 108.0 full
3728.0 21307.0 96.0 100.0 ol

1052.0 21419.0 940.0 108.0 inconsistencies
2040.0 21419.0 228.0 104.0 and
2356.0 21428.0 244.0 96.0 that
2680.0 21432.0 88.0 92.0 It
2876.0 21424.0 376.0 104.0 would
3352.0 21424.0 472.0 116.0 infrlngi

1052.0 21555.0 304.0 104.0 upon
1404.0 21551.0 564.0 88.0 contracts
2016.0 21535.0 456.0 124.0 already
2520.0 21539.0 352.0 100.0 made.
3008.0 21539.0 176.0 100.0 He
3232.0 21539.0 372.0 100.0 would
3692.0 21539.0 128.0 100.0 of

1060.0 21651.0 176.0 104.0 fur
1416.0 21651.0 788.0 104.0 amendments
2368.0 21651.0 232.0 104.0 and
2820.0 21655.0 404.0 104.0 moved
3328.0 21659.0 244.0 96.0 that
3672.0 21655.0 152.0 100.0 tin

1056.0 21772.0 640.0 104.0 committee
1740.0 21772.0 148.0 100.0 sit
1936.0 21768.0 332.0 116.0 again
2340.0 21791.0 304.0 88.0 upon
2700.0 21768.0 184.0 104.0 the
2928.0 21772.0 232.0 100.0 bill.

1176.0 21887.0 208.0 104.0 Mr.
1440.0 21883.0 504.0 116.0 Sterling
1988.0 21883.0 396.0 100.0 moved
2432.0 21883.0 244.0 100.0 that
2724.0 21883.0 184.0 104.0 the
2956.0 21887.0 196.0 100.0 bill
3240.0 21887.0 132.0 100.0 bo
3468.0 21883.0 344.0 104.0 Indeft

1056.0 22000.0 360.0 144.0 ultcly
1484.0 22000.0 660.0 120.0 postponed.
2280.0 21996.0 172.0 104.0 Da
2512.0 22000.0 476.0 112.0 thought
3092.0 22004.0 476.0 100.0 another
3664.0 22004.0 148.0 100.0 bll

1064.0 22123.0 400.0 100.0 should
1512.0 22123.0 136.0 100.0 be
1720.0 22115.0 660.0 104.0 introduced
2464.0 22115.0 416.0 124.0 simply
2984.0 22119.0 604.0 124.0 providing
3688.0 22119.0 140.0 100.0 foi

1064.0 22240.0 880.0 112.0 appraisement.

1184.0 22355.0 208.0 104.0 Mr.
1508.0 22347.0 696.0 128.0 Melklejohn
2316.0 22347.0 608.0 108.0 concurred
2936.0 22420.0 24.0 52.0 ,
3128.0 22347.0 204.0 108.0 but
3496.0 22343.0 332.0 112.0 wouU

1064.0 22475.0 376.0 104.0 rather
1480.0 22471.0 284.0 104.0 have
1808.0 22467.0 188.0 104.0 the
2040.0 22471.0 644.0 104.0 committee
2732.0 22467.0 144.0 104.0 sit
2924.0 22467.0 340.0 124.0 again
3312.0 22492.0 304.0 104.0 upon
3668.0 22467.0 160.0 100.0 tin

1068.0 22587.0 228.0 104.0 bill.

1068.0 22587.0 296.0 224.0 bill.Mr.
1364.0 22779.0 28.0 36.0 .
1448.0 22703.0 620.0 108.0 Sclnnlnke
2108.0 22703.0 600.0 116.0 suggested
2756.0 22703.0 248.0 104.0 that
3048.0 22703.0 188.0 100.0 the
3280.0 22695.0 196.0 112.0 bill
3528.0 22699.0 132.0 108.0 bo
3704.0 22728.0 124.0 80.0 re-

1060.0 22828.0 656.0 104.0 committed
1764.0 22831.0 116.0 96.0 to
1944.0 22828.0 188.0 100.0 the
2176.0 22824.0 556.0 124.0 judiciary
2772.0 22820.0 692.0 104.0 committee.

1184.0 22943.0 204.0 104.0 Mr.
1444.0 22939.0 312.0 108.0 Snell
1804.0 22943.0 252.0 100.0 said
2100.0 22935.0 204.0 108.0 kill
2356.0 22939.0 188.0 104.0 the
2588.0 22935.0 196.0 104.0 bill
2828.0 22964.0 128.0 76.0 or
3000.0 22935.0 148.0 104.0 fix
3236.0 22935.0 88.0 104.0 it
3408.0 22959.0 156.0 116.0 up
3648.0 22955.0 180.0 80.0 am

1064.0 23083.0 260.0 108.0 pass
1372.0 23056.0 116.0 112.0 It.
1616.0 23060.0 364.0 108.0 There
2028.0 23079.0 232.0 80.0 was
2312.0 23079.0 148.0 80.0 no
2500.0 23056.0 448.0 100.0 scheme
2992.0 23052.0 112.0 104.0 In
3184.0 23052.0 116.0 104.0 It.
3436.0 23043.0 108.0 112.0 11
3648.0 23075.0 168.0 80.0 vvn

1072.0 23183.0 200.0 96.0 not
1316.0 23203.0 64.0 76.0 a
1484.0 23175.0 484.0 108.0 railroad
2080.0 23171.0 228.0 104.0 bill.
2496.0 23171.0 248.0 104.0 The
2852.0 23175.0 520.0 112.0 attorney
3416.0 23187.0 412.0 96.0 genera

1072.0 23279.0 224.0 116.0 and
1344.0 23315.0 552.0 92.0 govcinor
1940.0 23288.0 460.0 108.0 favored
2456.0 23288.0 116.0 104.0 It.
2704.0 23288.0 180.0 100.0 He
2924.0 23288.0 480.0 112.0 thought
3448.0 23288.0 192.0 96.0 the
3688.0 23283.0 140.0 100.0 bll

1068.0 23407.0 544.0 124.0 perfectly
1656.0 23411.0 476.0 120.0 straight
2140.0 23479.0 28.0 48.0 ,
2224.0 23407.0 196.0 104.0 but
2468.0 23407.0 96.0 104.0 if
2608.0 23411.0 204.0 100.0 not
2856.0 23403.0 144.0 108.0 he
3048.0 23395.0 364.0 116.0 would
3468.0 23403.0 252.0 108.0 vote
3768.0 23407.0 60.0 96.0 t

1080.0 23527.0 324.0 96.0 make
1452.0 23532.0 84.0 96.0 it
1580.0 23556.0 160.0 76.0 so.

1200.0 23632.0 208.0 108.0 Mr.
1500.0 23639.0 616.0 104.0 Schmlnke
2200.0 23639.0 244.0 108.0 said
2532.0 23639.0 192.0 104.0 the
2808.0 23636.0 536.0 108.0 Missouri
3456.0 23632.0 372.0 108.0 Paclfti

1080.0 23751.0 464.0 120.0 railway
1652.0 23780.0 236.0 76.0 was
1992.0 23759.0 608.0 100.0 Interested
2696.0 23759.0 112.0 100.0 In
2912.0 23755.0 192.0 104.0 the
3212.0 23751.0 232.0 108.0 hill.
3576.0 23751.0 248.0 104.0 Tha

1084.0 23864.0 268.0 104.0 road
1400.0 23868.0 216.0 104.0 had
1660.0 23868.0 300.0 104.0 dealt
2008.0 23876.0 336.0 116.0 fairly
2392.0 23876.0 268.0 100.0 with
2708.0 23883.0 192.0 92.0 the
2944.0 23876.0 296.0 104.0 state
3304.0 23868.0 232.0 108.0 and
3632.0 23895.0 196.0 96.0 par

1084.0 23983.0 520.0 116.0 tlcularly
1672.0 23983.0 272.0 104.0 with
2032.0 23987.0 584.0 104.0 Nebraska
2700.0 23991.0 256.0 124.0 City
2960.0 24059.0 32.0 40.0 ,
3132.0 23991.0 172.0 104.0 lie
3400.0 23991.0 428.0 100.0 favoiei

1088.0 24095.0 188.0 104.0 the
1328.0 24100.0 640.0 100.0 Immediate
2012.0 24123.0 468.0 92.0 passage
2524.0 24104.0 120.0 100.0 of
2692.0 24108.0 188.0 100.0 the
2932.0 24104.0 232.0 108.0 bill.

1216.0 24211.0 200.0 104.0 Mr.
1476.0 24211.0 500.0 104.0 llobblns
2016.0 24211.0 512.0 120.0 objected
2576.0 24219.0 224.0 100.0 and
2868.0 24219.0 480.0 124.0 thought
3440.0 24219.0 184.0 108.0 the
3672.0 24215.0 152.0 112.0 bll

1092.0 24323.0 376.0 108.0 would
1512.0 24327.0 336.0 104.0 stand
1900.0 24331.0 432.0 100.0 further
2380.0 24331.0 708.0 108.0 ventilation.

1216.0 24444.0 204.0 104.0 Mr.
1476.0 24444.0 416.0 124.0 Casper
1932.0 24447.0 688.0 104.0 UlulerMood
2668.0 24447.0 192.0 104.0 the
2904.0 24451.0 524.0 104.0 Missouri
3480.0 24451.0 344.0 104.0 Pnelf

1096.0 24583.0 236.0 80.0 was
1376.0 24555.0 468.0 108.0 blocked
1892.0 24559.0 140.0 120.0 by
2084.0 24588.0 136.0 76.0 an
2300.0 24559.0 648.0 124.0 Injunction
3004.0 24567.0 360.0 100.0 which
3416.0 24567.0 224.0 104.0 this
3688.0 24567.0 140.0 104.0 bll

1096.0 24676.0 376.0 104.0 would
1516.0 24676.0 520.0 104.0 dissolve.
2172.0 24676.0 176.0 104.0 He
2392.0 24703.0 232.0 80.0 saw
2660.0 24676.0 480.0 128.0 nothing
3180.0 24684.0 592.0 120.0 particular
3784.0 24684.0 28.0 108.0 !

1096.0 24791.0 824.0 108.0 objectionable
1968.0 24791.0 116.0 100.0 In
2136.0 24799.0 188.0 96.0 the
2372.0 24795.0 232.0 104.0 bill.

1208.0 24907.0 248.0 108.0 The
1500.0 24907.0 200.0 104.0 bill
1744.0 24932.0 124.0 80.0 us
1864.0 25008.0 24.0 32.0 ,
1912.0 24912.0 560.0 104.0 amended
2540.0 24935.0 232.0 84.0 was
2836.0 24912.0 868.0 104.0 recommended
3772.0 24912.0 40.0 108.0 t

1228.0 25139.0 384.0 104.0 House
1664.0 25135.0 204.0 108.0 roll
1912.0 25139.0 64.0 96.0 2
1976.0 25215.0 28.0 36.0 ,
2056.0 25139.0 600.0 120.0 providing
2716.0 25168.0 68.0 80.0 a
2828.0 25139.0 340.0 108.0 board
3252.0 25139.0 120.0 104.0 of
3420.0 25139.0 404.0 108.0 raUroa

1104.0 25256.0 920.0 108.0 commissioners
2032.0 25328.0 24.0 48.0 ,
2128.0 25283.0 224.0 76.0 WAS
2420.0 25259.0 308.0 104.0 read.

1228.0 25371.0 204.0 104.0 Mr.
1492.0 25367.0 496.0 124.0 Keckley
2036.0 25371.0 396.0 108.0 moved
2480.0 25375.0 248.0 104.0 that
2776.0 25375.0 188.0 104.0 the
3028.0 25371.0 200.0 108.0 bill
3276.0 25371.0 136.0 104.0 be
3496.0 25400.0 328.0 80.0 rccou

1104.0 25488.0 488.0 104.0 mended
1640.0 25492.0 116.0 96.0 to
1804.0 25511.0 292.0 92.0 pass.

1224.0 25603.0 208.0 104.0 Mr.
1488.0 25603.0 412.0 104.0 lirown
1952.0 25599.0 404.0 108.0 moved
2424.0 25603.0 244.0 108.0 that
2712.0 25603.0 188.0 108.0 the
2944.0 25603.0 580.0 108.0 commute
3568.0 25603.0 228.0 112.0 arls
3804.0 25631.0 24.0 76.0 <

1104.0 25719.0 496.0 108.0 Carried.

1228.0 25843.0 336.0 96.0 After
1604.0 25831.0 624.0 112.0 amending
2268.0 25827.0 192.0 112.0 the
2540.0 25835.0 200.0 104.0 bill
2784.0 25835.0 660.0 108.0 dedicating
3532.0 25835.0 216.0 108.0 lots
3800.0 25839.0 28.0 100.0 I

1104.0 25951.0 200.0 108.0 the
1380.0 25955.0 492.0 104.0 Cierman
1956.0 25951.0 528.0 104.0 Catholic
2556.0 25951.0 456.0 112.0 churcli.
3076.0 25951.0 592.0 124.0 requiring
3724.0 25955.0 108.0 100.0 tli

1104.0 26067.0 416.0 108.0 rhurch
1608.0 26075.0 120.0 96.0 to
1828.0 26087.0 220.0 120.0 pay
2156.0 26067.0 220.0 104.0 S'iV
2376.0 26071.0 36.0 92.0 )
2512.0 26071.0 268.0 100.0 each
2792.0 26140.0 24.0 44.0 ,
2892.0 26075.0 192.0 96.0 the
3188.0 26083.0 376.0 112.0 report
3684.0 26095.0 148.0 84.0 vva

1104.0 26179.0 484.0 132.0 adopted
1632.0 26207.0 232.0 80.0 aim
1928.0 26175.0 192.0 112.0 the
2160.0 26187.0 396.0 100.0 senate
2600.0 26183.0 660.0 124.0 adjourned.

2312.0 26427.0 132.0 96.0 lii
2500.0 26427.0 228.0 96.0 the
2784.0 26423.0 480.0 104.0 Ilouoc.

1224.0 26571.0 604.0 112.0 LINCOLN.
1892.0 26563.0 284.0 112.0 Neb.
2188.0 26635.0 28.0 48.0 ,
2288.0 26559.0 380.0 108.0 March
2748.0 26563.0 108.0 104.0 0.
3008.0 26571.0 24.0 116.0 |
3056.0 26559.0 444.0 128.0 Speclal
3588.0 26563.0 160.0 104.0 Tc
3764.0 26567.0 24.0 100.0 !
3804.0 26587.0 28.0 76.0 (

1100.0 26743.0 316.0 100.0 gram
1524.0 26715.0 116.0 104.0 to
1744.0 26712.0 192.0 108.0 the
2080.0 26712.0 300.0 100.0 UKE.
2408.0 26708.0 28.0 120.0 |
2576.0 26704.0 176.0 104.0 On
2880.0 26704.0 428.0 104.0 motion
3464.0 26704.0 124.0 104.0 of
3712.0 26704.0 116.0 104.0 M

1104.0 26860.0 412.0 112.0 Nlchol
1624.0 26855.0 124.0 108.0 of
1872.0 26847.0 576.0 124.0 Antelope
2560.0 26843.0 188.0 108.0 the
2856.0 26843.0 344.0 108.0 house
3272.0 26847.0 300.0 104.0 went
3684.0 26847.0 112.0 104.0 In
3812.0 26851.0 20.0 92.0 !

1104.0 27003.0 640.0 108.0 committee
1864.0 26999.0 132.0 104.0 of
2120.0 26995.0 192.0 108.0 the
2420.0 26991.0 380.0 108.0 wnolo
2920.0 27011.0 148.0 80.0 on
3176.0 26987.0 192.0 104.0 the
3472.0 27011.0 344.0 96.0 goner
3824.0 27024.0 8.0 64.0 ;

1184.0 27143.0 764.0 132.0 ppioprlatlon
2124.0 27139.0 256.0 108.0 bills
2388.0 27211.0 32.0 48.0 ,
2564.0 27139.0 60.0 96.0 4
2632.0 27139.0 44.0 96.0 <
2688.0 27135.0 64.0 96.0 0
2900.0 27127.0 236.0 108.0 and
3292.0 27131.0 180.0 96.0 455
3472.0 27203.0 32.0 52.0 ,
3656.0 27127.0 176.0 108.0 wit

1108.0 27283.0 208.0 112.0 Mr.
1480.0 27291.0 396.0 108.0 NonU
2040.0 27287.0 128.0 104.0 of
2344.0 27283.0 496.0 104.0 Pawnee
2968.0 27276.0 124.0 104.0 In
3224.0 27268.0 196.0 108.0 the
3584.0 27268.0 248.0 108.0 chnl

1108.0 27428.0 248.0 104.0 The
1456.0 27428.0 200.0 112.0 bill
1800.0 27428.0 852.0 132.0 appropriating
2764.0 27415.0 472.0 116.0 salaries
3360.0 27411.0 188.0 108.0 for
3648.0 27415.0 172.0 100.0 sta

1112.0 27571.0 428.0 108.0 officers
1544.0 27647.0 28.0 52.0 ,
1716.0 27571.0 1012.0 132.0 superintendents
2868.0 27563.0 128.0 108.0 of
3116.0 27555.0 384.0 124.0 publlo
3624.0 27551.0 208.0 108.0 Ihsl

1112.0 27711.0 432.0 112.0 tutlons
1584.0 27715.0 228.0 108.0 and
1852.0 27715.0 576.0 128.0 employes
2472.0 27735.0 232.0 84.0 was
2732.0 27703.0 708.0 116.0 considered.
3536.0 27699.0 296.0 104.0 Tvvei

1116.0 27859.0 424.0 128.0 ty-fonr
1576.0 27844.0 512.0 120.0 hundred
2172.0 27859.0 232.0 104.0 and
2488.0 27855.0 316.0 104.0 three
2876.0 27847.0 580.0 112.0 thousand
3520.0 27840.0 312.0 108.0 della

2596.0 27971.0 20.0 24.0 '

1508.0 27996.0 496.0 120.0 iUlckeu
2108.0 28000.0 200.0 112.0 out
2392.0 28019.0 140.0 92.0 AS
2596.0 27971.0 512.0 140.0 'ularlea
3208.0 27991.0 48.0 104.0 (
3268.0 28011.0 128.0 88.0 or
3440.0 28091.0 20.0 24.0 ,
3508.0 27987.0 324.0 120.0 dfpui

3856.0 2616.0 948.0 120.0 superintendent
4932.0 2632.0 124.0 104.0 of
5192.0 2632.0 604.0 108.0 education
5912.0 2636.0 232.0 100.0 and
6252.0 2628.0 424.0 128.0 deputy

3856.0 2740.0 1020.0 116.0 attornoyv-eneral
5016.0 2756.0 732.0 120.0 respectively
5752.0 2820.0 28.0 56.0 ,
5908.0 2756.0 312.0 100.0 there
6336.0 2748.0 348.0 124.0 being

3864.0 2872.0 148.0 80.0 no
4056.0 2856.0 272.0 100.0 such
4376.0 2860.0 484.0 108.0 olllcers.

3976.0 2964.0 248.0 108.0 The
4280.0 2968.0 676.0 112.0 allowances
5028.0 3008.0 184.0 80.0 nro
5260.0 3012.0 124.0 76.0 as
5432.0 2984.0 440.0 112.0 follows
5900.0 3004.0 28.0 84.0 :
6064.0 2980.0 584.0 108.0 Governor
6652.0 3052.0 28.0 48.0 ,

3864.0 3084.0 224.0 96.0 two
4176.0 3108.0 48.0 96.0 j
4256.0 3112.0 244.0 76.0 eats
4508.0 3164.0 24.0 48.0 ,
4584.0 3096.0 36.0 100.0 !
4620.0 3128.0 32.0 72.0 >
4664.0 3100.0 32.0 84.0 :
4696.0 3100.0 244.0 108.0 i,000
4964.0 3120.0 28.0 88.0 :
5108.0 3104.0 436.0 112.0 private
5632.0 3108.0 564.0 116.0 secretary
6204.0 3172.0 24.0 48.0 ,
6284.0 3104.0 352.0 104.0 S3.40U
6660.0 3120.0 28.0 100.0 ;

3864.0 3204.0 532.0 112.0 adjutant
4480.0 3216.0 840.0 108.0 general00
5140.0 3232.0 20.0 80.0 (
5340.0 3240.0 32.0 100.0 ;
5480.0 3228.0 560.0 108.0 secretary
6128.0 3224.0 120.0 96.0 of
6360.0 3224.0 292.0 92.0 state

3868.0 3316.0 348.0 152.0 HyOO
4240.0 3336.0 28.0 104.0 ;
4344.0 3320.0 748.0 148.0 bookkeeper
5096.0 3404.0 28.0 44.0 ,
5196.0 3336.0 356.0 108.0 SMOJ
5576.0 3356.0 28.0 100.0 ;
5676.0 3336.0 512.0 104.0 recorder
6192.0 3404.0 28.0 52.0 ,
6280.0 3336.0 88.0 104.0 S'
6520.0 3340.0 172.0 112.0 OOj

3868.0 3432.0 448.0 104.0 auditor
4400.0 3444.0 124.0 96.0 of
4628.0 3420.0 380.0 148.0 public
5088.0 3460.0 536.0 96.0 accounts
5632.0 3524.0 28.0 44.0 ,
5756.0 3452.0 352.0 120.0 SS.OUO
6132.0 3472.0 28.0 84.0 :
6232.0 3452.0 424.0 132.0 deputy
6660.0 3516.0 28.0 48.0 ,

3872.0 3552.0 352.0 112.0 S-1,400
4248.0 3576.0 28.0 96.0 ;
4352.0 3552.0 284.0 108.0 book
4692.0 3560.0 428.0 112.0 keener.
5176.0 3572.0 356.0 116.0 S'-.MW
5552.0 3592.0 32.0 92.0 ;
5704.0 3564.0 604.0 108.0 Insurance
6352.0 3544.0 304.0 124.0 clerk
6668.0 3632.0 24.0 48.0 ,

3876.0 3668.0 352.0 112.0 fc2,400
4256.0 3692.0 24.0 96.0 ;
4352.0 3672.0 300.0 108.0 bond
4692.0 3680.0 300.0 104.0 clerk
5004.0 3752.0 28.0 52.0 ,
5076.0 3688.0 132.0 100.0 82
5216.0 3756.0 20.0 48.0 ,
5252.0 3692.0 172.0 92.0 400
5452.0 3704.0 28.0 100.0 ;
5548.0 3680.0 304.0 104.0 clerk
5864.0 3756.0 24.0 48.0 ,
5932.0 3688.0 356.0 112.0 SJ.OOu
6312.0 3704.0 28.0 96.0 ;
6408.0 3688.0 292.0 96.0 state

3876.0 3788.0 556.0 104.0 treasurer
4436.0 3864.0 28.0 48.0 ,
4504.0 3796.0 356.0 116.0 55,000
4884.0 3820.0 28.0 100.0 ;
4980.0 3808.0 428.0 116.0 deputy
5412.0 3872.0 28.0 52.0 ,
5476.0 3804.0 132.0 104.0 S3
5616.0 3876.0 20.0 40.0 ,
5652.0 3808.0 176.0 92.0 400
5852.0 3820.0 28.0 100.0 ;
5936.0 3796.0 728.0 112.0 bookkeeivr
6668.0 3864.0 28.0 48.0 ,

3872.0 3900.0 352.0 108.0 $2y)0
4248.0 3924.0 28.0 88.0 :
4368.0 3912.0 948.0 120.0 superintendent
5380.0 3920.0 120.0 100.0 of
5584.0 3916.0 592.0 104.0 education
6196.0 3984.0 24.0 52.0 ,
6292.0 3916.0 356.0 116.0 54,000
6672.0 3936.0 28.0 96.0 ;

3880.0 4024.0 520.0 120.0 attorney
4432.0 4032.0 452.0 100.0 ireneral
4896.0 4104.0 24.0 44.0 ,
4960.0 4036.0 356.0 120.0 84,000
5340.0 4056.0 24.0 96.0 ;
5408.0 4032.0 816.0 104.0 stenozrapher
6228.0 4100.0 24.0 44.0 ,
6292.0 4036.0 356.0 108.0 S',400
6672.0 4048.0 28.0 104.0 ;

3880.0 4144.0 860.0 104.0 commissioner
4784.0 4152.0 124.0 96.0 of
4996.0 4148.0 372.0 116.0 publlo
5416.0 4148.0 328.0 104.0 lands
5792.0 4148.0 224.0 100.0 and
6072.0 4148.0 580.0 104.0 buildings
6664.0 4216.0 24.0 48.0 ,

3960.0 4256.0 280.0 100.0 4000
4264.0 4280.0 28.0 92.0 ;
4400.0 4260.0 428.0 128.0 deputy
4828.0 4336.0 28.0 44.0 ,
4952.0 4264.0 352.0 116.0 SiUOO
5324.0 4288.0 28.0 92.0 ;
5464.0 4264.0 308.0 100.0 chief
5864.0 4264.0 304.0 104.0 clerk
6176.0 4336.0 28.0 44.0 ,
6296.0 4264.0 356.0 116.0 SVOO
6676.0 4280.0 28.0 104.0 ;

3884.0 4372.0 292.0 100.0 book
4284.0 4372.0 444.0 128.0 keeper.
4864.0 4384.0 356.0 116.0 S'A-iOO
5240.0 4404.0 32.0 88.0 :
5408.0 4380.0 260.0 100.0 four
5768.0 4380.0 364.0 100.0 elcrks
6144.0 4452.0 24.0 44.0 ,
6288.0 4380.0 360.0 116.0 SS.OOO
6672.0 4400.0 32.0 88.0 ;

3884.0 4508.0 516.0 100.0 supreme
4444.0 4504.0 312.0 92.0 coiut
4768.0 4568.0 24.0 52.0 ,
4828.0 4500.0 308.0 104.0 three
5176.0 4492.0 404.0 132.0 Judges
5592.0 4568.0 24.0 48.0 ,
5652.0 4496.0 412.0 116.0 S15.000
6088.0 4516.0 28.0 104.0 ;
6172.0 4504.0 500.0 116.0 reporter
6672.0 4564.0 28.0 40.0 ,

4004.0 4680.0 204.0 144.0 Air.
4264.0 4720.0 400.0 108.0 Smvtli
4716.0 4728.0 124.0 104.0 of
4888.0 4724.0 496.0 108.0 Douglas
5476.0 4728.0 400.0 104.0 moved
5928.0 4732.0 112.0 100.0 to
6108.0 4724.0 332.0 108.0 rrnko
6504.0 4724.0 196.0 104.0 the

3884.0 4836.0 368.0 124.0 salary
4300.0 4844.0 124.0 96.0 of
4468.0 4848.0 808.0 116.0 stenographer
5320.0 4852.0 124.0 96.0 ot
5492.0 4848.0 188.0 100.0 the
5724.0 4864.0 320.0 84.0 court
6108.0 4848.0 68.0 108.0 &
6200.0 4848.0 268.0 116.0 1,200
6516.0 4867.0 196.0 96.0 per

3888.0 4976.0 264.0 96.0 year
4240.0 4952.0 444.0 112.0 Instead
4772.0 4964.0 124.0 100.0 of
5000.0 4968.0 380.0 104.0 Sl.OOO.
5576.0 4960.0 488.0 108.0 Cairlcd.
6240.0 4960.0 432.0 120.0 Stuuog
6680.0 5004.0 36.0 32.0 *

3888.0 5072.0 408.0 120.0 laphor
4296.0 5144.0 28.0 44.0 ,
4380.0 5076.0 588.0 112.0 tnercfore.
5020.0 5080.0 380.0 112.0 SJ.t'JO.

4008.0 5191.0 772.0 120.0 btatolibraiy
4784.0 5264.0 28.0 52.0 ,
4868.0 5200.0 352.0 108.0 53,400
5244.0 5220.0 28.0 80.0 :
5340.0 5191.0 444.0 108.0 district
5848.0 5196.0 312.0 104.0 court
6172.0 5268.0 28.0 40.0 ,
6300.0 5188.0 412.0 108.0 twelve

3884.0 5296.0 408.0 128.0 judges
4300.0 5380.0 24.0 48.0 ,
4376.0 5316.0 112.0 92.0 at
4540.0 5312.0 348.0 108.0 S..ao
4896.0 5388.0 20.0 40.0 ,
5008.0 5316.0 444.0 120.0 500,000.
5592.0 5316.0 108.0 100.0 If
5772.0 5316.0 184.0 100.0 the
6048.0 5312.0 476.0 100.0 number
6588.0 5312.0 124.0 96.0 of

3892.0 5424.0 400.0 104.0 indues
4336.0 5428.0 400.0 104.0 should
4832.0 5444.0 128.0 88.0 ho
5012.0 5432.0 572.0 100.0 Increased
5600.0 5504.0 28.0 40.0 ,
5684.0 5432.0 188.0 100.0 the
5920.0 5424.0 196.0 104.0 bill
6212.0 5428.0 436.0 100.0 Increas-

3892.0 5532.0 200.0 112.0 ing
4140.0 5540.0 188.0 100.0 the
4396.0 5568.0 304.0 80.0 s.imo
4752.0 5544.0 228.0 104.0 will
5032.0 5548.0 460.0 124.0 provide
5564.0 5556.0 172.0 92.0 lor
5784.0 5548.0 188.0 100.0 the
6060.0 5544.0 464.0 100.0 salaries
6592.0 5540.0 128.0 100.0 of

3896.0 5656.0 192.0 96.0 the
4196.0 5664.0 328.0 96.0 extra
4644.0 5664.0 436.0 120.0 judges.
5292.0 5664.0 460.0 104.0 Twelve
5856.0 5664.0 320.0 104.0 court
6276.0 5672.0 404.0 104.0 stenog

3892.0 5768.0 492.0 148.0 raphers.
4436.0 5780.0 64.0 104.0 5
4536.0 5780.0 32.0 96.0 !
4572.0 5780.0 308.0 116.0 0,000.

4012.0 5876.0 208.0 116.0 Mr.
4272.0 5888.0 592.0 108.0 Slinmsof
4952.0 5892.0 432.0 108.0 llnrlan
5472.0 5892.0 412.0 108.0 moved
5924.0 5896.0 124.0 100.0 to
6084.0 5888.0 360.0 108.0 strike
6504.0 5892.0 208.0 100.0 out

3892.0 5999.0 188.0 108.0 the
4136.0 6003.0 260.0 108.0 Item
4444.0 6016.0 124.0 92.0 of
4656.0 6016.0 412.0 104.0 5'40rXJ
4976.0 6024.0 32.0 88.0 )
5112.0 6040.0 120.0 76.0 as
5320.0 6012.0 368.0 124.0 salary
5740.0 6020.0 176.0 92.0 for
5964.0 6016.0 188.0 96.0 the
6208.0 6012.0 504.0 100.0 teachers

3892.0 6124.0 112.0 96.0 ot
4060.0 6124.0 188.0 100.0 the
4300.0 6132.0 432.0 100.0 nmmal
4800.0 6132.0 472.0 100.0 schools.
5400.0 6128.0 244.0 104.0 The
5696.0 6128.0 428.0 104.0 motion
6180.0 6152.0 236.0 76.0 was
6464.0 6124.0 252.0 104.0 lost.

4016.0 6240.0 208.0 104.0 Mr.
4276.0 6243.0 376.0 104.0 Miller
4716.0 6248.0 124.0 100.0 of
4928.0 6248.0 384.0 100.0 Duller
5396.0 6248.0 396.0 100.0 moved
5884.0 6252.0 116.0 96.0 to
6048.0 6240.0 416.0 108.0 amend
6532.0 6240.0 192.0 104.0 the

3900.0 6352.0 192.0 104.0 bill
4144.0 6356.0 140.0 116.0 by
4332.0 6364.0 468.0 108.0 making
4844.0 6368.0 188.0 100.0 the
5080.0 6360.0 464.0 104.0 salaries
5592.0 6368.0 452.0 108.0 820.000.

4008.0 6472.0 280.0 104.0 This
4340.0 6480.0 572.0 120.0 piovoked
4960.0 6508.0 64.0 76.0 a
5072.0 6480.0 468.0 116.0 lentitliy
5584.0 6480.0 632.0 104.0 discussion
6236.0 6544.0 24.0 48.0 ,
6316.0 6472.0 368.0 108.0 which

3896.0 6588.0 460.0 108.0 showed
4448.0 6600.0 244.0 100.0 that
4776.0 6600.0 188.0 100.0 the
5048.0 6604.0 664.0 104.0 gtiunorteis
5760.0 6604.0 116.0 96.0 ot
5968.0 6596.0 192.0 100.0 the
6224.0 6588.0 488.0 124.0 original

3896.0 6731.0 252.0 80.0 sum
4240.0 6712.0 332.0 104.0 knew
4656.0 6712.0 484.0 124.0 nothing
5216.0 6700.0 340.0 116.0 about
5644.0 6716.0 188.0 100.0 the
5920.0 6708.0 352.0 104.0 needs
6336.0 6712.0 124.0 96.0 of
6524.0 6708.0 192.0 100.0 the

3896.0 6828.0 380.0 96.0 school
4440.0 6836.0 396.0 116.0 except
5000.0 6832.0 276.0 104.0 such
5444.0 6856.0 120.0 76.0 ns
5692.0 6832.0 264.0 112.0 they
6084.0 6824.0 220.0 104.0 had
6428.0 6824.0 280.0 100.0 been

3900.0 6940.0 232.0 100.0 told
4228.0 6944.0 144.0 120.0 by
4472.0 6971.0 308.0 76.0 some
4940.0 6948.0 320.0 100.0 other
5384.0 6968.0 400.0 104.0 person
5804.0 7016.0 20.0 52.0 ,
5844.0 6940.0 280.0 104.0 o.Mr.
6244.0 6936.0 484.0 104.0 Miller's

3896.0 7060.0 744.0 104.0 amendment
4692.0 7088.0 228.0 76.0 was
4968.0 7064.0 248.0 100.0 lost.

4020.0 7172.0 204.0 104.0 Mr.
4284.0 7176.0 400.0 100.0 Mchol
4736.0 7176.0 396.0 104.0 moved
5180.0 7184.0 116.0 92.0 to
5360.0 7176.0 416.0 100.0 amend
5844.0 7168.0 248.0 108.0 that
6176.0 7168.0 192.0 104.0 the
6464.0 7192.0 216.0 96.0 pay-

3900.0 7295.0 316.0 92.0 ment
4260.0 7295.0 108.0 92.0 ot
4428.0 7295.0 184.0 96.0 the
4664.0 7292.0 500.0 104.0 teachers
5208.0 7292.0 124.0 100.0 of
5380.0 7299.0 184.0 92.0 the
5616.0 7288.0 436.0 104.0 normal
6100.0 7288.0 384.0 104.0 school
6584.0 7288.0 132.0 96.0 bo

3904.0 7408.0 324.0 96.0 made
4276.0 7408.0 280.0 100.0 from
4612.0 7408.0 188.0 100.0 the
4848.0 7408.0 468.0 104.0 Interest
5360.0 7432.0 148.0 76.0 on
5568.0 7412.0 188.0 96.0 the
5808.0 7400.0 440.0 104.0 normil
6336.0 7400.0 384.0 104.0 school

3900.0 7520.0 288.0 100.0 fund
4236.0 7543.0 128.0 76.0 so
4408.0 7528.0 176.0 96.0 far
4628.0 7548.0 124.0 76.0 as
4840.0 7524.0 248.0 100.0 that
5196.0 7524.0 468.0 100.0 Interest
5772.0 7520.0 376.0 108.0 would
6252.0 7516.0 464.0 108.0 extend.

3900.0 7632.0 492.0 108.0 Carried.

4016.0 7748.0 248.0 108.0 The
4308.0 7748.0 460.0 108.0 silarles
4820.0 7756.0 128.0 100.0 of
4992.0 7752.0 188.0 104.0 the
5228.0 7752.0 444.0 104.0 normal
5720.0 7752.0 436.0 128.0 Janitor
6188.0 7752.0 228.0 104.0 nnd
6472.0 7756.0 28.0 100.0 (
6500.0 7752.0 232.0 100.0 Ire-

3896.0 7888.0 260.0 80.0 man
4216.0 7892.0 288.0 84.0 were
4552.0 7872.0 392.0 124.0 placed
4992.0 7884.0 116.0 92.0 nt
5156.0 7876.0 112.0 104.0 SI
5292.0 7943.0 24.0 44.0 ,
5332.0 7880.0 176.0 92.0 WO
5532.0 7896.0 28.0 96.0 ;
5608.0 7872.0 956.0 124.0 superintendent
6608.0 7872.0 128.0 96.0 of

3900.0 7984.0 188.0 100.0 the
4144.0 7984.0 400.0 104.0 insane
4592.0 7988.0 436.0 120.0 asylum
5076.0 7996.0 116.0 96.0 at
5308.0 7992.0 484.0 100.0 Lincoln
5808.0 8060.0 28.0 52.0 ,
5948.0 7992.0 124.0 96.0 S"
6056.0 8027.0 24.0 52.0 >
6088.0 7992.0 216.0 116.0 ,000
6328.0 8008.0 28.0 80.0 :
6476.0 7988.0 252.0 100.0 first

3900.0 8096.0 548.0 108.0 assistant
4492.0 8103.0 584.0 124.0 physician
5092.0 8176.0 24.0 48.0 ,
5172.0 8107.0 64.0 104.0 S
5276.0 8111.0 248.0 112.0 1,00'J
5548.0 8128.0 32.0 88.0 :
5668.0 8103.0 420.0 108.0 second
6136.0 8103.0 544.0 104.0 assistant
6692.0 8176.0 24.0 44.0 ,

3904.0 8220.0 360.0 108.0 82,400
4292.0 8244.0 24.0 84.0 ;
4368.0 8224.0 948.0 116.0 superintendent
5364.0 8224.0 124.0 100.0 of
5532.0 8228.0 192.0 96.0 the
5768.0 8224.0 440.0 120.0 asylum
6260.0 8232.0 116.0 88.0 at
6432.0 8220.0 240.0 100.0 Nor

3908.0 8336.0 276.0 108.0 folk.
4312.0 8340.0 276.0 120.0 5,000
4612.0 8360.0 28.0 92.0 ;
4692.0 8340.0 536.0 100.0 assistant
5280.0 8340.0 964.0 120.0 superintendent
6308.0 8340.0 368.0 116.0 53,000
6704.0 8360.0 28.0 92.0 ;

3908.0 8452.0 500.0 108.0 teachers
4456.0 8456.0 228.0 104.0 and
4736.0 8456.0 648.0 124.0 physicians
5472.0 8460.0 120.0 100.0 of
5700.0 8456.0 440.0 120.0 asylum
6252.0 8452.0 184.0 104.0 for
6548.0 8456.0 188.0 100.0 the

3912.0 8568.0 320.0 100.0 blind
4248.0 8644.0 24.0 44.0 ,
4324.0 8572.0 132.0 104.0 8S
4496.0 8576.0 208.0 100.0 400.

4028.0 8684.0 244.0 104.0 The
4316.0 8692.0 372.0 120.0 salary
4732.0 8692.0 124.0 100.0 of
4916.0 8684.0 952.0 124.0 superintendent
5936.0 8692.0 124.0 96.0 of
6144.0 8684.0 192.0 104.0 the
6428.0 8684.0 268.0 104.0 Insti-

3912.0 8804.0 240.0 100.0 tute
4236.0 8808.0 172.0 100.0 for
4516.0 8804.0 188.0 104.0 the
4808.0 8804.0 264.0 108.0 deal
5180.0 8804.0 228.0 104.0 nnd
5516.0 8808.0 348.0 100.0 dumb
5868.0 8880.0 28.0 48.0 ,
6008.0 8808.0 132.0 104.0 S.I
6148.0 8884.0 20.0 28.0 ,
6184.0 8808.0 556.0 100.0 000vns

3912.0 8919.0 560.0 104.0 amended
4520.0 8923.0 140.0 116.0 by
4712.0 8919.0 204.0 104.0 Mr.
4968.0 8928.0 100.0 100.0 A
5160.0 8952.0 128.0 72.0 eo
5332.0 8928.0 116.0 100.0 to
5496.0 8923.0 328.0 100.0 make
5936.0 8919.0 88.0 104.0 it
6108.0 8923.0 388.0 116.0 54,000.
6636.0 8919.0 108.0 100.0 It

3920.0 9064.0 228.0 76.0 was
4196.0 9040.0 560.0 100.0 seconded
4804.0 9044.0 140.0 116.0 by
4992.0 9040.0 204.0 104.0 Mr.
5252.0 9040.0 404.0 120.0 Smjth
5704.0 9044.0 120.0 96.0 of
5876.0 9036.0 532.0 116.0 Douglas.

4036.0 9152.0 208.0 108.0 Mr.
4300.0 9155.0 532.0 104.0 Caldwell
4884.0 9155.0 244.0 104.0 said
5180.0 9155.0 204.0 104.0 Mr.
5480.0 9152.0 540.0 124.0 Glllcsple
6024.0 9228.0 28.0 44.0 ,
6148.0 9155.0 192.0 100.0 the
6428.0 9176.0 252.0 96.0 pres-

3916.0 9276.0 204.0 96.0 ent
4160.0 9272.0 980.0 120.0 supcilntendont.
5196.0 9296.0 232.0 76.0 was
5476.0 9296.0 148.0 76.0 nn
5732.0 9276.0 388.0 116.0 expert
6124.0 9340.0 28.0 48.0 ,
6248.0 9272.0 232.0 100.0 and
6568.0 9268.0 172.0 100.0 his

3920.0 9388.0 308.0 100.0 work
4280.0 9388.0 216.0 100.0 had
4548.0 9396.0 272.0 96.0 been
4876.0 9388.0 752.0 124.0 marvelously
5712.0 9384.0 652.0 104.0 successful.
6500.0 9384.0 244.0 100.0 The

3916.0 9512.0 292.0 92.0 state
4264.0 9504.0 216.0 104.0 had
4528.0 9508.0 220.0 100.0 lost
4792.0 9536.0 64.0 72.0 a
4896.0 9508.0 652.0 120.0 competent
5592.0 9532.0 260.0 72.0 man
5928.0 9512.0 116.0 88.0 to
6132.0 9504.0 192.0 100.0 the
6416.0 9500.0 284.0 100.0 Insti-

3924.0 9628.0 236.0 92.0 tute
4208.0 9647.0 64.0 72.0 a
4324.0 9624.0 216.0 96.0 few
4588.0 9651.0 48.0 92.0 j
4668.0 9647.0 244.0 76.0 ears
4996.0 9647.0 212.0 92.0 ago
5320.0 9620.0 468.0 104.0 because
5900.0 9620.0 308.0 100.0 Iowa
6320.0 9616.0 424.0 104.0 olleiod

3924.0 9735.0 228.0 100.0 him
4204.0 9740.0 352.0 112.0 81,000
4600.0 9764.0 308.0 76.0 more
4956.0 9764.0 196.0 96.0 per
5192.0 9764.0 272.0 92.0 year
5504.0 9740.0 276.0 100.0 than
5872.0 9731.0 144.0 104.0 he
6120.0 9735.0 336.0 104.0 could
6540.0 9744.0 192.0 112.0 get

3924.0 9856.0 292.0 100.0 here.

3924.0 9856.0 304.0 216.0 here.Mr.
4224.0 10040.0 28.0 32.0 .
4312.0 9967.0 484.0 124.0 Hayden
4848.0 9967.0 248.0 104.0 said
5180.0 9967.0 252.0 104.0 that
5532.0 9967.0 192.0 104.0 the
5828.0 9963.0 644.0 108.0 committee
6600.0 9988.0 148.0 80.0 on

3928.0 10084.0 376.0 116.0 public
4348.0 10088.0 332.0 100.0 lands
4784.0 10088.0 228.0 100.0 ami
5116.0 10088.0 580.0 116.0 buildings
5760.0 10088.0 220.0 100.0 had
6068.0 10084.0 684.0 108.0 considered

3928.0 10228.0 140.0 80.0 nn
4132.0 10204.0 656.0 104.0 incDMseof
4840.0 10204.0 204.0 104.0 Mr.
5100.0 10204.0 636.0 120.0 Gillespie's
5780.0 10204.0 372.0 116.0 salary
6160.0 10272.0 28.0 48.0 ,
6244.0 10200.0 224.0 104.0 nnd
6508.0 10204.0 232.0 96.0 had

3936.0 10308.0 468.0 116.0 deckled
4440.0 10324.0 112.0 96.0 to
4604.0 10324.0 200.0 96.0 not
4852.0 10320.0 500.0 100.0 iiicroise
5400.0 10324.0 188.0 96.0 the
5636.0 10344.0 340.0 80.0 same.

4048.0 10436.0 248.0 104.0 The
4340.0 10444.0 736.0 96.0 amendment
5128.0 10432.0 616.0 128.0 prevailed.

4048.0 10552.0 28.0 44.0 '
4072.0 10552.0 52.0 100.0 1
4160.0 10556.0 132.0 96.0 he
4324.0 10560.0 464.0 96.0 salaries
4832.0 10552.0 124.0 100.0 of
5000.0 10552.0 504.0 100.0 teacheis
5512.0 10623.0 24.0 36.0 ,
5588.0 10552.0 440.0 100.0 matron
6048.0 10619.0 24.0 40.0 ,
6148.0 10543.0 600.0 116.0 phv-jlclan

3932.0 10668.0 228.0 104.0 nnd
4212.0 10691.0 400.0 76.0 nurses
4644.0 10672.0 124.0 96.0 of
4812.0 10672.0 188.0 96.0 the
5048.0 10691.0 304.0 76.0 same
5404.0 10668.0 552.0 104.0 Institute.
6012.0 10668.0 420.0 108.0 SIS.OJO
6520.0 10688.0 232.0 72.0 was

3932.0 10783.0 560.0 104.0 amended
4544.0 10787.0 136.0 136.0 by
4736.0 10783.0 196.0 104.0 Mi.
4992.0 10779.0 400.0 108.0 Smvtli
5444.0 10783.0 120.0 96.0 of
5608.0 10783.0 500.0 116.0 Douglas
6204.0 10792.0 116.0 88.0 to
6412.0 10775.0 336.0 100.0 make

3936.0 10904.0 444.0 116.0 820,000.
4508.0 10900.0 244.0 104.0 The
4836.0 10900.0 740.0 104.0 amendment
5664.0 10924.0 228.0 76.0 was
5996.0 10896.0 340.0 100.0 based
6444.0 10916.0 304.0 100.0 upon

3940.0 11023.0 184.0 96.0 the
4168.0 11019.0 612.0 100.0 statement
4824.0 11019.0 244.0 100.0 that
5112.0 11019.0 188.0 96.0 the
5344.0 11023.0 320.0 92.0 extra
5728.0 11015.0 480.0 100.0 amount
6256.0 11036.0 236.0 76.0 was
6600.0 11036.0 160.0 76.0 re-

3936.0 11136.0 388.0 120.0 qulied
4372.0 11148.0 116.0 88.0 to
4536.0 11132.0 360.0 104.0 retain
4948.0 11136.0 644.0 120.0 competent
5636.0 11132.0 508.0 100.0 teachers
6212.0 11152.0 264.0 80.0 now
6568.0 11152.0 196.0 76.0 en-

3952.0 11252.0 392.0 120.0 gazed.
4472.0 11248.0 244.0 100.0 The
4764.0 11248.0 732.0 104.0 amendment
5532.0 11244.0 624.0 124.0 prevailed.

4056.0 11368.0 244.0 100.0 The
4344.0 11368.0 464.0 100.0 salaries
4852.0 11368.0 120.0 96.0 of
5020.0 11364.0 188.0 104.0 the
5292.0 11364.0 432.0 100.0 ollicwrs
5832.0 11368.0 228.0 96.0 nnd
6164.0 11360.0 592.0 144.0 omplovcs

3948.0 11488.0 124.0 96.0 of
4120.0 11488.0 184.0 96.0 the
4352.0 11484.0 328.0 100.0 home
4732.0 11484.0 176.0 100.0 for
4956.0 11484.0 188.0 100.0 the
5192.0 11484.0 612.0 100.0 friendless
5848.0 11503.0 236.0 76.0 was
6132.0 11464.0 328.0 112.0 matin
6500.0 11476.0 60.0 104.0 S
6588.0 11480.0 184.0 92.0 10-

3944.0 11608.0 180.0 92.0 000
4148.0 11624.0 28.0 96.0 ;
4228.0 11599.0 952.0 120.0 superintendent
5224.0 11599.0 116.0 100.0 ot
5392.0 11599.0 416.0 100.0 refoim
5856.0 11595.0 420.0 104.0 .school.
6348.0 11595.0 352.0 112.0 S3/JOO
6728.0 11612.0 32.0 96.0 ;

3948.0 11720.0 548.0 100.0 assistant
4732.0 11712.0 948.0 116.0 superintendent
5692.0 11784.0 24.0 48.0 ,
5912.0 11716.0 356.0 112.0 SJ.OOO
6292.0 11732.0 28.0 88.0 ;
6492.0 11712.0 232.0 96.0 mat-

3948.0 11860.0 204.0 76.0 ron
4168.0 11907.0 24.0 48.0 ,
4476.0 11831.0 352.0 108.0 $1.200
4852.0 11856.0 28.0 92.0 ;
5108.0 11827.0 712.0 120.0 bookkeeper
5820.0 11900.0 28.0 48.0 ,
6060.0 11824.0 308.0 104.0 clerk
6540.0 11848.0 228.0 80.0 nna

3956.0 11948.0 532.0 104.0 libinrlan
4508.0 12024.0 24.0 44.0 ,
4588.0 11948.0 352.0 120.0 81,200
4964.0 11972.0 28.0 92.0 ;
5044.0 11948.0 260.0 100.0 four
5352.0 11948.0 496.0 100.0 teacheis
5856.0 12016.0 28.0 44.0 ,
5940.0 11944.0 356.0 112.0 50,400
6320.0 11968.0 28.0 96.0 ;
6396.0 11964.0 376.0 88.0 supei-

3956.0 12071.0 616.0 96.0 Intendent
4616.0 12079.0 120.0 84.0 ot
4788.0 12064.0 188.0 104.0 the
5016.0 12064.0 516.0 100.0 Institute
5584.0 12067.0 176.0 96.0 for
5804.0 12060.0 364.0 100.0 feeble
6260.0 12060.0 456.0 100.0 minded
6732.0 12132.0 28.0 40.0 ,

3952.0 12188.0 356.0 112.0 SI,200
4056.0 12192.0 32.0 88.0 !
4332.0 12208.0 28.0 96.0 ;
4428.0 12188.0 476.0 100.0 matron.
5000.0 12184.0 352.0 104.0 51,000
5376.0 12204.0 28.0 96.0 ;
5532.0 12204.0 220.0 76.0 ono
5856.0 12180.0 444.0 100.0 teacher
6308.0 12247.0 24.0 44.0 ,
6448.0 12176.0 260.0 104.0 S'JOO
6732.0 12200.0 28.0 92.0 ;

3960.0 12311.0 224.0 92.0 two
4276.0 12300.0 492.0 104.0 teachers
4776.0 12372.0 24.0 44.0 ,
4884.0 12296.0 352.0 116.0 Sl.CbO
5260.0 12323.0 28.0 96.0 ;
5360.0 12292.0 480.0 108.0 stew.ud
5852.0 12364.0 28.0 44.0 ,
5972.0 12296.0 120.0 100.0 Sl
6108.0 12368.0 28.0 44.0 ,
6208.0 12296.0 116.0 92.0 00
6348.0 12311.0 28.0 100.0 ;
6488.0 12296.0 292.0 96.0 stnto

3960.0 12420.0 760.0 100.0 veteilnnrlnn
4736.0 12487.0 24.0 40.0 ,
4812.0 12416.0 352.0 120.0 53,000
5188.0 12440.0 28.0 100.0 ;
5348.0 12420.0 292.0 96.0 state
5724.0 12407.0 756.0 108.0 vcterlnaiian
6596.0 12411.0 140.0 96.0 de-

3960.0 12536.0 468.0 116.0 ficiency
4432.0 12604.0 28.0 48.0 ,
4512.0 12536.0 380.0 116.0 54,210.

4080.0 12655.0 176.0 96.0 On
4316.0 12651.0 420.0 100.0 motion
4788.0 12647.0 124.0 100.0 of
4976.0 12643.0 204.0 104.0 Mr.
5292.0 12639.0 412.0 108.0 Nlchol
5812.0 12639.0 188.0 104.0 the
6108.0 12639.0 332.0 104.0 latter
6548.0 12635.0 228.0 108.0 and

3960.0 12768.0 368.0 116.0 salary
4376.0 12792.0 184.0 72.0 are
4604.0 12772.0 116.0 96.0 to
4764.0 12764.0 132.0 100.0 be
4944.0 12760.0 260.0 120.0 paid
5252.0 12768.0 192.0 92.0 out
5492.0 12764.0 124.0 96.0 of
5680.0 12756.0 188.0 104.0 the
5916.0 12760.0 220.0 100.0 llvo
6184.0 12756.0 320.0 104.0 stock
6620.0 12756.0 112.0 100.0 In-

3960.0 12879.0 512.0 120.0 demnity
4504.0 12879.0 280.0 100.0 lund
4796.0 12952.0 24.0 44.0 ,
4860.0 12876.0 184.0 104.0 the
5072.0 12876.0 616.0 116.0 deficiency
5728.0 12876.0 332.0 100.0 bclnz
6096.0 12872.0 668.0 104.0 occasioned

3960.0 13000.0 144.0 120.0 by
4156.0 13004.0 184.0 96.0 the
4384.0 13000.0 640.0 120.0 boriowliig
5068.0 13000.0 116.0 92.0 ot
5232.0 13016.0 412.0 96.0 iiionoy
5692.0 13000.0 116.0 92.0 to
5852.0 13016.0 220.0 88.0 pay
6116.0 12992.0 192.0 100.0 the
6396.0 13012.0 308.0 80.0 veter-

3964.0 13116.0 444.0 104.0 inarian
4464.0 13116.0 380.0 96.0 before
4888.0 13112.0 584.0 104.0 therovvas
5520.0 13131.0 412.0 96.0 money
5980.0 13108.0 120.0 100.0 in
6152.0 13108.0 192.0 100.0 the
6420.0 13116.0 364.0 92.0 tieas-

3960.0 13256.0 208.0 100.0 ury
4216.0 13236.0 116.0 96.0 to
4380.0 13256.0 212.0 100.0 pay
4644.0 13228.0 272.0 104.0 him.

4080.0 13344.0 208.0 108.0 Mr.
4340.0 13340.0 412.0 120.0 Tingle
4800.0 13348.0 120.0 96.0 of
4984.0 13340.0 416.0 104.0 Brown
5456.0 13344.0 228.0 100.0 and
5732.0 13340.0 220.0 104.0 Mr.
6012.0 13336.0 268.0 104.0 Rlcf
6324.0 13336.0 124.0 100.0 of
6516.0 13336.0 268.0 104.0 Hall

3964.0 13463.0 396.0 104.0 moved
4408.0 13476.0 116.0 88.0 to
4568.0 13463.0 356.0 100.0 strike
4968.0 13467.0 200.0 92.0 out
5212.0 13463.0 188.0 100.0 Sl"
5412.0 13463.0 216.0 116.0 ,000
5704.0 13455.0 520.0 128.0 required
6316.0 13455.0 184.0 100.0 for
6596.0 13455.0 188.0 100.0 the

3964.0 13580.0 488.0 104.0 railroad
4492.0 13576.0 728.0 108.0 commission
5272.0 13584.0 232.0 96.0 and
5540.0 13576.0 312.0 104.0 chief
5940.0 13572.0 372.0 108.0 clerks
6356.0 13572.0 124.0 100.0 of
6596.0 13572.0 192.0 100.0 the

3964.0 13724.0 340.0 80.0 same.

4088.0 13816.0 448.0 100.0 Messrs.
4584.0 13808.0 668.0 104.0 Newcomer
5296.0 13808.0 228.0 100.0 nnd
5568.0 13808.0 312.0 120.0 Ageo
5928.0 13804.0 260.0 104.0 held
6228.0 13804.0 188.0 104.0 the
6464.0 13800.0 280.0 108.0 strik-

3968.0 13931.0 208.0 136.0 ing
4212.0 13935.0 204.0 96.0 out
4452.0 13928.0 132.0 100.0 of
4620.0 13928.0 200.0 100.0 the
4856.0 13928.0 412.0 120.0 figures
5308.0 13928.0 384.0 96.0 would
5740.0 13928.0 120.0 96.0 In
5904.0 13924.0 344.0 100.0 effect
6292.0 13920.0 208.0 100.0 kill
6588.0 13924.0 204.0 96.0 the

3972.0 14027.0 260.0 120.0 bills
4280.0 14068.0 260.0 80.0 now
4588.0 14044.0 380.0 100.0 before
5012.0 14044.0 188.0 100.0 the
5248.0 14040.0 652.0 124.0 legislature
5944.0 14040.0 120.0 100.0 in
6120.0 14035.0 368.0 104.0 which
6608.0 14035.0 184.0 100.0 the

3972.0 14164.0 432.0 100.0 olllcers
4452.0 14156.0 652.0 104.0 mentioned
5156.0 14183.0 188.0 76.0 are
5472.0 14152.0 548.0 108.0 retained.
6152.0 14152.0 208.0 104.0 Mr.
6476.0 14156.0 320.0 104.0 AKCO

3976.0 14279.0 400.0 100.0 moved
4428.0 14288.0 112.0 88.0 to
4592.0 14279.0 352.0 92.0 Insert
4988.0 14271.0 192.0 100.0 the
5264.0 14271.0 368.0 100.0 words
5708.0 14267.0 416.0 100.0 "board
6216.0 14271.0 124.0 96.0 of
6428.0 14267.0 320.0 100.0 trans

3968.0 14372.0 648.0 140.0 portation"
4664.0 14412.0 128.0 76.0 as
4836.0 14408.0 148.0 80.0 an
5032.0 14388.0 672.0 100.0 alternative
5752.0 14388.0 180.0 96.0 tor
5972.0 14376.0 492.0 108.0 railroad
6504.0 14408.0 288.0 76.0 coin-

3968.0 14507.0 508.0 96.0 mission.
4492.0 14499.0 68.0 56.0 "

4084.0 14620.0 212.0 100.0 Mr.
4352.0 14616.0 264.0 104.0 Rief
4648.0 14616.0 452.0 100.0 wanted
5148.0 14620.0 116.0 92.0 to
5344.0 14612.0 352.0 100.0 know
5780.0 14608.0 308.0 104.0 what
6172.0 14603.0 616.0 104.0 difference

3964.0 14739.0 316.0 96.0 there
4364.0 14755.0 236.0 80.0 was
4672.0 14732.0 516.0 100.0 between
5308.0 14728.0 560.0 100.0 "railroad
5972.0 14720.0 812.0 112.0 commission"

3968.0 14856.0 232.0 104.0 and
4248.0 14847.0 416.0 104.0 "board
4708.0 14847.0 124.0 100.0 of
4900.0 14843.0 920.0 120.0 transportation.
5832.0 14839.0 72.0 56.0 "

4100.0 14968.0 200.0 104.0 Mr.
4352.0 14968.0 316.0 120.0 Ageo
4712.0 14960.0 248.0 104.0 said
5008.0 14964.0 312.0 100.0 theie
5368.0 14983.0 236.0 76.0 was
5648.0 14983.0 152.0 76.0 no
5844.0 14956.0 644.0 104.0 difference.

4088.0 15083.0 212.0 100.0 Mr.
4356.0 15067.0 364.0 112.0 Kiel's
4764.0 15075.0 524.0 128.0 question
5340.0 15071.0 200.0 104.0 did
5588.0 15079.0 204.0 96.0 not
5836.0 15075.0 468.0 120.0 prevail.

4092.0 15200.0 212.0 100.0 Mr.
4420.0 15200.0 404.0 116.0 Smyth
4892.0 15192.0 420.0 100.0 offered
5416.0 15216.0 72.0 76.0 a
5592.0 15192.0 608.0 100.0 substltuto
6296.0 15192.0 184.0 96.0 for
6568.0 15184.0 212.0 104.0 Mr.

3972.0 15311.0 416.0 116.0 Agee's
4492.0 15315.0 740.0 96.0 amendment
5336.0 15303.0 144.0 120.0 by
5564.0 15303.0 560.0 120.0 inserting
6176.0 15300.0 200.0 108.0 the
6424.0 15303.0 372.0 104.0 words

3984.0 15436.0 416.0 96.0 "boaid
4448.0 15428.0 124.0 100.0 of
4616.0 15424.0 480.0 104.0 mllroad
5144.0 15420.0 924.0 124.0 transportation.
6080.0 15420.0 72.0 52.0 "

4076.0 15547.0 208.0 104.0 Mr.
4336.0 15544.0 488.0 116.0 Koiiney
4868.0 15540.0 552.0 124.0 regretted
5472.0 15547.0 116.0 92.0 to
5632.0 15563.0 188.0 76.0 see
5864.0 15540.0 188.0 100.0 tlio
6092.0 15540.0 668.0 120.0 gentleman

3980.0 15664.0 296.0 104.0 from
4324.0 15659.0 500.0 120.0 Douglas
4928.0 15659.0 384.0 116.0 acting
5356.0 15655.0 280.0 100.0 with
5740.0 15680.0 68.0 72.0 a
5912.0 15639.0 252.0 116.0 lack
6268.0 15655.0 124.0 96.0 of
6476.0 15651.0 272.0 104.0 inde-

3980.0 15784.0 584.0 124.0 pendence
4612.0 15776.0 228.0 108.0 and
4888.0 15772.0 120.0 108.0 in
5052.0 15772.0 612.0 104.0 obedience
5712.0 15780.0 116.0 96.0 to
5936.0 15772.0 192.0 104.0 the
6172.0 15776.0 424.0 100.0 clamor
6668.0 15772.0 128.0 100.0 of

3984.0 15899.0 192.0 104.0 the
4240.0 15899.0 408.0 116.0 public.

4104.0 16016.0 208.0 104.0 Mr.
4364.0 16008.0 404.0 124.0 Smyth
4812.0 16008.0 244.0 108.0 said
5104.0 16004.0 176.0 108.0 his
5388.0 16004.0 380.0 116.0 noting
5872.0 16004.0 116.0 104.0 In
6104.0 16004.0 684.0 108.0 accordance

3988.0 16131.0 276.0 104.0 with
4312.0 16131.0 472.0 120.0 popular
4832.0 16123.0 444.0 120.0 feeling
5324.0 16148.0 232.0 80.0 was
5608.0 16127.0 112.0 96.0 In
5776.0 16143.0 540.0 96.0 response
6360.0 16123.0 116.0 96.0 to
6520.0 16148.0 64.0 76.0 a
6628.0 16119.0 136.0 104.0 de-

3988.0 16252.0 348.0 100.0 mand
4384.0 16248.0 364.0 104.0 which
4796.0 16244.0 224.0 100.0 had
5060.0 16244.0 284.0 100.0 been
5400.0 16240.0 248.0 100.0 well
5696.0 16236.0 608.0 128.0 expressed
6352.0 16240.0 448.0 112.0 against

3988.0 16367.0 188.0 100.0 the
4224.0 16363.0 484.0 104.0 railroad
4752.0 16355.0 724.0 108.0 commission
5496.0 16428.0 24.0 44.0 ,
5568.0 16355.0 232.0 100.0 nnd
5888.0 16363.0 248.0 92.0 that
6232.0 16379.0 232.0 76.0 was
6552.0 16355.0 256.0 100.0 that

3988.0 16484.0 268.0 120.0 they
4300.0 16480.0 196.0 104.0 did
4548.0 16480.0 204.0 100.0 not
4796.0 16480.0 308.0 100.0 want
5152.0 16472.0 188.0 104.0 the
5424.0 16472.0 484.0 104.0 ralhoad
6012.0 16472.0 772.0 104.0 commission.

3984.0 16599.0 324.0 120.0 They
4352.0 16619.0 292.0 84.0 were
4688.0 16592.0 496.0 128.0 opposed
5228.0 16596.0 116.0 96.0 to
5392.0 16592.0 188.0 100.0 the
5684.0 16588.0 488.0 104.0 railroad
6276.0 16588.0 476.0 104.0 commis-

3988.0 16716.0 256.0 104.0 sion
4324.0 16711.0 224.0 104.0 and
4600.0 16711.0 84.0 104.0 It
4732.0 16736.0 228.0 80.0 was
5008.0 16711.0 468.0 100.0 because
5584.0 16703.0 124.0 100.0 of
5812.0 16707.0 244.0 96.0 that
6148.0 16707.0 644.0 120.0 opposition

3992.0 16836.0 240.0 100.0 that
4280.0 16832.0 188.0 104.0 the
4512.0 16824.0 652.0 124.0 gentleman
5216.0 16828.0 292.0 100.0 from
5556.0 16820.0 500.0 124.0 Douglas
6108.0 16843.0 232.0 84.0 was
6456.0 16820.0 356.0 108.0 woik-

3996.0 16951.0 184.0 112.0 Inp
4240.0 16951.0 116.0 100.0 to
4388.0 16947.0 384.0 100.0 defeat
4812.0 16943.0 192.0 104.0 the
5044.0 16968.0 340.0 76.0 same.

4108.0 17068.0 212.0 104.0 Mr.
4372.0 17064.0 540.0 104.0 Caldwell
4956.0 17064.0 248.0 100.0 said
5252.0 17060.0 244.0 100.0 that
5544.0 17080.0 124.0 76.0 so
5712.0 17056.0 192.0 104.0 Ion
5924.0 17084.0 60.0 84.0 ?
6032.0 17084.0 124.0 76.0 ns
6204.0 17056.0 188.0 104.0 the
6444.0 17064.0 352.0 92.0 house

3992.0 17183.0 220.0 104.0 had
4264.0 17191.0 200.0 92.0 not
4508.0 17179.0 368.0 124.0 wiped
4920.0 17187.0 196.0 92.0 out
5160.0 17175.0 188.0 104.0 the
5392.0 17195.0 732.0 80.0 commission
6216.0 17175.0 92.0 100.0 it
6392.0 17171.0 412.0 104.0 should

3996.0 17308.0 204.0 96.0 not
4244.0 17324.0 264.0 80.0 now
4548.0 17304.0 372.0 96.0 starve
4968.0 17296.0 88.0 104.0 it
5104.0 17296.0 140.0 116.0 by
5292.0 17292.0 512.0 120.0 icfuslng
5856.0 17300.0 112.0 96.0 to
6076.0 17292.0 728.0 124.0 appropriate

3996.0 17439.0 412.0 100.0 money
4456.0 17423.0 120.0 96.0 to
4620.0 17415.0 472.0 124.0 support
5156.0 17411.0 120.0 104.0 It.

4112.0 17536.0 244.0 100.0 The
4400.0 17540.0 640.0 96.0 committee
5088.0 17552.0 252.0 80.0 rose
5388.0 17523.0 228.0 112.0 and
5660.0 17519.0 352.0 108.0 asked
6100.0 17523.0 320.0 108.0 leave
6468.0 17540.0 120.0 88.0 to
6664.0 17519.0 148.0 108.0 sit

4004.0 17651.0 372.0 124.0 again.

4712.0 17780.0 772.0 88.0 AFTKRXOON
5564.0 17780.0 536.0 84.0 SKSSIOW.

4112.0 17888.0 244.0 104.0 The
4392.0 17884.0 432.0 104.0 Omaha
4868.0 17884.0 440.0 100.0 charter
5308.0 17952.0 36.0 44.0 ,
5396.0 17884.0 188.0 96.0 the
5628.0 17880.0 424.0 120.0 special
6140.0 17876.0 332.0 100.0 order
6520.0 17876.0 180.0 100.0 for
6756.0 17876.0 56.0 96.0 Q

4000.0 18003.0 428.0 104.0 o'clock
4436.0 18075.0 24.0 48.0 ,
4512.0 18028.0 144.0 76.0 on
4712.0 17999.0 428.0 100.0 motion
5176.0 17995.0 128.0 100.0 of
5348.0 17995.0 208.0 104.0 Mr.
5612.0 17995.0 408.0 112.0 hinytU
6068.0 18020.0 236.0 76.0 was
6340.0 17991.0 476.0 104.0 ordered

3996.0 18132.0 116.0 92.0 to
4156.0 18120.0 464.0 108.0 succeed
4668.0 18120.0 188.0 100.0 the
4900.0 18112.0 672.0 128.0 disposition
5624.0 18116.0 124.0 100.0 of
5792.0 18112.0 188.0 104.0 the
6012.0 18108.0 348.0 108.0 house
6408.0 18112.0 212.0 100.0 toll
6664.0 18136.0 148.0 76.0 on

4000.0 18235.0 940.0 128.0 appioprlatlons.

4116.0 18356.0 220.0 104.0 Mr.
4396.0 18352.0 412.0 120.0 Agee's
4856.0 18344.0 188.0 108.0 bill
5100.0 18344.0 608.0 124.0 providing
5792.0 18344.0 176.0 100.0 for
6072.0 18372.0 68.0 72.0 a
6248.0 18340.0 348.0 108.0 board
6684.0 18335.0 124.0 104.0 of

4000.0 18471.0 476.0 100.0 railroad
4580.0 18463.0 916.0 104.0 commissioners
5580.0 18459.0 232.0 104.0 and
5916.0 18459.0 520.0 108.0 defining
6524.0 18456.0 292.0 104.0 their

4000.0 18588.0 372.0 100.0 duties
4420.0 18584.0 232.0 100.0 nnd
4696.0 18579.0 604.0 124.0 providing
5344.0 18579.0 184.0 100.0 for
5568.0 18575.0 292.0 100.0 their
5964.0 18575.0 468.0 100.0 salaries
6440.0 18647.0 28.0 48.0 ,
6584.0 18596.0 232.0 80.0 was

4012.0 18703.0 268.0 100.0 then
4332.0 18700.0 300.0 104.0 read.

4132.0 18815.0 200.0 104.0 Mr.
4388.0 18819.0 312.0 112.0 Agee
4744.0 18807.0 352.0 108.0 asked
5144.0 18807.0 176.0 100.0 for
5404.0 18832.0 68.0 80.0 a
5572.0 18803.0 216.0 108.0 call
5892.0 18803.0 124.0 100.0 ot
6120.0 18803.0 192.0 104.0 the
6420.0 18811.0 396.0 92.0 house.

4008.0 18932.0 456.0 104.0 Several
4516.0 18928.0 544.0 100.0 members
5124.0 18947.0 296.0 80.0 were
5500.0 18920.0 652.0 104.0 discovered
6240.0 18928.0 116.0 96.0 to
6436.0 18924.0 136.0 96.0 bo
6620.0 18924.0 176.0 96.0 nb-

4012.0 19055.0 256.0 92.0 sent
4276.0 19115.0 24.0 44.0 ,
4396.0 19063.0 416.0 88.0 among
4896.0 19043.0 304.0 100.0 them
5308.0 19035.0 340.0 112.0 being
5732.0 19035.0 456.0 104.0 Messrs.
6280.0 19031.0 536.0 108.0 Caldwcll

4012.0 19160.0 872.0 120.0 andKgglcston
4924.0 19156.0 124.0 100.0 of
5092.0 19156.0 616.0 100.0 Lancaster
5708.0 19227.0 24.0 44.0 ,
5756.0 19152.0 280.0 104.0 Kills
6076.0 19156.0 124.0 100.0 of
6240.0 19156.0 528.0 100.0 Johnson
6784.0 19219.0 28.0 52.0 ,

4016.0 19275.0 340.0 104.0 Knox
4404.0 19275.0 228.0 104.0 and
4696.0 19271.0 612.0 108.0 VVhltmore
5352.0 19271.0 128.0 96.0 of
5580.0 19268.0 500.0 108.0 Douclas
6088.0 19340.0 28.0 48.0 ,
6212.0 19275.0 228.0 96.0 and
6536.0 19268.0 280.0 100.0 Kav-

4016.0 19391.0 348.0 104.0 moiid
4464.0 19391.0 120.0 100.0 of
4640.0 19387.0 512.0 104.0 Lincoln.
5288.0 19387.0 220.0 100.0 Mr.
5576.0 19383.0 628.0 108.0 Whltmore
6308.0 19408.0 236.0 80.0 was
6632.0 19396.0 140.0 88.0 ab-

4016.0 19515.0 260.0 100.0 sent
4312.0 19535.0 148.0 76.0 on
4508.0 19531.0 444.0 80.0 excuse.
5080.0 19500.0 340.0 108.0 After
5476.0 19527.0 72.0 76.0 a
5624.0 19504.0 388.0 100.0 search
6112.0 19500.0 144.0 116.0 by
6308.0 19504.0 188.0 100.0 the
6564.0 19523.0 244.0 76.0 ser-

4016.0 19627.0 840.0 124.0 geant-at-arms
4904.0 19619.0 148.0 104.0 all
5084.0 19619.0 404.0 124.0 except
5516.0 19615.0 444.0 104.0 Messrs.
6000.0 19615.0 548.0 104.0 Caldwell
6596.0 19611.0 220.0 108.0 and

4024.0 19744.0 340.0 104.0 Knox
4412.0 19763.0 288.0 80.0 vrero
4788.0 19736.0 564.0 116.0 produced
5396.0 19736.0 236.0 104.0 nnd
5692.0 19732.0 520.0 108.0 excused.
6352.0 19732.0 464.0 100.0 Further

4024.0 19855.0 740.0 128.0 proceedings
4812.0 19880.0 292.0 80.0 were
5140.0 19851.0 620.0 120.0 dispensed
5824.0 19847.0 276.0 104.0 with
6148.0 19847.0 232.0 104.0 and
6428.0 19847.0 196.0 104.0 bill
6664.0 19851.0 44.0 92.0 I
6716.0 19851.0 76.0 92.0 ?
6784.0 19916.0 32.0 28.0 .

4028.0 20003.0 232.0 80.0 was
4304.0 19972.0 264.0 108.0 read
4632.0 19980.0 228.0 96.0 nnd
4908.0 19968.0 404.0 116.0 passed
5360.0 19992.0 140.0 100.0 oy
5548.0 19968.0 192.0 104.0 the
5828.0 19968.0 592.0 116.0 following
6508.0 19968.0 256.0 104.0 vote
6788.0 19988.0 28.0 80.0 :

4136.0 20099.0 316.0 112.0 A.VCS
4580.0 20091.0 776.0 100.0 Ahrahnmson
5372.0 20159.0 28.0 48.0 ,
5532.0 20087.0 316.0 104.0 Ageo
5852.0 20159.0 28.0 40.0 ,
6048.0 20083.0 360.0 100.0 Alkln
6428.0 20152.0 24.0 44.0 ,
6564.0 20083.0 188.0 100.0 An-

4020.0 20208.0 368.0 108.0 drews
4384.0 20279.0 36.0 48.0 ,
4472.0 20203.0 452.0 104.0 Andres
4932.0 20279.0 28.0 48.0 ,
5016.0 20199.0 516.0 108.0 Habcock
5540.0 20271.0 24.0 44.0 ,
5624.0 20195.0 84.0 104.0 U
5724.0 20203.0 292.0 108.0 alloy
6020.0 20271.0 28.0 44.0 ,
6140.0 20195.0 344.0 108.0 Ualrd
6500.0 20271.0 24.0 48.0 ,
6580.0 20195.0 236.0 104.0 Hal-

4024.0 20327.0 236.0 104.0 lard
4276.0 20400.0 24.0 48.0 ,
4416.0 20323.0 480.0 116.0 ttentley
4900.0 20392.0 28.0 56.0 ,
5064.0 20320.0 280.0 104.0 Hick
5352.0 20392.0 28.0 44.0 ,
5492.0 20320.0 544.0 100.0 Uowman
6048.0 20388.0 32.0 48.0 ,
6232.0 20316.0 560.0 104.0 Cameron
6808.0 20388.0 8.0 44.0 ,

4024.0 20443.0 520.0 108.0 Cannon.
4596.0 20443.0 268.0 100.0 Cole
4868.0 20511.0 28.0 52.0 ,
4948.0 20439.0 336.0 116.0 Craig
5288.0 20511.0 28.0 48.0 ,
5388.0 20435.0 368.0 104.0 Crane
5756.0 20511.0 28.0 40.0 ,
5888.0 20431.0 592.0 128.0 Dempster
6484.0 20503.0 28.0 48.0 ,
6608.0 20431.0 192.0 104.0 Dil

4024.0 20563.0 160.0 100.0 ler
4188.0 20636.0 28.0 44.0 ,
4268.0 20556.0 604.0 124.0 Eeglcbton
4888.0 20632.0 24.0 36.0 ,
4964.0 20556.0 388.0 124.0 Elsley
5352.0 20628.0 28.0 40.0 ,
5440.0 20552.0 280.0 104.0 Ellis
5732.0 20628.0 24.0 44.0 ,
5828.0 20548.0 412.0 108.0 Ewlne
6244.0 20624.0 28.0 44.0 ,
6320.0 20548.0 440.0 104.0 Kenton
6780.0 20620.0 24.0 52.0 ,

4028.0 20679.0 236.0 100.0 Fox
4272.0 20751.0 24.0 44.0 ,
4352.0 20671.0 872.0 108.0 FrantKuchs
5232.0 20743.0 28.0 44.0 ,
5320.0 20659.0 372.0 116.0 Fuller
5692.0 20739.0 28.0 40.0 ,
5780.0 20671.0 460.0 100.0 GatTord
6252.0 20743.0 24.0 36.0 ,
6328.0 20667.0 468.0 104.0 Gamble
6804.0 20739.0 12.0 44.0 ,

4024.0 20796.0 496.0 104.0 Gllmore
4524.0 20868.0 28.0 40.0 ,
4596.0 20796.0 404.0 100.0 Green.
5040.0 20788.0 544.0 104.0 Harrison
5600.0 20860.0 24.0 48.0 ,
5676.0 20784.0 480.0 104.0 Harden
6168.0 20860.0 24.0 40.0 ,
6244.0 20776.0 540.0 112.0 Uelmrod
6804.0 20856.0 12.0 48.0 ,

4024.0 20911.0 348.0 104.0 Horst
4372.0 20987.0 32.0 44.0 ,
4472.0 20915.0 384.0 128.0 Jeary.
4912.0 20907.0 416.0 136.0 Kelper
5332.0 20975.0 24.0 48.0 ,
5416.0 20891.0 564.0 132.0 Kennedy
5988.0 20975.0 24.0 44.0 ,
6076.0 20903.0 320.0 124.0 King
6400.0 20975.0 24.0 48.0 ,
6488.0 20899.0 292.0 104.0 Lord
6796.0 20968.0 20.0 48.0 ,

4028.0 21024.0 576.0 112.0 Marshall.
4756.0 21024.0 680.0 104.0 Mntthieson
5452.0 21091.0 28.0 52.0 ,
5632.0 21020.0 832.0 120.0 McConaughy
6468.0 21091.0 32.0 40.0 ,
6616.0 21020.0 180.0 100.0 Me

4032.0 21143.0 416.0 104.0 Keuna
4448.0 21215.0 28.0 44.0 ,
4532.0 21139.0 452.0 104.0 Mlnnlx
4996.0 21211.0 28.0 40.0 ,
5076.0 21139.0 664.0 104.0 Newcomer
5744.0 21208.0 24.0 48.0 ,
5804.0 21135.0 480.0 108.0 Newton
6300.0 21208.0 28.0 48.0 ,
6388.0 21135.0 404.0 104.0 Nlchol
6808.0 21211.0 8.0 20.0 ,

4032.0 21264.0 488.0 104.0 Overtoil
4540.0 21327.0 24.0 52.0 ,
4624.0 21255.0 660.0 100.0 Pemberton
5300.0 21323.0 24.0 48.0 ,
5420.0 21251.0 380.0 104.0 Peters
5808.0 21323.0 28.0 44.0 ,
5932.0 21251.0 480.0 104.0 Itandall
6428.0 21323.0 28.0 44.0 ,
6548.0 21251.0 244.0 104.0 Kav-
6800.0 21299.0 16.0 24.0 '

4032.0 21375.0 340.0 104.0 tnond
4384.0 21448.0 28.0 48.0 ,
4588.0 21372.0 260.0 100.0 Kief
4852.0 21440.0 28.0 48.0 ,
5016.0 21368.0 436.0 100.0 Kusscll
5464.0 21440.0 28.0 40.0 ,
5660.0 21368.0 448.0 104.0 Satchel
6124.0 21440.0 24.0 40.0 ,
6316.0 21368.0 480.0 104.0 Schwab

4032.0 21495.0 424.0 120.0 Shamp
4464.0 21563.0 24.0 40.0 ,
4540.0 21487.0 456.0 104.0 Simms.
5048.0 21487.0 540.0 100.0 Slmanek
5596.0 21555.0 28.0 40.0 ,
5676.0 21483.0 368.0 100.0 Slater
6048.0 21555.0 24.0 40.0 ,
6116.0 21483.0 400.0 116.0 Smyth
6532.0 21555.0 28.0 44.0 ,
6604.0 21483.0 200.0 100.0 Sul

4036.0 21608.0 296.0 104.0 llvan
4348.0 21680.0 28.0 48.0 ,
4468.0 21604.0 372.0 104.0 Sweet
4848.0 21676.0 28.0 48.0 ,
4940.0 21588.0 600.0 116.0 Thornton
5560.0 21672.0 24.0 44.0 ,
5672.0 21600.0 632.0 100.0 Truesdell.
6356.0 21596.0 452.0 104.0 Turner

4032.0 21727.0 384.0 132.0 Tyson
4432.0 21795.0 28.0 48.0 ,
4520.0 21719.0 632.0 108.0 \VetheraId
5168.0 21787.0 24.0 48.0 ,
5292.0 21715.0 624.0 104.0 Whltmore
5920.0 21787.0 28.0 44.0 ,
6048.0 21711.0 740.0 104.0 Wil.iclmsnn
6808.0 21787.0 8.0 32.0 ,

4048.0 21840.0 428.0 104.0 Wilson
4488.0 21912.0 28.0 48.0 ,
4608.0 21836.0 780.0 112.0 Wolonweber
5388.0 21907.0 28.0 44.0 ,
5536.0 21832.0 444.0 120.0 Wright
5988.0 21903.0 24.0 52.0 ,
6144.0 21828.0 372.0 128.0 Yutzy
6524.0 21903.0 28.0 44.0 ,
6608.0 21848.0 208.0 84.0 auo

4036.0 21959.0 224.0 100.0 Mr.
4312.0 21955.0 544.0 120.0 Speaker.
4988.0 21959.0 168.0 96.0 72.

4164.0 22072.0 312.0 124.0 Nays
4600.0 22059.0 2200.0 136.0 Aloxander.Drown.Dleklnson.Latta
6812.0 22139.0 8.0 28.0 ,

4044.0 22187.0 604.0 116.0 Llcsvield.
4736.0 22187.0 516.0 100.0 McGrow
5260.0 22256.0 24.0 48.0 ,
5360.0 22183.0 392.0 104.0 Norrls
5760.0 22256.0 24.0 48.0 ,
5896.0 22180.0 412.0 124.0 Tingle
6312.0 22256.0 24.0 48.0 ,
6396.0 22176.0 388.0 116.0 Yeach
6796.0 22252.0 24.0 52.0 ,

4060.0 22307.0 468.0 108.0 Watson
4580.0 22307.0 224.0 100.0 and
4892.0 22299.0 432.0 120.0 Young.
5456.0 22303.0 148.0 100.0 12.

4164.0 22424.0 448.0 104.0 Absent
4652.0 22435.0 228.0 88.0 ana
4928.0 22424.0 200.0 96.0 not
5192.0 22416.0 396.0 116.0 voting
5716.0 22416.0 440.0 100.0 Barrett
6160.0 22488.0 28.0 36.0 ,
6280.0 22412.0 536.0 104.0 Caldwell

4052.0 22539.0 324.0 120.0 Cope.
4436.0 22543.0 32.0 88.0 (
4492.0 22539.0 380.0 100.0 Snrvnv
4880.0 22607.0 24.0 52.0 ,
4960.0 22535.0 336.0 100.0 Knox
5304.0 22603.0 24.0 52.0 ,
5384.0 22531.0 508.0 104.0 McCnnu
5908.0 22603.0 24.0 52.0 ,
5972.0 22531.0 376.0 104.0 Miller
6352.0 22603.0 24.0 52.0 ,
6432.0 22527.0 388.0 108.0 Under-

4052.0 22660.0 196.0 104.0 hill
4260.0 22732.0 24.0 44.0 ,
4352.0 22611.0 752.0 148.0 \Vilsev--10.
4796.0 22635.0 40.0 124.0 :

4164.0 22775.0 244.0 100.0 The
4452.0 22775.0 836.0 100.0 consideration
5340.0 22767.0 124.0 104.0 of
5508.0 22763.0 188.0 108.0 the
5764.0 22763.0 844.0 128.0 appreciation
6664.0 22759.0 152.0 104.0 bll

4056.0 22919.0 228.0 80.0 was
4324.0 22892.0 652.0 104.0 continued.
5104.0 22888.0 208.0 104.0 Mr.
5364.0 22884.0 416.0 120.0 Ageo's
5828.0 22884.0 736.0 104.0 amendment
6616.0 22879.0 192.0 100.0 "fo

4052.0 23039.0 64.0 76.0 a
4164.0 23011.0 340.0 100.0 board
4548.0 23011.0 124.0 96.0 of
4716.0 22999.0 960.0 120.0 transportation"
5736.0 23027.0 232.0 76.0 was
6012.0 22999.0 524.0 124.0 adopted.
6668.0 23003.0 152.0 96.0 Ai

4052.0 23123.0 632.0 108.0 additional
4788.0 23123.0 304.0 104.0 clerk
5204.0 23148.0 228.0 76.0 was
5520.0 23115.0 332.0 108.0 elven
5904.0 23115.0 192.0 104.0 the
6140.0 23128.0 560.0 100.0 secretary
6748.0 23136.0 64.0 76.0 estate

4052.0 23251.0 288.0 96.0 state
4384.0 23247.0 120.0 100.0 at
4548.0 23263.0 144.0 80.0 an
4740.0 23259.0 492.0 92.0 expense
5280.0 23235.0 120.0 100.0 of
5444.0 23235.0 396.0 116.0 52,000.
6032.0 23232.0 248.0 104.0 The
6328.0 23232.0 364.0 136.0 salary
6744.0 23255.0 68.0 72.0 o

4056.0 23363.0 192.0 100.0 the
4292.0 23359.0 204.0 100.0 fish
4544.0 23355.0 852.0 104.0 commissioner
5444.0 23376.0 228.0 76.0 was
5720.0 23347.0 324.0 104.0 made
6112.0 23351.0 388.0 116.0 82,500.
6628.0 23335.0 192.0 116.0 Tin

4056.0 23476.0 200.0 104.0 bill
4300.0 23499.0 232.0 76.0 was
4576.0 23468.0 464.0 108.0 ordered
5088.0 23468.0 624.0 112.0 engrossed
5764.0 23468.0 180.0 100.0 for
5992.0 23487.0 504.0 104.0 passage.

4180.0 23591.0 384.0 104.0 House
4612.0 23587.0 208.0 104.0 roll
4860.0 23591.0 176.0 96.0 45T
5048.0 23663.0 24.0 40.0 ,
5124.0 23583.0 468.0 116.0 making
5696.0 23587.0 912.0 136.0 appropriations
6696.0 23583.0 116.0 100.0 fo

4060.0 23708.0 188.0 104.0 the
4292.0 23712.0 448.0 100.0 current
4784.0 23727.0 556.0 104.0 expenses
5384.0 23704.0 124.0 96.0 of
5544.0 23700.0 192.0 104.0 the
5780.0 23700.0 288.0 100.0 state
6116.0 23700.0 176.0 104.0 till
6336.0 23696.0 388.0 108.0 March
6772.0 23700.0 44.0 92.0 1

4064.0 23827.0 200.0 100.0 ISM
4264.0 23827.0 32.0 96.0 )
4300.0 23903.0 24.0 32.0 ,
4380.0 23847.0 232.0 80.0 was
4660.0 23823.0 292.0 100.0 read.
5144.0 23815.0 956.0 132.0 Appropriations
6164.0 23835.0 296.0 80.0 were
6548.0 23811.0 252.0 104.0 mad

4056.0 23944.0 680.0 112.0 amounting
4900.0 23940.0 116.0 104.0 to
5228.0 23931.0 756.0 124.0 Sil,241'J72.10.
6232.0 23927.0 244.0 108.0 The
6680.0 23927.0 140.0 104.0 bll

4064.0 24083.0 232.0 84.0 was
4532.0 24055.0 472.0 108.0 ordered
5244.0 24047.0 616.0 124.0 engrossed
6104.0 24043.0 184.0 104.0 for
6576.0 24043.0 244.0 108.0 thin

4060.0 24175.0 508.0 120.0 reading.
4924.0 24167.0 252.0 108.0 The
5500.0 24163.0 476.0 104.0 amount
6268.0 24163.0 124.0 100.0 ot
6692.0 24159.0 120.0 104.0 tli

4060.0 24287.0 844.0 140.0 appropriation
4960.0 24291.0 180.0 100.0 for
5200.0 24284.0 192.0 108.0 the
5480.0 24307.0 216.0 100.0 pay
5800.0 24284.0 120.0 100.0 of
6028.0 24276.0 312.0 108.0 stnto
6424.0 24276.0 396.0 104.0 officer

4064.0 24411.0 1008.0 116.0 superintendents
5116.0 24403.0 232.0 104.0 and
5388.0 24407.0 580.0 100.0 emnloves
6040.0 24395.0 124.0 104.0 of
6260.0 24391.0 372.0 116.0 public
6704.0 24391.0 116.0 104.0 In

4064.0 24528.0 592.0 108.0 stltutlons
4716.0 24579.0 28.0 48.0 ,
4748.0 24551.0 184.0 76.0 vi\s
4980.0 24520.0 560.0 104.0 therefore
5584.0 24520.0 68.0 108.0 S
5684.0 24516.0 448.0 120.0 1,000.03.

4188.0 24647.0 388.0 104.0 House
4620.0 24643.0 196.0 104.0 bill
4860.0 24643.0 180.0 96.0 433
5036.0 24711.0 32.0 44.0 ,
5120.0 24631.0 856.0 124.0 appropriating
6020.0 24627.0 412.0 124.0 Stt.OOO
6480.0 24623.0 176.0 104.0 for
6704.0 24623.0 116.0 104.0 th

4068.0 24768.0 540.0 116.0 payment
4652.0 24764.0 120.0 96.0 of
4820.0 24752.0 556.0 108.0 membois
5420.0 24752.0 232.0 104.0 and
5736.0 24747.0 580.0 120.0 employes
6420.0 24743.0 124.0 104.0 of
6644.0 24743.0 164.0 100.0 till

4068.0 24903.0 432.0 76.0 session
4516.0 24951.0 28.0 36.0 ,
4596.0 24899.0 232.0 80.0 was
4872.0 24879.0 204.0 124.0 put
5116.0 24895.0 148.0 76.0 on
5320.0 24867.0 148.0 100.0 Its
5520.0 24867.0 260.0 100.0 hnal
5848.0 24887.0 476.0 96.0 passage
6368.0 24859.0 232.0 104.0 and
6648.0 24887.0 172.0 76.0 cat

4076.0 24996.0 228.0 104.0 ried
4316.0 25067.0 32.0 44.0 ,
4396.0 24996.0 312.0 104.0 the.ru
4756.0 24987.0 340.0 120.0 being
5144.0 24992.0 196.0 96.0 but
5384.0 24983.0 256.0 100.0 four
5688.0 24983.0 312.0 104.0 votes
6084.0 24979.0 120.0 104.0 in
6296.0 24975.0 188.0 104.0 the
6556.0 25000.0 264.0 100.0 nega

4080.0 25111.0 260.0 104.0 tlve.

4200.0 25223.0 384.0 104.0 House
4636.0 25219.0 204.0 104.0 roll
4920.0 25223.0 60.0 96.0 4
5040.0 25223.0 60.0 96.0 4
5108.0 25291.0 28.0 44.0 ,
5232.0 25207.0 856.0 132.0 appropriating
6192.0 25207.0 416.0 120.0 33S.OOO
6712.0 25207.0 108.0 104.0 fo

4080.0 25336.0 188.0 108.0 the
4316.0 25336.0 616.0 108.0 lncldentr.1
4976.0 25355.0 568.0 108.0 expenses
5592.0 25332.0 124.0 108.0 of
5760.0 25332.0 192.0 100.0 the
6032.0 25351.0 312.0 80.0 same
6404.0 25324.0 416.0 108.0 session

4088.0 25480.0 228.0 84.0 was
4360.0 25455.0 244.0 100.0 also
4652.0 25435.0 436.0 140.0 passed.

4204.0 25568.0 204.0 104.0 Mr.
4500.0 25572.0 396.0 116.0 Smyth
4968.0 25564.0 400.0 112.0 moved
5476.0 25568.0 192.0 100.0 the
5776.0 25555.0 440.0 108.0 Omaha
6272.0 25555.0 444.0 104.0 charter
6760.0 25551.0 60.0 104.0 b

4088.0 25683.0 328.0 104.0 made
4460.0 25683.0 188.0 104.0 the
4692.0 25687.0 412.0 108.0 special
5188.0 25683.0 332.0 104.0 order
5584.0 25683.0 184.0 100.0 for
5876.0 25683.0 644.0 96.0 to-morrow
6604.0 25679.0 120.0 92.0 at
6792.0 25675.0 28.0 96.0 1

4088.0 25799.0 424.0 100.0 o'clock
4560.0 25787.0 228.0 116.0 and
4876.0 25804.0 188.0 100.0 thu
5148.0 25799.0 352.0 104.0 house
5580.0 25799.0 152.0 100.0 sit
5840.0 25795.0 288.0 104.0 from
6240.0 25791.0 220.0 116.0 day
6516.0 25787.0 116.0 100.0 to
6676.0 25791.0 144.0 100.0 da

4088.0 25915.0 304.0 104.0 until
4432.0 25915.0 196.0 100.0 the
4664.0 25923.0 448.0 96.0 charter
5148.0 25943.0 240.0 76.0 was
5428.0 25911.0 404.0 120.0 finally
5868.0 25907.0 716.0 108.0 considered.

4212.0 26031.0 204.0 104.0 Mr.
4468.0 26031.0 440.0 120.0 Garrey
4956.0 26035.0 400.0 100.0 moved
5444.0 26039.0 116.0 92.0 to
5644.0 26031.0 420.0 100.0 amend
6128.0 26023.0 248.0 104.0 that
6460.0 26023.0 192.0 100.0 the
6716.0 26043.0 108.0 80.0 re

4092.0 26155.0 252.0 96.0 tiort
4384.0 26167.0 148.0 80.0 on
4584.0 26147.0 188.0 100.0 the
4808.0 26147.0 440.0 104.0 charter
5292.0 26144.0 124.0 104.0 of
5460.0 26147.0 192.0 104.0 the
5700.0 26144.0 504.0 120.0 Douglas
6244.0 26136.0 564.0 116.0 delegatlo

4096.0 26263.0 136.0 104.0 be
4280.0 26259.0 664.0 108.0 re-referred
5036.0 26267.0 112.0 96.0 to
5232.0 26263.0 188.0 100.0 the
5504.0 26259.0 560.0 124.0 judiciary
6108.0 26259.0 644.0 108.0 committee
6800.0 26259.0 24.0 100.0 I

4100.0 26395.0 368.0 92.0 reunrt
4516.0 26380.0 656.0 104.0 to-morrow
5220.0 26380.0 568.0 120.0 morning.

4232.0 26491.0 512.0 124.0 Pending
4788.0 26519.0 68.0 76.0 n
4896.0 26491.0 460.0 124.0 spirited
5408.0 26491.0 628.0 108.0 discussion
6052.0 26563.0 24.0 56.0 ,
6172.0 26487.0 184.0 108.0 led
6436.0 26487.0 144.0 124.0 by
6684.0 26487.0 140.0 104.0 Mi

4108.0 26611.0 444.0 120.0 Unrvey
4552.0 26679.0 28.0 52.0 ,
4632.0 26595.0 188.0 116.0 the
4864.0 26607.0 348.0 104.0 house
5260.0 26607.0 668.0 124.0 adjourned.

4580.0 26819.0 608.0 120.0 Pfchtlni
5188.0 26847.0 48.0 88.0 ;
5304.0 26823.0 484.0 96.0 Saloon
5856.0 26823.0 640.0 120.0 Keepers.

4220.0 26959.0 508.0 108.0 Surrox
4732.0 27032.0 24.0 52.0 ,
4872.0 26955.0 280.0 108.0 Neb.
5168.0 27028.0 28.0 52.0 ,
5268.0 26955.0 388.0 108.0 March
5732.0 26963.0 92.0 100.0 0.
5980.0 26959.0 40.0 128.0 [
6028.0 26955.0 440.0 120.0 Special
6608.0 26955.0 208.0 108.0 1V1

4104.0 27127.0 308.0 96.0 gram
4516.0 27108.0 116.0 100.0 to
4696.0 27108.0 196.0 96.0 the
4964.0 27099.0 308.0 108.0 HIK.
5108.0 27123.0 28.0 80.0 :
5328.0 27119.0 20.0 100.0 |
5492.0 27099.0 300.0 104.0 Four
5852.0 27127.0 252.0 76.0 men
6120.0 27175.0 28.0 52.0 ,
6204.0 27099.0 196.0 104.0 Cnl
6448.0 27099.0 376.0 104.0 Melvli

4112.0 27243.0 412.0 108.0 llobvrt
4564.0 27243.0 480.0 104.0 Stewnrt
5052.0 27315.0 28.0 44.0 ,
5136.0 27239.0 500.0 112.0 William
5704.0 27239.0 480.0 112.0 Welden
6276.0 27243.0 228.0 104.0 nnd
6608.0 27239.0 216.0 112.0 Wll

4108.0 27383.0 228.0 108.0 lam
4444.0 27383.0 316.0 128.0 llyan
4776.0 27459.0 28.0 52.0 ,
4896.0 27387.0 420.0 104.0 former
5396.0 27383.0 396.0 104.0 saloon
5840.0 27383.0 472.0 128.0 keepers
6324.0 27459.0 28.0 48.0 ,
6404.0 27407.0 292.0 80.0 wore
6740.0 27407.0 84.0 80.0 ai

4108.0 27527.0 368.0 108.0 rested
4524.0 27527.0 260.0 104.0 hero
4872.0 27531.0 380.0 116.0 to-day
5360.0 27527.0 184.0 104.0 for
5644.0 27523.0 412.0 124.0 selling
6164.0 27523.0 660.0 108.0 Intoxlcatir.

4112.0 27667.0 392.0 132.0 liquor.
4628.0 27667.0 284.0 108.0 Two
4952.0 27667.0 128.0 104.0 ot
5140.0 27667.0 304.0 108.0 them
5468.0 27739.0 28.0 44.0 ,
5552.0 27663.0 224.0 108.0 Mel
5792.0 27667.0 192.0 108.0 vin
6076.0 27663.0 228.0 108.0 and
6400.0 27667.0 424.0 108.0 Stewar

4104.0 27836.0 300.0 84.0 vrero
4448.0 27807.0 288.0 116.0 tried
4784.0 27811.0 380.0 104.0 before
5204.0 27807.0 132.0 112.0 T.
5392.0 27807.0 348.0 108.0 Weed
5752.0 27883.0 28.0 44.0 ,
5832.0 27807.0 364.0 128.0 police
6252.0 27799.0 352.0 136.0 judge
6612.0 27883.0 28.0 52.0 ,
6696.0 27811.0 116.0 104.0 th

4112.0 27955.0 592.0 112.0 afttrnoou
4760.0 27951.0 228.0 116.0 and
5032.0 27951.0 308.0 116.0 fined
5388.0 27955.0 192.0 120.0 ISO
5620.0 27979.0 192.0 92.0 eat
5824.0 27955.0 64.0 80.0 h
5940.0 27951.0 232.0 112.0 aud
6220.0 27959.0 236.0 108.0 cost
6452.0 27979.0 60.0 88.0 *
6520.0 28023.0 28.0 44.0 .
6680.0 27951.0 144.0 112.0 Tl

6864.0 2628.0 316.0 108.0 other
7228.0 2636.0 224.0 100.0 two
7504.0 2632.0 228.0 108.0 will
7840.0 2632.0 132.0 108.0 bo
8072.0 2636.0 288.0 108.0 tried
8468.0 2640.0 688.0 104.0 to-morrow.
9360.0 2632.0 100.0 108.0 It
9572.0 2628.0 96.0 108.0 Is

6864.0 2772.0 688.0 108.0 understood
7604.0 2776.0 244.0 104.0 that
7892.0 2776.0 380.0 112.0 others
8316.0 2808.0 188.0 76.0 arc
8568.0 2776.0 592.0 132.0 suspected
9212.0 2776.0 124.0 104.0 of
9444.0 2772.0 204.0 108.0 sell
9668.0 2820.0 40.0 32.0 *

6872.0 2912.0 192.0 132.0 Ing
7108.0 2944.0 148.0 80.0 on
7312.0 2916.0 188.0 112.0 the
7544.0 2916.0 176.0 132.0 sly
7772.0 2932.0 228.0 96.0 and
8052.0 2948.0 252.0 80.0 new
8352.0 2928.0 412.0 100.0 nrrests
8860.0 2920.0 232.0 108.0 will
9144.0 2916.0 536.0 132.0 probably

6868.0 3060.0 132.0 108.0 be
7052.0 3060.0 324.0 108.0 made
7420.0 3088.0 308.0 84.0 soon.
7832.0 3064.0 344.0 108.0 Since
8220.0 3068.0 192.0 104.0 the
8456.0 3064.0 220.0 108.0 last
8724.0 3064.0 392.0 128.0 spring
9164.0 3060.0 484.0 108.0 election
9668.0 3132.0 24.0 52.0 ,

6872.0 3200.0 368.0 112.0 which
7296.0 3232.0 224.0 80.0 was
7564.0 3208.0 428.0 104.0 carried
8044.0 3208.0 144.0 124.0 by
8236.0 3208.0 192.0 108.0 the
8476.0 3220.0 716.0 116.0 temperance
9244.0 3204.0 400.0 128.0 people
9652.0 3276.0 28.0 52.0 ,

6872.0 3344.0 188.0 108.0 the
7168.0 3352.0 304.0 100.0 town
7584.0 3348.0 200.0 108.0 has
7896.0 3352.0 276.0 104.0 been
8308.0 3348.0 612.0 124.0 unusually
9052.0 3352.0 236.0 104.0 free
9404.0 3352.0 292.0 100.0 from

6872.0 3484.0 804.0 112.0 drunkenness
7728.0 3492.0 224.0 104.0 und
8004.0 3488.0 512.0 112.0 disorder
8556.0 3492.0 228.0 104.0 and
8840.0 3492.0 188.0 104.0 the
9124.0 3488.0 220.0 108.0 law
9436.0 3488.0 252.0 104.0 well

6872.0 3608.0 812.0 104.0 enforcedbut
7736.0 3612.0 396.0 100.0 within
8180.0 3640.0 68.0 72.0 a
8288.0 3616.0 220.0 100.0 few
8560.0 3608.0 372.0 108.0 weeks
8984.0 3620.0 252.0 132.0 p-\st
9288.0 3636.0 64.0 76.0 n
9400.0 3604.0 304.0 128.0 largo

6880.0 3732.0 472.0 96.0 number
7396.0 3728.0 124.0 100.0 of
7588.0 3724.0 480.0 108.0 railroad
8124.0 3752.0 252.0 80.0 men
8436.0 3756.0 260.0 76.0 now
8748.0 3712.0 520.0 128.0 working
9320.0 3748.0 148.0 80.0 on
9520.0 3712.0 188.0 116.0 the

6888.0 3836.0 448.0 108.0 Kansas
7384.0 3844.0 256.0 120.0 City
7688.0 3852.0 100.0 92.0 &
7880.0 3848.0 432.0 100.0 Omaha
8420.0 3844.0 484.0 104.0 railroad
9016.0 3848.0 284.0 100.0 have
9408.0 3844.0 296.0 100.0 been

6880.0 3960.0 344.0 100.0 about
7324.0 3964.0 308.0 96.0 town
7744.0 3964.0 228.0 100.0 and
8080.0 3964.0 432.0 100.0 several
8584.0 3964.0 440.0 104.0 drunks
9076.0 3960.0 284.0 104.0 have
9412.0 3960.0 280.0 100.0 been

6880.0 4072.0 344.0 104.0 taken
7284.0 4072.0 108.0 104.0 In
7452.0 4072.0 340.0 132.0 lately
7848.0 4076.0 224.0 104.0 and
8120.0 4080.0 268.0 104.0 each
8440.0 4080.0 460.0 120.0 sharply
8952.0 4076.0 564.0 116.0 punished
9568.0 4076.0 140.0 116.0 by

6876.0 4188.0 380.0 124.0 Jmlgo
7312.0 4188.0 392.0 108.0 Weed.
7880.0 4196.0 432.0 120.0 To-day
8396.0 4192.0 396.0 124.0 Major
8908.0 4192.0 484.0 104.0 Kendall
9480.0 4192.0 232.0 100.0 nnd

6880.0 4308.0 324.0 100.0 other
7248.0 4308.0 220.0 104.0 law
7512.0 4312.0 228.0 100.0 and
7788.0 4308.0 332.0 104.0 order
8168.0 4316.0 388.0 120.0 people
8644.0 4308.0 272.0 104.0 took
9024.0 4316.0 192.0 96.0 the
9304.0 4312.0 408.0 100.0 matter

6888.0 4424.0 116.0 100.0 In
7120.0 4424.0 308.0 104.0 hand
7536.0 4428.0 228.0 100.0 and
7836.0 4428.0 188.0 100.0 the
8072.0 4428.0 348.0 104.0 result
8472.0 4428.0 92.0 100.0 Is
8616.0 4456.0 64.0 72.0 a
8728.0 4452.0 260.0 96.0 very
9040.0 4424.0 340.0 124.0 lively
9436.0 4424.0 276.0 120.0 tight

6884.0 4540.0 504.0 104.0 between
7444.0 4548.0 188.0 96.0 the
7684.0 4544.0 416.0 104.0 former
8144.0 4544.0 392.0 104.0 saloon
8588.0 4568.0 252.0 80.0 men
8896.0 4544.0 228.0 100.0 and
9220.0 4544.0 188.0 100.0 the
9488.0 4544.0 220.0 100.0 law

6884.0 4652.0 228.0 104.0 ninl
7220.0 4656.0 328.0 104.0 order
7652.0 4668.0 348.0 116.0 party.
8192.0 4660.0 244.0 100.0 The
8532.0 4656.0 708.0 128.0 prosecution
9300.0 4660.0 92.0 100.0 Is
9436.0 4680.0 208.0 80.0 con-

6884.0 4772.0 408.0 104.0 ducted
7408.0 4776.0 140.0 104.0 bv
7656.0 4776.0 452.0 120.0 County
8208.0 4780.0 572.0 112.0 Attorney
8848.0 4772.0 588.0 116.0 McLanoy
9484.0 4772.0 224.0 104.0 and

6888.0 4888.0 432.0 116.0 George
7372.0 4880.0 168.0 112.0 W.
7608.0 4884.0 372.0 112.0 llemls
8048.0 4892.0 124.0 100.0 of
8276.0 4892.0 232.0 100.0 this
8548.0 4892.0 260.0 120.0 city.
8944.0 4888.0 244.0 104.0 The
9236.0 4888.0 476.0 104.0 defense

6892.0 5000.0 92.0 104.0 Is
7036.0 5008.0 720.0 116.0 represented
7804.0 5008.0 144.0 116.0 by
8000.0 5012.0 112.0 100.0 C.
8172.0 5004.0 156.0 104.0 II.
8388.0 5004.0 468.0 104.0 Tanner
8860.0 5076.0 28.0 48.0 ,
8940.0 5008.0 124.0 100.0 of
9116.0 5004.0 552.0 128.0 Hastings
9680.0 5076.0 24.0 56.0 ,

6904.0 5120.0 232.0 104.0 and
7176.0 5120.0 384.0 124.0 Judge
7604.0 5120.0 420.0 108.0 Lehew
8032.0 5196.0 24.0 52.0 ,
8112.0 5124.0 124.0 104.0 of
8300.0 5124.0 528.0 108.0 McCook.

7076.0 5364.0 628.0 116.0 Charged
7784.0 5364.0 364.0 100.0 With
8276.0 5368.0 612.0 100.0 Election
8968.0 5364.0 564.0 100.0 Frauds.

7008.0 5496.0 516.0 112.0 EXKTEII
7532.0 5576.0 28.0 44.0 ,
7632.0 5500.0 276.0 108.0 Neb.
7924.0 5576.0 28.0 56.0 ,
8068.0 5500.0 388.0 108.0 March
8564.0 5508.0 96.0 100.0 0.
8808.0 5504.0 32.0 128.0 [
8856.0 5504.0 440.0 128.0 Special
9404.0 5500.0 272.0 108.0 Tele-

6892.0 5668.0 308.0 92.0 gram
7252.0 5648.0 112.0 100.0 to
7408.0 5644.0 568.0 128.0 thoUEii.j
8124.0 5648.0 804.0 124.0 Keportsfrom
8972.0 5644.0 580.0 128.0 Glengary
9604.0 5644.0 116.0 104.0 In

6892.0 5784.0 392.0 120.0 regard
7336.0 5792.0 112.0 100.0 to
7496.0 5788.0 188.0 108.0 the
7728.0 5788.0 436.0 120.0 alleged
8232.0 5788.0 480.0 112.0 election
8768.0 5792.0 392.0 104.0 frauds
9224.0 5816.0 200.0 100.0 say
9484.0 5788.0 244.0 104.0 that

6892.0 5932.0 948.0 124.0 representatives
7892.0 5948.0 132.0 88.0 or
8084.0 5932.0 588.0 108.0 Fairmont
8752.0 5932.0 488.0 120.0 brought
9320.0 5944.0 124.0 92.0 to
9532.0 5940.0 204.0 96.0 the

6896.0 6072.0 288.0 124.0 polls
7232.0 6072.0 312.0 108.0 three
7596.0 6076.0 440.0 124.0 gallons
8080.0 6079.0 124.0 100.0 of
8268.0 6076.0 444.0 128.0 whisky
8776.0 6079.0 232.0 104.0 and
9076.0 6079.0 316.0 100.0 three
9440.0 6076.0 276.0 116.0 kegs

6896.0 6220.0 128.0 100.0 of
7068.0 6224.0 284.0 100.0 beer.
7432.0 6220.0 104.0 104.0 It
7580.0 6248.0 232.0 80.0 was
7860.0 6224.0 200.0 104.0 not
8108.0 6228.0 240.0 100.0 sold
8404.0 6248.0 124.0 76.0 or
8572.0 6224.0 336.0 124.0 given
8980.0 6243.0 328.0 100.0 away
9312.0 6292.0 28.0 52.0 ,
9396.0 6224.0 196.0 100.0 but
9648.0 6216.0 84.0 104.0 It

6900.0 6388.0 232.0 80.0 was
7180.0 6360.0 208.0 108.0 left
7440.0 6364.0 112.0 104.0 in
7596.0 6392.0 64.0 76.0 n
7704.0 6364.0 752.0 128.0 conspicuous
8504.0 6368.0 312.0 124.0 place
8860.0 6368.0 244.0 100.0 that
9152.0 6388.0 232.0 100.0 any
9472.0 6364.0 260.0 104.0 wl.o

6896.0 6504.0 444.0 108.0 desired
7388.0 6504.0 360.0 128.0 might
7812.0 6508.0 508.0 124.0 partake.
8520.0 6508.0 244.0 104.0 The
8860.0 6508.0 352.0 104.0 result
9324.0 6532.0 228.0 76.0 was
9668.0 6532.0 64.0 76.0 a

6896.0 6647.0 528.0 104.0 drunken
7476.0 6651.0 480.0 104.0 election
8012.0 6651.0 340.0 104.0 board
8400.0 6651.0 232.0 104.0 and
8712.0 6680.0 64.0 76.0 a
8812.0 6651.0 236.0 104.0 free
9124.0 6647.0 304.0 128.0 light.
9564.0 6647.0 172.0 104.0 As

6904.0 6792.0 176.0 100.0 for
7132.0 6792.0 188.0 104.0 the
7404.0 6792.0 436.0 128.0 alleged
7952.0 6792.0 644.0 128.0 tampering
8680.0 6792.0 280.0 108.0 with
9072.0 6792.0 192.0 104.0 thn
9368.0 6788.0 352.0 108.0 ballot

6904.0 6944.0 212.0 88.0 box
7188.0 6932.0 188.0 104.0 the
7480.0 6936.0 476.0 104.0 election
8072.0 6944.0 448.0 100.0 returns
8636.0 6940.0 316.0 104.0 show
9056.0 6932.0 668.0 112.0 thirty-four

6900.0 7072.0 452.0 128.0 against
7396.0 7076.0 364.0 108.0 bonds
7764.0 7156.0 28.0 48.0 ,
7848.0 7080.0 340.0 108.0 vvnile
8232.0 7080.0 564.0 108.0 atlldavlts
8864.0 7080.0 284.0 104.0 have
9252.0 7076.0 472.0 124.0 altcady

6900.0 7215.0 280.0 104.0 been
7236.0 7224.0 460.0 104.0 secured
7752.0 7228.0 288.0 100.0 from
8092.0 7224.0 668.0 128.0 ninety-one
8788.0 7224.0 248.0 104.0 that
9092.0 7215.0 264.0 128.0 they
9408.0 7219.0 332.0 104.0 voted

6904.0 7360.0 480.0 108.0 acalust.
7516.0 7375.0 112.0 92.0 It
7680.0 7368.0 92.0 104.0 Is
7816.0 7364.0 344.0 128.0 being
8212.0 7364.0 760.0 128.0 Investigated
9032.0 7364.0 232.0 108.0 nnd
9328.0 7364.0 88.0 104.0 It
9512.0 7360.0 224.0 108.0 will

6904.0 7532.0 144.0 100.0 go
7096.0 7504.0 280.0 108.0 hard
7428.0 7504.0 276.0 108.0 with
7756.0 7508.0 188.0 108.0 the
7992.0 7516.0 784.0 120.0 perpetrators.

7568.0 7676.0 256.0 80.0 TUB
7892.0 7676.0 592.0 84.0 CHAUOnS
8556.0 7676.0 524.0 84.0 DE.NMUD.

7028.0 7792.0 684.0 108.0 FAIRMONT
7716.0 7867.0 24.0 48.0 ,
7800.0 7796.0 272.0 104.0 Neb.
8092.0 7867.0 24.0 40.0 ,
8176.0 7800.0 384.0 100.0 March
8604.0 7800.0 88.0 100.0 9.
8844.0 7800.0 32.0 116.0 [
8892.0 7796.0 440.0 112.0 Special
9388.0 7800.0 112.0 96.0 to
9548.0 7792.0 192.0 104.0 the

6908.0 7908.0 364.0 148.0 Bii.J
7156.0 7936.0 24.0 76.0 :
7400.0 7912.0 104.0 104.0 It
7548.0 7940.0 368.0 76.0 seems
7964.0 7916.0 236.0 100.0 that
8228.0 7916.0 424.0 104.0 certain
8708.0 7916.0 416.0 120.0 parties
9180.0 7916.0 108.0 96.0 In
9344.0 7912.0 408.0 104.0 Exeter

6908.0 8027.0 232.0 104.0 and
7188.0 8027.0 576.0 124.0 Ulengary
7816.0 8056.0 184.0 76.0 are
8048.0 8056.0 524.0 96.0 verysoro
8620.0 8031.0 472.0 104.0 because
9144.0 8027.0 592.0 104.0 Fairmont

6916.0 8148.0 204.0 100.0 has
7168.0 8148.0 464.0 104.0 secured
7680.0 8148.0 188.0 100.0 the
7920.0 8148.0 432.0 104.0 Omaha
8400.0 8152.0 100.0 96.0 &
8556.0 8144.0 444.0 108.0 Kansas
9112.0 8148.0 256.0 116.0 City
9476.0 8144.0 208.0 104.0 rail-

6908.0 8264.0 268.0 100.0 road
7192.0 8336.0 24.0 40.0 ,
7272.0 8267.0 228.0 96.0 and
7552.0 8264.0 288.0 104.0 have
7888.0 8264.0 280.0 104.0 tried
8224.0 8271.0 112.0 92.0 to
8384.0 8288.0 336.0 80.0 cause
8808.0 8267.0 192.0 96.0 the
9072.0 8264.0 376.0 116.0 report
9496.0 8264.0 244.0 100.0 that

6916.0 8376.0 596.0 104.0 Fairmont
7560.0 8384.0 420.0 108.0 parties
8024.0 8380.0 288.0 104.0 stole
8360.0 8384.0 228.0 100.0 nnd
8676.0 8380.0 416.0 104.0 stuffed
9140.0 8392.0 188.0 92.0 the
9380.0 8376.0 348.0 104.0 ballot

6916.0 8496.0 344.0 104.0 boxes
7312.0 8496.0 216.0 104.0 last
7576.0 8496.0 560.0 120.0 Saturday
8184.0 8500.0 332.0 100.0 down
8616.0 8492.0 108.0 104.0 In
8824.0 8496.0 568.0 120.0 Glengary
9504.0 8520.0 236.0 96.0 pie-

6916.0 8612.0 332.0 104.0 cinct.
7372.0 8612.0 104.0 104.0 It
7528.0 8640.0 228.0 76.0 was
7804.0 8644.0 64.0 72.0 n
7912.0 8612.0 540.0 104.0 stubborn
8512.0 8612.0 268.0 124.0 light
8792.0 8684.0 24.0 48.0 ,
8872.0 8624.0 228.0 92.0 and
9152.0 8620.0 188.0 92.0 the
9388.0 8608.0 364.0 104.0 bonds

6924.0 8755.0 292.0 76.0 were
7264.0 8728.0 460.0 104.0 canted.
7860.0 8728.0 288.0 104.0 Now
8196.0 8732.0 316.0 100.0 these
8564.0 8732.0 224.0 96.0 few
8856.0 8755.0 248.0 76.0 sore
9156.0 8728.0 344.0 100.0 heads
9544.0 8755.0 32.0 72.0 s
9576.0 8780.0 20.0 44.0 >
9604.0 8751.0 144.0 92.0 ay

6924.0 8848.0 244.0 100.0 that
7220.0 8852.0 188.0 96.0 the
7456.0 8848.0 340.0 100.0 ballot
7852.0 8848.0 212.0 100.0 box
8144.0 8872.0 232.0 72.0 wns
8452.0 8848.0 364.0 100.0 stolen
8912.0 8848.0 144.0 112.0 by
9128.0 8868.0 224.0 76.0 one
9396.0 8848.0 112.0 96.0 ol
9564.0 8843.0 188.0 100.0 the

6916.0 8964.0 364.0 100.0 clerks
7324.0 8968.0 124.0 92.0 of
7496.0 8960.0 484.0 104.0 election
7992.0 9036.0 24.0 44.0 ,
8120.0 8964.0 340.0 96.0 taken
8536.0 8976.0 116.0 84.0 to
8756.0 8988.0 68.0 76.0 n
8932.0 8960.0 380.0 104.0 school
9368.0 8960.0 344.0 100.0 house
9720.0 9032.0 24.0 48.0 ,

6920.0 9075.0 224.0 104.0 nnd
7208.0 9075.0 148.0 104.0 all
7424.0 9075.0 408.0 104.0 ballots
7936.0 9075.0 472.0 120.0 ngnliibt
8500.0 9079.0 192.0 100.0 the
8800.0 9075.0 488.0 104.0 railroad
9364.0 9075.0 392.0 124.0 .bonds

6920.0 9220.0 292.0 76.0 wore
7316.0 9192.0 568.0 104.0 extracted
7992.0 9196.0 248.0 100.0 mid
8356.0 9196.0 116.0 100.0 In
8624.0 9196.0 292.0 100.0 their
9024.0 9192.0 312.0 124.0 place
9456.0 9192.0 296.0 104.0 "For

6916.0 9308.0 440.0 104.0 bonds"
7476.0 9336.0 292.0 76.0 were
7872.0 9332.0 236.0 100.0 put.
8308.0 9312.0 196.0 100.0 An
8616.0 9308.0 816.0 124.0 investigation
9552.0 9316.0 204.0 100.0 1ms

6920.0 9436.0 408.0 96.0 shown
7380.0 9452.0 156.0 96.0 up
7584.0 9428.0 564.0 104.0 different.

7520.0 9696.0 780.0 100.0 Unnnrthed
8360.0 9727.0 76.0 68.0 a
8484.0 9696.0 672.0 104.0 Skeleton.

7044.0 9836.0 692.0 108.0 COLUMIIUS
7744.0 9912.0 24.0 44.0 ,
7824.0 9836.0 896.0 124.0 Neb..March9.
8872.0 9836.0 32.0 124.0 [
8916.0 9836.0 436.0 112.0 Special
9404.0 9836.0 116.0 104.0 to
9572.0 9832.0 192.0 104.0 the

6924.0 9979.0 356.0 124.0 BEK.J
7416.0 9975.0 500.0 112.0 Officials
7960.0 9988.0 228.0 96.0 and
8232.0 9979.0 472.0 104.0 citizens
8780.0 10008.0 288.0 80.0 were
9116.0 9975.0 476.0 108.0 aroused
9636.0 9984.0 120.0 96.0 to-

6928.0 10152.0 64.0 76.0 n
7040.0 10120.0 268.0 108.0 hit-'li
7360.0 10124.0 288.0 104.0 state
7692.0 10124.0 124.0 100.0 of
7856.0 10124.0 688.0 104.0 excitement
8592.0 10124.0 144.0 120.0 by
8824.0 10152.0 68.0 76.0 a
8980.0 10124.0 376.0 124.0 report
9404.0 10120.0 248.0 104.0 that
9700.0 10148.0 68.0 76.0 n

6932.0 10264.0 448.0 104.0 murder
7424.0 10260.0 220.0 108.0 had
7724.0 10264.0 280.0 104.0 been
8120.0 10264.0 660.0 104.0 committed
8904.0 10287.0 272.0 84.0 near
9280.0 10264.0 188.0 104.0 the
9580.0 10260.0 184.0 108.0 old

6928.0 10428.0 400.0 92.0 wagon
7384.0 10404.0 384.0 120.0 bridge
7816.0 10432.0 372.0 76.0 ncioss
8236.0 10404.0 192.0 104.0 the
8516.0 10404.0 324.0 128.0 Loiip
8932.0 10404.0 296.0 108.0 river
9316.0 10408.0 456.0 120.0 leading

6936.0 10543.0 244.0 104.0 Into
7232.0 10547.0 608.0 104.0 Columbus
7944.0 10547.0 232.0 104.0 this
8256.0 10552.0 572.0 112.0 monitor.
8956.0 10547.0 248.0 104.0 The
9292.0 10576.0 476.0 80.0 coroner

6932.0 10688.0 408.0 104.0 visited
7392.0 10691.0 192.0 100.0 the
7632.0 10695.0 248.0 100.0 spot
7892.0 10764.0 24.0 44.0 ,
7972.0 10691.0 368.0 100.0 which
8392.0 10716.0 232.0 76.0 was
8712.0 10691.0 368.0 104.0 found
9196.0 10695.0 112.0 100.0 to
9396.0 10691.0 136.0 100.0 be
9616.0 10720.0 144.0 76.0 on

6936.0 10828.0 184.0 104.0 the
7168.0 10828.0 328.0 108.0 south
7544.0 10828.0 244.0 108.0 side
7840.0 10832.0 120.0 100.0 of
8008.0 10836.0 188.0 100.0 thu
8244.0 10832.0 304.0 124.0 laige
8600.0 10832.0 164.0 108.0 Ice
8812.0 10836.0 348.0 104.0 house
9196.0 10840.0 124.0 96.0 of
9388.0 10832.0 380.0 104.0 Miller

6936.0 11023.0 28.0 48.0 >
6964.0 10976.0 20.0 96.0 !
6984.0 11000.0 56.0 72.0 c
7092.0 10972.0 396.0 112.0 Uaker.
7548.0 10976.0 224.0 100.0 and
7788.0 11048.0 24.0 52.0 ,
7872.0 11000.0 252.0 80.0 sure
8220.0 10976.0 444.0 120.0 enough
8680.0 11052.0 28.0 48.0 ,
8804.0 10980.0 308.0 100.0 there
9204.0 11004.0 296.0 80.0 were
9584.0 10976.0 192.0 104.0 the

6936.0 11115.0 356.0 104.0 bones
7340.0 11115.0 124.0 104.0 of
7508.0 11148.0 64.0 72.0 a
7620.0 11115.0 420.0 104.0 human
8100.0 11115.0 292.0 124.0 body
8436.0 11120.0 116.0 100.0 In
8644.0 11120.0 152.0 104.0 all
8908.0 11120.0 296.0 104.0 their
9308.0 11115.0 464.0 128.0 ghaatll-

6944.0 11284.0 264.0 76.0 ness
7316.0 11267.0 492.0 116.0 exposed
7916.0 11263.0 112.0 100.0 to
8144.0 11259.0 316.0 104.0 view.
8592.0 11259.0 228.0 104.0 Hut
8928.0 11263.0 264.0 120.0 they
9252.0 11263.0 220.0 100.0 had
9552.0 11259.0 180.0 104.0 evi-

6940.0 11400.0 392.0 120.0 dently
7384.0 11400.0 220.0 104.0 laid
7656.0 11400.0 496.0 108.0 secreted
8212.0 11400.0 112.0 108.0 In
8384.0 11404.0 188.0 104.0 the
8660.0 11404.0 288.0 104.0 band
9032.0 11435.0 60.0 72.0 a
9148.0 11412.0 268.0 112.0 long
9468.0 11404.0 296.0 104.0 time.

6948.0 11519.0 540.0 104.0 Whether
7540.0 11519.0 412.0 104.0 Indian
8024.0 11548.0 128.0 72.0 or
8244.0 11524.0 352.0 100.0 white
8644.0 11548.0 176.0 96.0 pei
8916.0 11548.0 140.0 72.0 on
9120.0 11524.0 92.0 100.0 is
9252.0 11548.0 64.0 76.0 a
9368.0 11528.0 408.0 96.0 matter

6948.0 11644.0 116.0 92.0 ot
7112.0 11636.0 380.0 104.0 doubt.
7620.0 11644.0 172.0 96.0 As
7832.0 11640.0 184.0 100.0 the
8048.0 11640.0 516.0 100.0 skeleton
8612.0 11663.0 228.0 76.0 was
8892.0 11640.0 364.0 100.0 found
9304.0 11663.0 140.0 72.0 on
9504.0 11640.0 268.0 100.0 land

6952.0 11751.0 240.0 104.0 that
7244.0 11755.0 220.0 100.0 had
7512.0 11751.0 276.0 104.0 been
7844.0 11755.0 272.0 100.0 used
8172.0 11759.0 176.0 96.0 for
8432.0 11780.0 328.0 96.0 years
8848.0 11784.0 124.0 76.0 ns
9076.0 11784.0 68.0 72.0 a
9244.0 11755.0 536.0 120.0 camping

6948.0 11876.0 320.0 116.0 place
7376.0 11880.0 176.0 92.0 tor
7660.0 11872.0 264.0 100.0 both
8040.0 11868.0 480.0 108.0 Indians
8608.0 11876.0 228.0 100.0 nnd
8884.0 11872.0 616.0 112.0 emigrants
9508.0 11944.0 24.0 48.0 ,
9592.0 11876.0 188.0 96.0 the

6948.0 11987.0 652.0 100.0 conclusion
7656.0 11987.0 444.0 100.0 nrrived
8144.0 11995.0 116.0 92.0 nt
8304.0 11987.0 144.0 120.0 by
8500.0 11987.0 184.0 104.0 Dr.
8772.0 11987.0 372.0 120.0 Schoy
9148.0 12060.0 24.0 44.0 ,
9276.0 11987.0 188.0 104.0 the
9540.0 12016.0 192.0 76.0 cor-

6952.0 12128.0 276.0 76.0 oner
7232.0 12176.0 24.0 44.0 ,
7312.0 12112.0 96.0 92.0 Is
7456.0 12108.0 244.0 96.0 that
7748.0 12128.0 148.0 76.0 no
7948.0 12104.0 452.0 124.0 Inquest
8488.0 12104.0 328.0 104.0 could
8916.0 12104.0 308.0 108.0 elicit
9308.0 12132.0 228.0 92.0 any
9588.0 12108.0 116.0 96.0 in-

6956.0 12220.0 604.0 100.0 formation
7676.0 12220.0 344.0 104.0 about
8124.0 12220.0 364.0 104.0 cither
8568.0 12224.0 192.0 100.0 the
8808.0 12220.0 272.0 104.0 time
9124.0 12247.0 128.0 72.0 or
9296.0 12247.0 332.0 76.0 cause
9660.0 12220.0 124.0 100.0 of

6952.0 12336.0 332.0 104.0 death
7300.0 12407.0 28.0 44.0 ,
7420.0 12336.0 232.0 104.0 and
7740.0 12336.0 140.0 104.0 he
7968.0 12340.0 264.0 100.0 took
8280.0 12340.0 408.0 116.0 cliaigo
8736.0 12344.0 124.0 92.0 of
8924.0 12340.0 188.0 100.0 the
9156.0 12336.0 348.0 104.0 bones
9548.0 12340.0 228.0 100.0 and

6960.0 12479.0 280.0 84.0 gave
7336.0 12452.0 304.0 104.0 them
7728.0 12479.0 144.0 76.0 an
7932.0 12452.0 616.0 104.0 Interment
8660.0 12456.0 112.0 96.0 In
8892.0 12460.0 184.0 96.0 the
9180.0 12460.0 592.0 116.0 cemetery.

6956.0 12552.0 240.0 116.0 The
7244.0 12571.0 656.0 100.0 reasonable
7944.0 12571.0 492.0 100.0 solution
8496.0 12571.0 92.0 96.0 is
8636.0 12571.0 244.0 100.0 that
8976.0 12575.0 84.0 96.0 It
9152.0 12596.0 224.0 76.0 was
9464.0 12596.0 312.0 76.0 some

6956.0 12688.0 564.0 116.0 emigrant
7620.0 12688.0 244.0 100.0 that
7964.0 12684.0 260.0 104.0 died
8332.0 12684.0 336.0 104.0 while
8752.0 12684.0 496.0 140.0 camplui
9248.0 12712.0 40.0 80.0 :
9380.0 12708.0 148.0 76.0 on
9584.0 12688.0 192.0 100.0 the

6960.0 12824.0 292.0 80.0 river
7296.0 12803.0 304.0 96.0 banK
7648.0 12803.0 224.0 96.0 and
7928.0 12824.0 228.0 80.0 was
8208.0 12799.0 380.0 104.0 buried
8656.0 12828.0 272.0 76.0 near
9012.0 12784.0 148.0 136.0 by
9164.0 12872.0 28.0 52.0 ,
9288.0 12803.0 484.0 120.0 pcihaps

6956.0 12920.0 416.0 108.0 dining
7416.0 12928.0 188.0 92.0 the
7648.0 12924.0 308.0 112.0 early
8012.0 12920.0 228.0 100.0 tide
8292.0 12924.0 120.0 92.0 of
8504.0 12924.0 188.0 96.0 the
8736.0 12920.0 264.0 124.0 gold
9084.0 12904.0 688.0 116.0 excitement

6956.0 13039.0 120.0 92.0 ot
7128.0 13016.0 620.0 120.0 California
7792.0 13059.0 124.0 72.0 or
7964.0 13032.0 376.0 104.0 Pike's
8396.0 13036.0 336.0 104.0 Peak.
8860.0 13036.0 364.0 100.0 There
9276.0 13059.0 232.0 80.0 was
9544.0 13059.0 184.0 80.0 cer-

6956.0 13152.0 368.0 112.0 tainly
7372.0 13176.0 152.0 76.0 no
7568.0 13152.0 540.0 104.0 evidence
8156.0 13152.0 124.0 100.0 of
8344.0 13152.0 540.0 104.0 violence.

7260.0 13424.0 568.0 116.0 Making
7920.0 13424.0 356.0 96.0 CJooil
8344.0 13436.0 228.0 84.0 the
8656.0 13424.0 804.0 116.0 Deficiency.

7020.0 13560.0 520.0 104.0 Exr.TKii
7548.0 13636.0 24.0 48.0 ,
7632.0 13560.0 276.0 108.0 Neb.
7924.0 13636.0 28.0 48.0 ,
8004.0 13560.0 508.0 108.0 Mnich9.
8664.0 13564.0 28.0 120.0 [
8708.0 13564.0 440.0 108.0 Sueclal
9196.0 13564.0 592.0 120.0 Telegram

6964.0 13707.0 116.0 100.0 to
7128.0 13703.0 188.0 104.0 the
7372.0 13703.0 260.0 104.0 UEK
7648.0 13699.0 32.0 116.0 !
7824.0 13707.0 104.0 100.0 A
7996.0 13703.0 640.0 124.0 delegation
8692.0 13707.0 120.0 100.0 ot
8916.0 13707.0 468.0 104.0 citizens
9468.0 13711.0 312.0 100.0 went

6964.0 13851.0 120.0 96.0 to
7188.0 13847.0 468.0 104.0 Geneva
7760.0 13844.0 596.0 124.0 yesterday
8424.0 13855.0 116.0 96.0 to
8584.0 13855.0 400.0 96.0 confer
9088.0 13847.0 272.0 108.0 with
9408.0 13847.0 380.0 112.0 Judge

6964.0 13988.0 284.0 104.0 Post
7360.0 13992.0 232.0 100.0 nnd
7700.0 13988.0 512.0 108.0 received
8324.0 13992.0 288.0 100.0 from
8660.0 13992.0 236.0 104.0 him
8944.0 13992.0 192.0 104.0 the
9172.0 14015.0 612.0 80.0 assurance

6988.0 14128.0 244.0 108.0 that
7288.0 14128.0 88.0 104.0 if
7420.0 14136.0 420.0 100.0 Exeter
7904.0 14136.0 228.0 100.0 and
8184.0 14132.0 464.0 108.0 Geneva
8696.0 14132.0 368.0 108.0 would
9120.0 14136.0 324.0 100.0 make
9492.0 14144.0 292.0 116.0 good

6972.0 14275.0 188.0 100.0 the
7208.0 14275.0 620.0 120.0 deficiency
7872.0 14279.0 412.0 100.0 caused
8336.0 14288.0 140.0 96.0 by
8564.0 14275.0 472.0 104.0 Chelsea
9076.0 14275.0 508.0 124.0 precinct
9628.0 14304.0 120.0 76.0 re-

6964.0 14412.0 392.0 120.0 fusing
7460.0 14419.0 112.0 96.0 to
7624.0 14423.0 252.0 92.0 vote
8000.0 14415.0 364.0 100.0 bonds
8488.0 14415.0 184.0 100.0 for
8716.0 14419.0 360.0 116.0 55,000
9140.0 14415.0 192.0 100.0 the
9380.0 14415.0 368.0 100.0 North-

6988.0 14536.0 484.0 92.0 western
7588.0 14532.0 372.0 100.0 would
8056.0 14528.0 136.0 100.0 bo
8296.0 14528.0 288.0 100.0 built
8668.0 14528.0 480.0 116.0 through
9208.0 14532.0 424.0 100.0 Exeter
9672.0 14544.0 116.0 88.0 to

6968.0 14644.0 464.0 104.0 Geneva
7536.0 14640.0 144.0 120.0 by
7780.0 14644.0 280.0 120.0 July
8164.0 14648.0 96.0 96.0 1.
8400.0 14644.0 244.0 100.0 The
8724.0 14648.0 352.0 112.0 Si.OOO
9124.0 14648.0 180.0 100.0 for
9368.0 14644.0 416.0 104.0 Exeter

6968.0 14784.0 228.0 76.0 was
7300.0 14759.0 564.0 124.0 promptly
7968.0 14763.0 696.0 112.0 guaranteed
8712.0 14759.0 144.0 120.0 by
8908.0 14763.0 156.0 100.0 11.
9124.0 14763.0 132.0 104.0 G.
9372.0 14763.0 368.0 100.0 Smith
9752.0 14835.0 28.0 48.0 ,

6964.0 14876.0 128.0 100.0 O.
7152.0 14876.0 88.0 100.0 P
7244.0 14948.0 24.0 52.0 ,
7320.0 14876.0 376.0 104.0 Baker
7700.0 14948.0 28.0 48.0 ,
7844.0 14872.0 116.0 104.0 F.
8028.0 14876.0 140.0 100.0 11.
8228.0 14876.0 124.0 104.0 L.
8412.0 14880.0 224.0 100.0 Lee
8728.0 14880.0 228.0 100.0 and
9004.0 14880.0 120.0 100.0 C.
9176.0 14880.0 116.0 100.0 S.
9340.0 14880.0 456.0 100.0 Cleave-

6964.0 14991.0 308.0 104.0 laud.
7400.0 14999.0 112.0 92.0 A
7616.0 15016.0 348.0 120.0 paper
8068.0 15016.0 232.0 80.0 was
8344.0 14991.0 612.0 104.0 cliculated
9060.0 14991.0 264.0 104.0 here
9412.0 14999.0 384.0 116.0 to-day

6968.0 15108.0 224.0 100.0 nnd
7240.0 15108.0 412.0 120.0 signed
7736.0 15108.0 140.0 100.0 bv
7924.0 15132.0 268.0 76.0 over
8280.0 15116.0 228.0 96.0 two
8552.0 15108.0 364.0 104.0 thirds
8980.0 15112.0 128.0 96.0 of
9156.0 15112.0 192.0 100.0 the
9388.0 15116.0 408.0 108.0 voting

6968.0 15220.0 660.0 124.0 population
7740.0 15223.0 544.0 120.0 pledging
8392.0 15227.0 116.0 100.0 to
8564.0 15227.0 248.0 100.0 vote
8920.0 15227.0 360.0 100.0 bonds
9388.0 15231.0 112.0 96.0 to
9548.0 15227.0 244.0 100.0 that

6972.0 15352.0 476.0 92.0 amount
7556.0 15364.0 124.0 76.0 as
7732.0 15364.0 272.0 76.0 .soon
8056.0 15364.0 124.0 76.0 as
8224.0 15364.0 144.0 80.0 an
8420.0 15340.0 484.0 104.0 election
8952.0 15368.0 208.0 76.0 can
9208.0 15344.0 136.0 104.0 bo
9388.0 15344.0 400.0 104.0 called.

6980.0 15440.0 344.0 124.0 Work
7376.0 15452.0 232.0 108.0 will
7656.0 15456.0 132.0 104.0 bo
7828.0 15464.0 728.0 100.0 commenced
8648.0 15464.0 120.0 96.0 at
8812.0 15483.0 316.0 84.0 once.

7272.0 15700.0 116.0 100.0 A
7472.0 15704.0 548.0 108.0 College
8084.0 15704.0 724.0 96.0 President
8876.0 15704.0 612.0 100.0 Kloctod.

7092.0 15840.0 572.0 104.0 CENTHAI
7668.0 15899.0 32.0 40.0 ,
7800.0 15840.0 308.0 104.0 CITY
8112.0 15912.0 24.0 48.0 ,
8188.0 15840.0 280.0 104.0 Neb.
8484.0 15912.0 28.0 32.0 .
8608.0 15840.0 392.0 104.0 March
9048.0 15844.0 92.0 100.0 8.
9280.0 15844.0 36.0 124.0 J
9344.0 15840.0 456.0 128.0 Special

6972.0 15983.0 592.0 120.0 Telegram
7612.0 15983.0 116.0 100.0 to
7760.0 15983.0 184.0 100.0 the
7984.0 15983.0 264.0 104.0 Br.E
8276.0 15996.0 16.0 108.0 |
8436.0 15983.0 272.0 104.0 Kev.
8768.0 15979.0 368.0 108.0 David
9180.0 15983.0 624.0 116.0 Marguettu

6980.0 16152.0 232.0 80.0 was
7300.0 16127.0 432.0 104.0 elected
7836.0 16127.0 584.0 108.0 president
8524.0 16127.0 124.0 100.0 of
8736.0 16127.0 464.0 104.0 Central
9312.0 16127.0 452.0 128.0 College
9772.0 16203.0 24.0 48.0 ,

6980.0 16244.0 460.0 104.0 Cential
7488.0 16248.0 256.0 120.0 City
7752.0 16316.0 28.0 56.0 ,
7832.0 16244.0 276.0 104.0 Neb.
8124.0 16316.0 28.0 40.0 ,
8208.0 16252.0 116.0 92.0 to
8368.0 16252.0 252.0 108.0 day.

7492.0 16488.0 316.0 100.0 THE
7808.0 16488.0 28.0 96.0 :
7920.0 16488.0 424.0 100.0 BASE
8420.0 16488.0 832.0 100.0 HALLISTS.

7004.0 16748.0 876.0 116.0 Washington
8000.0 16748.0 436.0 92.0 Takes
8552.0 16748.0 356.0 96.0 Four
9016.0 16752.0 160.0 92.0 of
9268.0 16748.0 536.0 100.0 Kansas

7348.0 16892.0 412.0 112.0 City's
7836.0 16892.0 304.0 96.0 Men
8292.0 16892.0 408.0 96.0 Rules
8776.0 16892.0 660.0 120.0 Adopted.

7100.0 17031.0 316.0 108.0 Nr.w
7468.0 17027.0 360.0 108.0 YOIIK
7832.0 17103.0 32.0 48.0 ,
7940.0 17027.0 384.0 104.0 March
8388.0 17031.0 88.0 104.0 9.
8632.0 17027.0 32.0 128.0 [
8676.0 17027.0 444.0 120.0 Special
9208.0 17027.0 596.0 124.0 Telegram

6984.0 17179.0 120.0 104.0 to
7212.0 17175.0 188.0 104.0 the
7508.0 17175.0 372.0 124.0 BKI.J
8028.0 17167.0 364.0 112.0 When
8488.0 17171.0 188.0 104.0 the
8760.0 17171.0 572.0 124.0 delegates
9416.0 17175.0 124.0 100.0 of
9612.0 17175.0 196.0 104.0 the

6984.0 17320.0 544.0 108.0 National
7580.0 17320.0 288.0 104.0 Base
7916.0 17316.0 248.0 104.0 Ball
8240.0 17316.0 396.0 120.0 league
8684.0 17320.0 228.0 100.0 met
8996.0 17320.0 120.0 100.0 nt
9200.0 17316.0 192.0 104.0 the
9480.0 17316.0 320.0 104.0 Fifth

6988.0 17468.0 484.0 100.0 Avenue
7516.0 17460.0 304.0 104.0 hotel
7864.0 17460.0 224.0 104.0 this
8136.0 17460.0 536.0 120.0 morning
8704.0 17456.0 88.0 104.0 It
8840.0 17484.0 228.0 80.0 was
9116.0 17460.0 692.0 104.0 announced

6992.0 17608.0 248.0 104.0 that
7284.0 17636.0 64.0 76.0 n
7396.0 17620.0 316.0 112.0 reply
7756.0 17603.0 224.0 104.0 had
8028.0 17603.0 280.0 100.0 been
8404.0 17599.0 508.0 104.0 received
9000.0 17599.0 432.0 124.0 shortly
9516.0 17608.0 300.0 100.0 niter

6996.0 17743.0 572.0 128.0 midnight
7672.0 17747.0 292.0 104.0 from
8052.0 17743.0 456.0 108.0 Kansas
8596.0 17747.0 260.0 116.0 City
8856.0 17815.0 28.0 36.0 ,
8944.0 17743.0 588.0 128.0 accepting
9620.0 17747.0 192.0 104.0 the

6992.0 17899.0 248.0 96.0 lirst
7280.0 17899.0 292.0 96.0 otler
7628.0 17899.0 132.0 92.0 ot
7836.0 17888.0 200.0 108.0 the
8112.0 17888.0 404.0 120.0 league
8592.0 17892.0 192.0 100.0 for
8860.0 17888.0 308.0 108.0 their
9244.0 17892.0 452.0 120.0 players

6996.0 18036.0 456.0 124.0 namely
7456.0 18108.0 24.0 44.0 ,
7536.0 18036.0 352.0 120.0 80,000
7892.0 18108.0 28.0 44.0 ,
7980.0 18032.0 188.0 104.0 the
8236.0 18036.0 424.0 104.0 second
8744.0 18032.0 416.0 128.0 proffer
9248.0 18032.0 120.0 100.0 of
9452.0 18036.0 360.0 120.0 S3,500

6996.0 18184.0 180.0 100.0 for
7216.0 18180.0 216.0 104.0 live
7476.0 18180.0 124.0 100.0 of
7648.0 18176.0 296.0 108.0 their
7996.0 18200.0 252.0 80.0 men
8264.0 18251.0 24.0 48.0 ,
8344.0 18176.0 280.0 104.0 with
8672.0 18200.0 144.0 80.0 an
8912.0 18192.0 320.0 88.0 extra
9316.0 18176.0 224.0 108.0 S'XX
9536.0 18184.0 36.0 88.0 )
9636.0 18176.0 184.0 104.0 for

6992.0 18323.0 520.0 104.0 Hadford
7564.0 18327.0 204.0 100.0 not
7848.0 18319.0 344.0 124.0 being
8276.0 18319.0 668.0 104.0 considered
9032.0 18319.0 520.0 104.0 satlsfnct
9612.0 18344.0 204.0 100.0 ory

6996.0 18463.0 244.0 104.0 The
7284.0 18463.0 652.0 120.0 agreement
8004.0 18487.0 232.0 84.0 was
8316.0 18459.0 380.0 108.0 closed
8784.0 18487.0 148.0 80.0 on
9024.0 18463.0 316.0 104.0 these
9428.0 18471.0 148.0 96.0 tei
9612.0 18487.0 196.0 80.0 ins.

6996.0 18608.0 244.0 104.0 The
7292.0 18608.0 760.0 120.0 Washington
8120.0 18631.0 264.0 80.0 111011
8476.0 18608.0 468.0 104.0 secured
9032.0 18612.0 264.0 96.0 four
9376.0 18608.0 444.0 120.0 players

7004.0 18752.0 176.0 100.0 for
7224.0 18748.0 372.0 104.0 whom
7648.0 18752.0 268.0 120.0 they
8004.0 18748.0 284.0 108.0 have
8372.0 18748.0 284.0 108.0 been
8748.0 18748.0 656.0 124.0 contesting
9492.0 18752.0 320.0 100.0 since

7004.0 18891.0 264.0 120.0 they
7312.0 18916.0 284.0 100.0 gave
7644.0 18916.0 152.0 100.0 up
7840.0 18887.0 192.0 104.0 thn
8100.0 18891.0 288.0 124.0 hope
8472.0 18895.0 128.0 96.0 of
8684.0 18891.0 428.0 124.0 nddlng
9200.0 18895.0 456.0 100.0 Ulnssco

7000.0 19039.0 120.0 100.0 to
7164.0 19035.0 292.0 100.0 their
7488.0 19039.0 296.0 100.0 team
7916.0 19035.0 456.0 112.0 namely
8372.0 19107.0 28.0 48.0 ,
8480.0 19031.0 592.0 128.0 Donnelly
9072.0 19107.0 28.0 52.0 ,
9196.0 19035.0 152.0 104.0 AI
9396.0 19035.0 380.0 124.0 Myers
9784.0 19111.0 28.0 48.0 ,

7012.0 19176.0 544.0 124.0 Whitney
7644.0 19172.0 220.0 108.0 and
7964.0 19176.0 524.0 108.0 O'Brien.
8620.0 19180.0 116.0 104.0 A
8816.0 19180.0 276.0 116.0 long
9176.0 19176.0 640.0 108.0 discussion

7008.0 19320.0 268.0 104.0 took
7328.0 19320.0 312.0 124.0 place
7684.0 19344.0 268.0 80.0 over
7996.0 19316.0 192.0 108.0 the
8228.0 19320.0 312.0 104.0 draft
8616.0 19324.0 124.0 100.0 of
8824.0 19324.0 192.0 100.0 the
9100.0 19320.0 532.0 104.0 schedule
9700.0 19324.0 128.0 100.0 of

7008.0 19488.0 384.0 96.0 games
7444.0 19459.0 176.0 104.0 for
7684.0 19463.0 188.0 104.0 the
7916.0 19459.0 460.0 124.0 coming
8420.0 19488.0 404.0 80.0 season
8836.0 19535.0 28.0 52.0 ,
8952.0 19463.0 232.0 104.0 and
9232.0 19459.0 428.0 120.0 though
9732.0 19463.0 92.0 104.0 It

7012.0 19627.0 240.0 84.0 was
7288.0 19607.0 116.0 100.0 at
7448.0 19627.0 220.0 80.0 one
7716.0 19599.0 268.0 104.0 time
8048.0 19603.0 684.0 104.0 announced
8824.0 19603.0 244.0 104.0 that
9116.0 19603.0 88.0 104.0 It
9252.0 19603.0 220.0 104.0 had
9516.0 19603.0 288.0 104.0 boon

7012.0 19748.0 524.0 124.0 accepted
7568.0 19744.0 236.0 128.0 just
7848.0 19771.0 128.0 76.0 as
8020.0 19740.0 476.0 128.0 brought
8536.0 19744.0 112.0 104.0 In
8664.0 19820.0 28.0 52.0 ,
8736.0 19748.0 92.0 104.0 tt
8860.0 19771.0 240.0 80.0 was
9128.0 19752.0 208.0 100.0 not
9380.0 19748.0 124.0 104.0 in
9552.0 19748.0 272.0 104.0 final

7008.0 19892.0 348.0 128.0 shape
7404.0 19892.0 116.0 104.0 at
7568.0 19916.0 344.0 80.0 noon.
8044.0 19888.0 124.0 108.0 F.
8260.0 19888.0 140.0 108.0 N.
8496.0 19888.0 472.0 108.0 Stearns
9056.0 19916.0 236.0 80.0 was
9376.0 19888.0 436.0 108.0 elected

7012.0 20031.0 480.0 108.0 director
7548.0 20035.0 116.0 104.0 to
7716.0 20031.0 156.0 104.0 fill
7920.0 20031.0 192.0 104.0 the
8160.0 20031.0 312.0 120.0 place
8536.0 20031.0 124.0 104.0 of
8708.0 20031.0 504.0 108.0 Menzles
9260.0 20031.0 328.0 108.0 when
9644.0 20031.0 188.0 108.0 the

7012.0 20175.0 340.0 108.0 latter
7392.0 20175.0 400.0 104.0 retires
7836.0 20175.0 436.0 120.0 shortly
8324.0 20175.0 276.0 104.0 with
8648.0 20175.0 456.0 108.0 Kansas
9156.0 20175.0 296.0 120.0 City.
9588.0 20175.0 244.0 108.0 The

7016.0 20320.0 684.0 124.0 application
7792.0 20320.0 288.0 104.0 from
8168.0 20320.0 192.0 104.0 the
8452.0 20320.0 764.0 112.0 PHtsbnrcers
9304.0 20323.0 180.0 100.0 for
9572.0 20343.0 200.0 92.0 per-

7024.0 20443.0 464.0 96.0 mission
7544.0 20439.0 112.0 100.0 to
7736.0 20439.0 400.0 100.0 reduce
8228.0 20435.0 292.0 104.0 their
8592.0 20439.0 364.0 100.0 tariffs
9040.0 20439.0 780.0 100.0 encountered

7016.0 20556.0 344.0 120.0 sharp
7440.0 20556.0 688.0 124.0 opposition.
8264.0 20552.0 168.0 104.0 Its
8476.0 20560.0 652.0 116.0 supporters
9176.0 20556.0 648.0 120.0 ultimately

7024.0 20671.0 220.0 100.0 had
7296.0 20683.0 116.0 92.0 to
7460.0 20675.0 132.0 96.0 be
7636.0 20671.0 500.0 100.0 satisfied
8184.0 20667.0 272.0 104.0 with
8508.0 20675.0 188.0 96.0 tlio
8736.0 20696.0 312.0 76.0 same
9088.0 20671.0 740.0 104.0 commission

7028.0 20792.0 248.0 100.0 that
7384.0 20792.0 96.0 100.0 Is
7584.0 20788.0 480.0 104.0 allowed
8140.0 20784.0 748.0 120.0 Washington
9016.0 20788.0 316.0 100.0 three
9424.0 20788.0 416.0 104.0 tickets

7020.0 20907.0 180.0 100.0 for
7240.0 20903.0 136.0 108.0 31
7424.0 20903.0 332.0 104.0 when
7804.0 20903.0 256.0 104.0 sold
8108.0 20903.0 160.0 100.0 off
8312.0 20903.0 192.0 104.0 the
8556.0 20903.0 480.0 120.0 ground.
9176.0 20903.0 172.0 120.0 By
9444.0 20907.0 352.0 100.0 unani-

7028.0 21044.0 316.0 80.0 mous
7396.0 21032.0 252.0 92.0 vote
7660.0 21095.0 24.0 48.0 ,
7736.0 21020.0 368.0 104.0 wnlch
8160.0 21024.0 96.0 100.0 Is
8328.0 21044.0 596.0 100.0 necessary
9012.0 21024.0 116.0 100.0 to
9212.0 21044.0 320.0 116.0 carry
9608.0 21044.0 228.0 88.0 nny

7024.0 21163.0 508.0 80.0 measure
7572.0 21135.0 664.0 124.0 conflicting
8280.0 21139.0 288.0 100.0 with
8616.0 21139.0 188.0 100.0 the
8872.0 21135.0 760.0 104.0 constitution
9648.0 21208.0 24.0 44.0 ,
9752.0 21139.0 84.0 100.0 It

7032.0 21280.0 232.0 80.0 was
7312.0 21255.0 508.0 104.0 resolved
7868.0 21255.0 244.0 104.0 that
8156.0 21280.0 148.0 76.0 on
8360.0 21280.0 228.0 112.0 nny
8636.0 21264.0 412.0 96.0 vacant
9096.0 21260.0 260.0 96.0 date
9452.0 21255.0 120.0 100.0 In
9648.0 21247.0 192.0 108.0 the

7024.0 21375.0 872.0 120.0 championship
7980.0 21395.0 404.0 80.0 season
8456.0 21375.0 192.0 96.0 tno
8692.0 21395.0 308.0 76.0 same
9084.0 21372.0 260.0 100.0 club
9432.0 21368.0 404.0 104.0 should

7032.0 21471.0 136.0 120.0 bo
7216.0 21491.0 608.0 120.0 permitted
7880.0 21495.0 112.0 92.0 to
8036.0 21491.0 260.0 120.0 play
8332.0 21491.0 188.0 100.0 the
8552.0 21487.0 872.0 124.0 championship
9468.0 21499.0 340.0 88.0 sched-

7028.0 21612.0 188.0 100.0 ule
7264.0 21608.0 180.0 100.0 for
7484.0 21608.0 324.0 100.0 other
7844.0 21608.0 324.0 104.0 dates
8236.0 21604.0 276.0 104.0 with
8596.0 21608.0 324.0 100.0 other
9004.0 21615.0 396.0 108.0 league
9480.0 21604.0 312.0 104.0 clubs
9800.0 21672.0 24.0 48.0 ,

7032.0 21748.0 128.0 76.0 or
7264.0 21727.0 632.0 100.0 exhibition
7968.0 21748.0 388.0 96.0 games
8444.0 21723.0 280.0 104.0 with
8808.0 21748.0 236.0 96.0 any
9116.0 21719.0 680.0 108.0 non-league
9804.0 21791.0 28.0 52.0 ,

7036.0 21840.0 92.0 100.0 If
7200.0 21840.0 248.0 100.0 said
7532.0 21840.0 320.0 104.0 dates
7972.0 21863.0 192.0 80.0 me
8288.0 21863.0 204.0 80.0 not
8592.0 21840.0 516.0 124.0 required
9236.0 21844.0 184.0 100.0 for
9544.0 21844.0 260.0 116.0 post-

7032.0 21955.0 376.0 120.0 poned
7444.0 21955.0 876.0 140.0 championship
8360.0 21979.0 412.0 88.0 games.
8884.0 21955.0 248.0 104.0 The
9156.0 21955.0 688.0 104.0 convention

7036.0 22072.0 268.0 100.0 then
7360.0 22072.0 628.0 120.0 adjourned
8036.0 22076.0 296.0 100.0 until
8384.0 22080.0 272.0 96.0 next
8700.0 22096.0 300.0 96.0 year.
9168.0 22072.0 248.0 104.0 The
9460.0 22072.0 384.0 100.0 sclied-

7036.0 22183.0 260.0 104.0 dulo
7400.0 22191.0 124.0 92.0 of
7628.0 22211.0 380.0 100.0 games
8116.0 22191.0 180.0 100.0 for
8388.0 22187.0 188.0 100.0 the
8660.0 22191.0 460.0 112.0 coming
9204.0 22211.0 404.0 80.0 season
9724.0 22211.0 120.0 76.0 as

7040.0 22299.0 484.0 124.0 adopted
7568.0 22324.0 312.0 100.0 gives
7928.0 22307.0 188.0 100.0 the
8164.0 22303.0 592.0 112.0 following
8844.0 22307.0 320.0 100.0 dates
9252.0 22307.0 124.0 100.0 of
9464.0 22328.0 380.0 92.0 games

7040.0 22424.0 120.0 100.0 to
7208.0 22424.0 132.0 96.0 bo
7380.0 22420.0 420.0 124.0 played
7844.0 22420.0 116.0 100.0 In
8012.0 22420.0 488.0 116.0 Chicago
8524.0 22443.0 32.0 80.0 :
8680.0 22420.0 496.0 124.0 Chicago
9180.0 22496.0 28.0 40.0 ,
9276.0 22427.0 120.0 92.0 at
9476.0 22424.0 336.0 100.0 home
9820.0 22496.0 24.0 44.0 ,

7044.0 22535.0 272.0 100.0 with
7376.0 22531.0 408.0 108.0 Boston
7800.0 22607.0 28.0 44.0 ,
7948.0 22535.0 472.0 104.0 Juno25
8424.0 22611.0 24.0 40.0 ,
8496.0 22539.0 124.0 96.0 27
8628.0 22611.0 24.0 44.0 ,
8700.0 22539.0 120.0 96.0 28
8844.0 22560.0 28.0 88.0 ;
8956.0 22539.0 284.0 108.0 July
9276.0 22539.0 124.0 96.0 28
9408.0 22611.0 24.0 44.0 ,
9480.0 22543.0 124.0 92.0 2'.i
9608.0 22611.0 28.0 48.0 ,
9676.0 22539.0 120.0 96.0 BO
9820.0 22564.0 24.0 92.0 ;

7044.0 22652.0 656.0 124.0 September
7760.0 22656.0 152.0 108.0 SM.
7960.0 22660.0 120.0 88.0 2.1
8088.0 22728.0 24.0 44.0 ,
8160.0 22656.0 152.0 96.0 24.
8444.0 22660.0 284.0 100.0 New
8780.0 22652.0 316.0 104.0 York
9104.0 22724.0 24.0 56.0 ,
9220.0 22652.0 280.0 124.0 July
9560.0 22660.0 60.0 92.0 4
9628.0 22728.0 24.0 40.0 ,
9740.0 22660.0 60.0 88.0 13
9824.0 22679.0 20.0 92.0 ;

7040.0 22771.0 556.0 116.0 Augusts
7604.0 22843.0 24.0 48.0 ,
7676.0 22771.0 64.0 92.0 6
7744.0 22843.0 24.0 44.0 ,
7824.0 22775.0 56.0 92.0 b
7904.0 22791.0 32.0 92.0 ;
7984.0 22771.0 660.0 120.0 September
8688.0 22775.0 144.0 108.0 15.
8908.0 22771.0 112.0 96.0 10
9028.0 22847.0 24.0 44.0 ,
9168.0 22771.0 144.0 100.0 17.
9484.0 22771.0 336.0 104.0 Phila

7048.0 22888.0 488.0 124.0 delphia.
7624.0 22884.0 312.0 104.0 June
8004.0 22892.0 116.0 96.0 21
8128.0 22959.0 28.0 44.0 ,
8248.0 22892.0 120.0 92.0 83
8376.0 22959.0 24.0 48.0 ,
8480.0 22892.0 124.0 88.0 2.1
8628.0 22911.0 28.0 96.0 ;
8748.0 22892.0 452.0 112.0 Auzust
9276.0 22888.0 64.0 96.0 9
9344.0 22959.0 24.0 40.0 ,
9436.0 22892.0 120.0 96.0 10
9556.0 22964.0 28.0 44.0 ,
9680.0 22892.0 108.0 96.0 11
9820.0 22911.0 24.0 100.0 ;

7048.0 23003.0 660.0 124.0 September
7756.0 23007.0 540.0 108.0 12,13.14.
8436.0 22999.0 752.0 124.0 Washington
9204.0 23075.0 28.0 44.0 ,
9280.0 23003.0 308.0 100.0 Juno
9672.0 23007.0 120.0 96.0 30
9820.0 23031.0 24.0 92.0 ;

7044.0 23103.0 276.0 136.0 July
7380.0 23123.0 76.0 112.0 1.
7500.0 23128.0 64.0 92.0 2
7584.0 23140.0 36.0 116.0 ;
7668.0 23119.0 452.0 120.0 August
8164.0 23123.0 48.0 92.0 1
8224.0 23191.0 24.0 52.0 ,
8292.0 23119.0 64.0 96.0 2
8360.0 23191.0 28.0 40.0 ,
8436.0 23123.0 60.0 92.0 3
8520.0 23144.0 32.0 112.0 ;
8600.0 23119.0 660.0 124.0 September
9308.0 23123.0 116.0 96.0 19
9428.0 23195.0 24.0 40.0 ,
9500.0 23123.0 312.0 116.0 20,31
9828.0 23191.0 16.0 36.0 ,

7048.0 23239.0 432.0 100.0 Detroit
7492.0 23308.0 24.0 52.0 ,
7572.0 23235.0 264.0 132.0 May
7880.0 23239.0 112.0 96.0 12
7996.0 23312.0 24.0 48.0 ,
8080.0 23235.0 308.0 104.0 13.14
8412.0 23259.0 32.0 96.0 ;
8492.0 23232.0 308.0 108.0 June
8868.0 23239.0 116.0 96.0 10
8988.0 23312.0 24.0 48.0 ,
9116.0 23243.0 140.0 92.0 17.
9336.0 23239.0 116.0 96.0 IS
9472.0 23259.0 32.0 100.0 ;
9636.0 23239.0 208.0 100.0 Aiv

7052.0 23359.0 264.0 128.0 putt
7364.0 23355.0 112.0 96.0 13
7480.0 23427.0 28.0 40.0 ,
7564.0 23355.0 112.0 96.0 IS
7684.0 23427.0 24.0 44.0 ,
7764.0 23355.0 156.0 100.0 10.
8060.0 23351.0 584.0 116.0 Pittsburg
8652.0 23423.0 24.0 48.0 ,
8748.0 23351.0 260.0 124.0 May
9072.0 23355.0 60.0 92.0 S
9140.0 23427.0 24.0 44.0 ,
9216.0 23359.0 92.0 88.0 0.
9356.0 23359.0 60.0 92.0 7
9436.0 23380.0 32.0 84.0 ;
9560.0 23351.0 284.0 108.0 Jum

7048.0 23476.0 36.0 88.0 t
7076.0 23479.0 36.0 80.0 >
7112.0 23548.0 28.0 36.0 .
7192.0 23476.0 308.0 116.0 10,11
7532.0 23491.0 28.0 96.0 ;
7620.0 23468.0 660.0 108.0 September
8316.0 23468.0 156.0 108.0 M.
8520.0 23476.0 120.0 92.0 37
8644.0 23540.0 24.0 44.0 ,
8720.0 23472.0 148.0 100.0 23.
9044.0 23439.0 788.0 152.0 Indianapolis

7052.0 23587.0 264.0 116.0 May
7400.0 23587.0 464.0 124.0 0,10,11
7892.0 23607.0 28.0 104.0 ;
8008.0 23583.0 308.0 104.0 June
8412.0 23587.0 512.0 120.0 13,14,15
8948.0 23611.0 32.0 96.0 ;
9076.0 23587.0 756.0 128.0 Septembers

7048.0 23708.0 312.0 116.0 0,10.

7608.0 23975.0 300.0 100.0 MM.
7988.0 23971.0 588.0 100.0 ParsoiiB
8656.0 23979.0 692.0 96.0 Arrested.

7180.0 24112.0 676.0 108.0 CoLUMiuifi
7868.0 24188.0 24.0 52.0 ,
7932.0 24112.0 120.0 104.0 O.
8068.0 24184.0 28.0 52.0 ,
8156.0 24112.0 380.0 104.0 March
8580.0 24120.0 40.0 92.0 l
8616.0 24116.0 28.0 76.0 >
8768.0 24112.0 260.0 108.0 Mrs.
9088.0 24112.0 312.0 128.0 Lucy
9448.0 24120.0 128.0 108.0 B.
9632.0 24116.0 212.0 108.0 Par-

7060.0 24280.0 272.0 80.0 sons
7340.0 24331.0 28.0 40.0 ,
7420.0 24255.0 188.0 104.0 the
7660.0 24255.0 560.0 108.0 lecturing
8284.0 24255.0 576.0 104.0 anarchist
8864.0 24331.0 28.0 48.0 ,
8988.0 24284.0 232.0 80.0 wns
9284.0 24259.0 460.0 104.0 refused
9824.0 24287.0 20.0 76.0 i

7068.0 24395.0 228.0 108.0 nail
7348.0 24399.0 144.0 120.0 by
7540.0 24428.0 64.0 76.0 a
7656.0 24395.0 284.0 108.0 local
7992.0 24395.0 492.0 128.0 military
8560.0 24424.0 564.0 100.0 company
9232.0 24399.0 376.0 108.0 where
9692.0 24403.0 152.0 104.0 slu

7064.0 24539.0 552.0 132.0 proposed
7668.0 24543.0 112.0 104.0 to
7824.0 24539.0 352.0 128.0 speak
8284.0 24539.0 536.0 124.0 to-night.
8960.0 24543.0 232.0 104.0 She
9300.0 24543.0 352.0 108.0 called
9740.0 24571.0 104.0 80.0 01

7068.0 24684.0 192.0 108.0 the
7308.0 24711.0 376.0 96.0 mayoi
7744.0 24688.0 116.0 104.0 to
7908.0 24688.0 424.0 124.0 protest
8376.0 24688.0 452.0 120.0 against
8872.0 24688.0 276.0 104.0 such
9200.0 24684.0 368.0 108.0 action
9664.0 24715.0 180.0 76.0 am

7068.0 24827.0 452.0 108.0 became
7576.0 24852.0 124.0 80.0 so
7744.0 24827.0 460.0 104.0 abusive
8312.0 24832.0 228.0 100.0 and
8652.0 24827.0 888.0 108.0 demonstrative
9648.0 24832.0 196.0 104.0 tha

7084.0 24971.0 204.0 104.0 she
7336.0 24996.0 228.0 80.0 was
7616.0 24967.0 396.0 108.0 locked
8056.0 24996.0 184.0 100.0 up.
8372.0 24967.0 272.0 112.0 Mrs.
8740.0 24971.0 492.0 108.0 Parsons
9320.0 24975.0 524.0 104.0 Inforraci

7076.0 25115.0 192.0 104.0 the
7340.0 25139.0 384.0 96.0 mayor
7768.0 25111.0 332.0 104.0 when
8156.0 25111.0 140.0 104.0 ho
8336.0 25115.0 448.0 104.0 refused
8836.0 25127.0 112.0 92.0 to
9016.0 25119.0 332.0 116.0 grant
9452.0 25115.0 196.0 108.0 her
9744.0 25143.0 100.0 80.0 re-

7076.0 25271.0 328.0 112.0 quest
7456.0 25256.0 244.0 104.0 that
7764.0 25256.0 144.0 104.0 ho
7944.0 25279.0 232.0 80.0 was
8224.0 25256.0 120.0 100.0 of
8412.0 25256.0 296.0 108.0 little
8784.0 25283.0 772.0 104.0 consequence
9660.0 25287.0 184.0 76.0 am

7076.0 25404.0 244.0 100.0 that
7364.0 25400.0 188.0 104.0 the
7600.0 25395.0 504.0 128.0 meeting
8168.0 25400.0 372.0 104.0 would
8592.0 25404.0 128.0 100.0 bo
8772.0 25400.0 256.0 108.0 held
9080.0 25404.0 636.0 128.0 regardless
9780.0 25431.0 64.0 72.0 o

7080.0 25543.0 236.0 104.0 him
7364.0 25568.0 132.0 80.0 or
7532.0 25539.0 180.0 104.0 his
7756.0 25539.0 360.0 124.0 police
8164.0 25551.0 660.0 116.0 protection.
8956.0 25543.0 136.0 108.0 In
9228.0 25551.0 192.0 100.0 the
9516.0 25543.0 328.0 108.0 heleh

7080.0 25660.0 124.0 100.0 of
7256.0 25660.0 196.0 100.0 her
7492.0 25660.0 688.0 104.0 excitement
8224.0 25663.0 192.0 100.0 the
8460.0 25687.0 392.0 96.0 mayor
8932.0 25663.0 472.0 108.0 ordered
9488.0 25660.0 204.0 108.0 her
9780.0 25671.0 44.0 96.0 t
9832.0 25703.0 12.0 44.0 <

7084.0 25771.0 508.0 108.0 betaken
7644.0 25779.0 116.0 96.0 to
7804.0 25799.0 64.0 80.0 a
7912.0 25775.0 208.0 104.0 cell
8172.0 25775.0 228.0 104.0 and
8448.0 25775.0 196.0 104.0 has
8692.0 25779.0 456.0 104.0 refused
9196.0 25787.0 116.0 92.0 to
9420.0 25779.0 156.0 112.0 let
9676.0 25804.0 144.0 80.0 an

7080.0 25900.0 132.0 92.0 ot
7272.0 25892.0 196.0 104.0 the
7504.0 25892.0 288.0 104.0 local
7892.0 25892.0 828.0 124.0 sympathizers
8804.0 25915.0 196.0 80.0 see
9100.0 25900.0 208.0 100.0 her
9372.0 25896.0 476.0 112.0 to-night

7088.0 26007.0 544.0 120.0 although
7680.0 25999.0 528.0 112.0 numbers
8256.0 26007.0 116.0 100.0 of
8412.0 26011.0 304.0 100.0 them
8772.0 26011.0 280.0 104.0 have
9096.0 26015.0 396.0 100.0 called.
9628.0 25999.0 220.0 116.0 Mrs

7092.0 26123.0 496.0 104.0 Parsons
7636.0 26147.0 232.0 80.0 was
7912.0 26147.0 264.0 80.0 seen
8232.0 26123.0 116.0 104.0 In
8404.0 26123.0 200.0 104.0 her
8640.0 26128.0 212.0 104.0 cell
8904.0 26132.0 224.0 100.0 and
9200.0 26128.0 368.0 104.0 stated
9656.0 26132.0 192.0 100.0 tha

7088.0 26239.0 228.0 104.0 this
7356.0 26243.0 96.0 96.0 Is
7496.0 26263.0 144.0 80.0 an
7672.0 26243.0 332.0 100.0 effort
8044.0 26247.0 112.0 96.0 to
8196.0 26247.0 420.0 100.0 imuzle
8664.0 26251.0 232.0 96.0 tree
8940.0 26243.0 404.0 116.0 speech
9356.0 26319.0 24.0 24.0 ,
9424.0 26243.0 240.0 104.0 that
9712.0 26247.0 128.0 100.0 sb

6988.0 26343.0 36.0 148.0 (
7096.0 26355.0 220.0 104.0 bad
7364.0 26355.0 492.0 104.0 lectured
7904.0 26359.0 116.0 100.0 In
8072.0 26372.0 608.0 92.0 seventeen
8736.0 26367.0 352.0 100.0 states
9152.0 26355.0 228.0 112.0 anil
9472.0 26363.0 228.0 100.0 this
9812.0 26363.0 32.0 100.0 I

7092.0 26471.0 196.0 104.0 the
7332.0 26471.0 240.0 104.0 first
7616.0 26471.0 268.0 104.0 time
7956.0 26471.0 204.0 104.0 she
8268.0 26475.0 204.0 100.0 has
8576.0 26475.0 280.0 104.0 been
8968.0 26475.0 604.0 108.0 molested.
9696.0 26475.0 152.0 108.0 Tc

7096.0 26587.0 328.0 116.0 night
7464.0 26591.0 200.0 96.0 shu
7712.0 26603.0 256.0 88.0 Bent
8012.0 26591.0 188.0 100.0 the
8252.0 26591.0 596.0 116.0 following
8896.0 26595.0 536.0 112.0 telegram
9460.0 26616.0 28.0 84.0 :

7220.0 26708.0 220.0 100.0 "A.
7496.0 26704.0 136.0 104.0 11.
7680.0 26704.0 492.0 104.0 Parsons
8176.0 26780.0 24.0 44.0 ,
8248.0 26708.0 452.0 124.0 County
8736.0 26712.0 276.0 108.0 Jail.
9056.0 26712.0 516.0 116.0 Chicago.
9720.0 26715.0 128.0 100.0 Ai

7096.0 26823.0 372.0 104.0 rested
7564.0 26823.0 116.0 100.0 to
7784.0 26827.0 468.0 108.0 prevent
8360.0 26851.0 188.0 100.0 my
8652.0 26827.0 600.0 124.0 speaking.
9396.0 26835.0 220.0 96.0 Am
9764.0 26831.0 84.0 96.0 ai

7100.0 26940.0 328.0 124.0 right.
7564.0 26940.0 404.0 124.0 Notify
8012.0 26963.0 344.0 104.0 press.
8544.0 26944.0 36.0 124.0 (
8588.0 26940.0 428.0 120.0 Signed
9028.0 26948.0 40.0 120.0 )
9328.0 26940.0 384.0 112.0 Lucv.
9728.0 26940.0 68.0 60.0 "

7680.0 27184.0 388.0 100.0 Fatal
8140.0 27184.0 656.0 112.0 Hhootlnir
8864.0 27188.0 500.0 116.0 Affray.

7220.0 27323.0 808.0 104.0 MILWAUKEE
8036.0 27391.0 28.0 52.0 ,
8212.0 27319.0 384.0 112.0 March
8736.0 27327.0 104.0 100.0 tt.
8988.0 27323.0 216.0 104.0 Lot
9308.0 27323.0 540.0 132.0 Campion

7104.0 27463.0 252.0 104.0 who
7404.0 27487.0 228.0 80.0 was
7676.0 27459.0 256.0 108.0 shot
7976.0 27463.0 144.0 120.0 by
8172.0 27459.0 420.0 108.0 Itoscoe
8640.0 27463.0 120.0 108.0 P.
8816.0 27463.0 380.0 116.0 Miller
9232.0 27475.0 120.0 96.0 at
9420.0 27467.0 188.0 104.0 the
9652.0 27467.0 196.0 108.0 Chi

7100.0 27631.0 276.0 84.0 Cairo
7376.0 27680.0 28.0 48.0 ,
7524.0 27603.0 668.0 108.0 Milwaukee
8276.0 27603.0 104.0 104.0 &
8484.0 27603.0 156.0 108.0 St
8744.0 27603.0 280.0 112.0 Paul
9120.0 27607.0 488.0 108.0 railroad
9716.0 27639.0 124.0 80.0 ca-

7104.0 27747.0 128.0 104.0 sh
7312.0 27771.0 132.0 104.0 ps
7496.0 27747.0 120.0 104.0 in
7668.0 27747.0 224.0 104.0 this
7936.0 27743.0 232.0 124.0 city
8216.0 27747.0 596.0 120.0 yesterday
8816.0 27819.0 28.0 52.0 ,
8900.0 27747.0 268.0 108.0 died
9244.0 27747.0 220.0 108.0 this
9516.0 27779.0 320.0 80.0 morn-

7108.0 27867.0 200.0 120.0 ing
7312.0 27931.0 28.0 48.0 ,
7472.0 27855.0 180.0 112.0 lie
7700.0 27887.0 228.0 80.0 was
7972.0 27863.0 120.0 104.0 In
8160.0 27863.0 188.0 112.0 the
8384.0 27879.0 440.0 116.0 etaplgy
8892.0 27867.0 124.0 108.0 of
9104.0 27867.0 188.0 112.0 the
9380.0 27875.0 276.0 104.0 road
9724.0 27875.0 48.0 104.0 f
9784.0 27895.0 60.0 84.0 o

7112.0 27983.0 696.0 128.0 twenty-live
7848.0 28004.0 368.0 104.0 years.

9888.0 2628.0 1076.0 236.0 IMPORTANT
11048.0 2620.0 924.0 244.0 RAIDROAD
12124.0 2624.0 520.0 236.0 NEWS
12660.0 2796.0 28.0 64.0 ,

9892.0 3164.0 824.0 164.0 Negotiations
10840.0 3156.0 520.0 180.0 Pending
11404.0 3160.0 220.0 132.0 For
11696.0 3180.0 196.0 116.0 the
11963.0 3168.0 540.0 128.0 Transfer
12600.0 3160.0 128.0 128.0 of

10564.0 3352.0 196.0 128.0 the
10864.0 3344.0 612.0 132.0 Baltimore
11556.0 3348.0 100.0 132.0 &
11704.0 3352.0 316.0 128.0 0hio.

9900.0 3740.0 332.0 116.0 THE
10416.0 3744.0 676.0 112.0 GARRET
11264.0 3736.0 820.0 120.0 INTEREST
12236.0 3740.0 468.0 112.0 SALE.

9892.0 4152.0 276.0 100.0 The
10300.0 4156.0 76.0 92.0 S
10488.0 4144.0 1320.0 128.0 llyThnmnnrycc
11976.0 4144.0 736.0 124.0 Syndlcnto

10148.0 4336.0 140.0 84.0 to
10384.0 4324.0 500.0 96.0 Secure
10960.0 4320.0 540.0 96.0 Control
11572.0 4324.0 156.0 92.0 or
11804.0 4320.0 224.0 100.0 the
12104.0 4316.0 368.0 100.0 Itnll-

10256.0 4492.0 332.0 96.0 rend
10708.0 4484.0 268.0 104.0 nnd
11068.0 4480.0 748.0 124.0 Telegraph
11956.0 4488.0 396.0 100.0 Lines

10444.0 4668.0 272.0 88.0 nnd
10796.0 4660.0 572.0 116.0 Impress
11460.0 4660.0 676.0 120.0 Cunipnuy
12144.0 4720.0 28.0 48.0 ,

10488.0 5048.0 272.0 96.0 Ihc
10904.0 5044.0 136.0 96.0 D.
11100.0 5040.0 120.0 96.0 ft
11284.0 5044.0 152.0 96.0 O.
11528.0 5044.0 592.0 112.0 Chnncc.

10020.0 5184.0 708.0 104.0 BAi.iiMoiti
10740.0 5208.0 28.0 80.0 :
10780.0 5256.0 24.0 44.0 ,
10864.0 5172.0 376.0 112.0 March
11304.0 5180.0 92.0 104.0 0.
11540.0 5176.0 36.0 132.0 [
11587.0 5176.0 440.0 116.0 Special
12120.0 5176.0 600.0 124.0 Telegram

9900.0 5332.0 116.0 100.0 to
10060.0 5328.0 188.0 104.0 the
10304.0 5328.0 208.0 104.0 BII
10444.0 5348.0 28.0 84.0 :
10532.0 5348.0 24.0 84.0 :
10568.0 5396.0 24.0 36.0 .
10620.0 5324.0 24.0 124.0 |
10780.0 5320.0 284.0 108.0 This
11148.0 5316.0 228.0 124.0 city
11464.0 5320.0 96.0 104.0 Is
11632.0 5320.0 208.0 104.0 full
11888.0 5324.0 124.0 104.0 of
12076.0 5348.0 448.0 80.0 iiimois
12596.0 5324.0 116.0 104.0 In

9900.0 5468.0 396.0 120.0 regard
10344.0 5476.0 116.0 96.0 to
10508.0 5464.0 760.0 124.0 negotiations
11316.0 5464.0 172.0 100.0 for
11548.0 5464.0 440.0 104.0 control
12040.0 5464.0 124.0 104.0 of
12228.0 5468.0 192.0 104.0 the
12472.0 5464.0 204.0 108.0 Bal-

9904.0 5608.0 400.0 112.0 timore
10348.0 5612.0 100.0 104.0 &
10536.0 5608.0 292.0 108.0 Ohio
10916.0 5604.0 476.0 108.0 railroad
11472.0 5608.0 228.0 104.0 and
11744.0 5608.0 124.0 100.0 of
11936.0 5604.0 780.0 132.0 Itstelegtaph

9904.0 5755.0 288.0 104.0 lines
10236.0 5755.0 228.0 104.0 and
10508.0 5780.0 460.0 100.0 express
11056.0 5764.0 588.0 112.0 company.
11776.0 5752.0 172.0 104.0 As
12000.0 5748.0 188.0 108.0 the
12240.0 5748.0 472.0 108.0 Interest

9900.0 5904.0 128.0 96.0 of
10084.0 5896.0 196.0 108.0 the
10320.0 5900.0 232.0 124.0 ilty
10588.0 5904.0 128.0 96.0 of
10816.0 5888.0 616.0 112.0 Baltimore
11508.0 5892.0 240.0 104.0 nnd
11815.0 5900.0 300.0 100.0 state
12156.0 5896.0 132.0 100.0 of
12348.0 5892.0 328.0 128.0 Mary-

9908.0 6040.0 272.0 104.0 land
10272.0 6052.0 112.0 92.0 In
10480.0 6040.0 188.0 104.0 the
10756.0 6032.0 488.0 112.0 railroad
11328.0 6060.0 556.0 104.0 company
11976.0 6032.0 96.0 108.0 Is
12136.0 6036.0 304.0 128.0 Inrgo
12487.0 6036.0 232.0 108.0 nnd

9912.0 6184.0 616.0 128.0 Important
10536.0 6256.0 24.0 56.0 ,
10672.0 6184.0 312.0 104.0 these
11088.0 6200.0 432.0 84.0 rumors
11672.0 6180.0 564.0 120.0 uatmally
12380.0 6204.0 332.0 84.0 cause

9912.0 6327.0 324.0 104.0 much
10320.0 6332.0 576.0 100.0 comment
10976.0 6320.0 228.0 112.0 nnd
11284.0 6320.0 712.0 108.0 excitement.
12128.0 6320.0 112.0 108.0 It
12308.0 6320.0 96.0 108.0 Is
12452.0 6348.0 260.0 80.0 now

9912.0 6468.0 688.0 108.0 understood
10684.0 6472.0 240.0 104.0 that
10992.0 6492.0 124.0 80.0 ns
11160.0 6492.0 68.0 76.0 n
11276.0 6464.0 344.0 108.0 result
11664.0 6472.0 120.0 96.0 of
11852.0 6464.0 312.0 108.0 these
12220.0 6468.0 456.0 120.0 negotia-

9912.0 6612.0 308.0 104.0 tions
10304.0 6616.0 188.0 100.0 the
10568.0 6612.0 428.0 108.0 control
11080.0 6608.0 124.0 104.0 of
11312.0 6604.0 188.0 108.0 the
11560.0 6604.0 480.0 112.0 lallroad
12056.0 6684.0 24.0 44.0 ,
12136.0 6608.0 576.0 128.0 telegraph

9912.0 6752.0 292.0 108.0 lines
10248.0 6756.0 228.0 104.0 and
10520.0 6780.0 460.0 100.0 express
11044.0 6748.0 520.0 108.0 business
11616.0 6752.0 228.0 104.0 will
11900.0 6756.0 128.0 100.0 be
12072.0 6752.0 344.0 104.0 taken
12475.0 6760.0 196.0 96.0 out-

9912.0 6895.0 244.0 108.0 side
10240.0 6895.0 188.0 108.0 the
10512.0 6895.0 228.0 128.0 city
10824.0 6895.0 228.0 108.0 nnd
11140.0 6900.0 316.0 100.0 state.
11587.0 6891.0 108.0 108.0 It
11784.0 6895.0 96.0 104.0 Is
11920.0 6891.0 508.0 108.0 believed
12480.0 6895.0 244.0 104.0 that

9912.0 7048.0 860.0 112.0 arrangements
10844.0 7068.0 192.0 76.0 are
11136.0 7036.0 648.0 120.0 practically
11888.0 7040.0 632.0 124.0 completed
12588.0 7040.0 144.0 120.0 by

9920.0 7180.0 364.0 112.0 which
10332.0 7184.0 600.0 108.0 President
10980.0 7180.0 440.0 104.0 Onirett
11468.0 7180.0 228.0 104.0 will
11744.0 7180.0 208.0 108.0 sell
12008.0 7180.0 180.0 104.0 his
12240.0 7180.0 488.0 104.0 Interest

9920.0 7324.0 116.0 104.0 In
10084.0 7324.0 192.0 108.0 the
10368.0 7328.0 612.0 104.0 Baltimore
11044.0 7324.0 100.0 100.0 &
11188.0 7320.0 288.0 104.0 Ohio
11564.0 7320.0 516.0 112.0 railroad.
12212.0 7320.0 244.0 108.0 The
12528.0 7348.0 200.0 80.0 un-

9916.0 7468.0 748.0 128.0 deistandlng
10712.0 7468.0 92.0 104.0 Is
10884.0 7468.0 240.0 104.0 that
11168.0 7463.0 448.0 104.0 Garrett
11660.0 7463.0 204.0 108.0 has
11948.0 7463.0 524.0 128.0 acquired
12548.0 7468.0 192.0 100.0 the

9920.0 7612.0 324.0 104.0 stock
10348.0 7608.0 256.0 108.0 held
10748.0 7612.0 148.0 120.0 by
11040.0 7612.0 188.0 104.0 the
11368.0 7604.0 308.0 108.0 John
11812.0 7608.0 536.0 128.0 Hopkins
12464.0 7608.0 204.0 104.0 uni-

9928.0 7752.0 420.0 120.0 versity
10352.0 7824.0 24.0 48.0 ,
10504.0 7752.0 336.0 104.0 about
11004.0 7752.0 336.0 116.0 15,000
11460.0 7748.0 384.0 108.0 shares
11852.0 7828.0 20.0 44.0 ,
12012.0 7752.0 88.0 100.0 It
12228.0 7748.0 96.0 104.0 Is
12452.0 7748.0 240.0 104.0 said
12708.0 7824.0 24.0 40.0 ,

9924.0 7872.0 228.0 100.0 and
10284.0 7867.0 236.0 104.0 will
10644.0 7872.0 492.0 100.0 tinnsfcr
11256.0 7867.0 312.0 104.0 these
11688.0 7884.0 384.0 88.0 stiaies
12080.0 7943.0 28.0 40.0 ,
12216.0 7867.0 524.0 116.0 together

9936.0 7984.0 276.0 104.0 with
10268.0 7988.0 332.0 100.0 those
10668.0 7980.0 636.0 132.0 picvloiisly
11356.0 7988.0 408.0 100.0 owned
11872.0 7984.0 136.0 124.0 by
12064.0 7984.0 188.0 104.0 the
12300.0 7992.0 40.0 92.0 (
12356.0 7988.0 388.0 96.0 iarrett

9936.0 8100.0 400.0 120.0 family
10344.0 8172.0 24.0 44.0 ,
10428.0 8100.0 228.0 104.0 and
10704.0 8100.0 272.0 108.0 with
11024.0 8100.0 564.0 104.0 whatever
11680.0 8107.0 468.0 100.0 amount
12232.0 8103.0 124.0 100.0 of
12420.0 8100.0 316.0 104.0 stock

9956.0 8220.0 632.0 104.0 additional
10648.0 8244.0 256.0 96.0 may
10948.0 8220.0 136.0 100.0 bo
11124.0 8240.0 584.0 100.0 necessary
11764.0 8228.0 112.0 92.0 to
11963.0 8228.0 256.0 100.0 give
12300.0 8216.0 440.0 104.0 control

9928.0 8336.0 120.0 100.0 of
10116.0 8336.0 760.0 124.0 thepropeity
10944.0 8347.0 116.0 88.0 to
11104.0 8364.0 64.0 72.0 a
11192.0 8332.0 588.0 124.0 syndicate
11828.0 8332.0 428.0 104.0 headed
12344.0 8336.0 144.0 140.0 by
12532.0 8332.0 144.0 104.0 Al-

9932.0 8452.0 248.0 104.0 fred
10228.0 8452.0 324.0 120.0 Sully
10556.0 8524.0 28.0 48.0 ,
10640.0 8452.0 480.0 104.0 General
11172.0 8452.0 456.0 104.0 Samuel
11672.0 8452.0 500.0 100.0 Thomas
12216.0 8448.0 224.0 104.0 nnd
12496.0 8452.0 192.0 96.0 Cal-

9932.0 8568.0 192.0 100.0 vin
10176.0 8568.0 124.0 104.0 T.
10360.0 8568.0 360.0 120.0 Bryee
10724.0 8644.0 28.0 44.0 ,
10804.0 8568.0 256.0 100.0 who
11092.0 8587.0 188.0 80.0 are
11364.0 8564.0 460.0 124.0 leading
11908.0 8568.0 392.0 120.0 spirits
12368.0 8568.0 120.0 100.0 In
12540.0 8572.0 188.0 96.0 the

9944.0 8684.0 624.0 104.0 Richmond
10620.0 8684.0 560.0 104.0 terminal.
11352.0 8679.0 108.0 104.0 It
11548.0 8684.0 92.0 100.0 U
11740.0 8684.0 692.0 104.0 undetstood
12480.0 8684.0 244.0 100.0 that

9932.0 8800.0 188.0 104.0 the
10164.0 8812.0 588.0 112.0 syndicate
10760.0 8876.0 24.0 44.0 ,
10840.0 8804.0 324.0 100.0 when
11228.0 8796.0 84.0 104.0 It
11352.0 8824.0 372.0 80.0 comes
11772.0 8804.0 244.0 100.0 Into
12080.0 8800.0 636.0 124.0 possession

9932.0 8919.0 116.0 96.0 ot
10120.0 8919.0 192.0 100.0 the
10360.0 8944.0 108.0 96.0 pi
10492.0 8944.0 264.0 76.0 oner
10772.0 8928.0 112.0 108.0 ty
10936.0 8919.0 340.0 108.0 hopes
11320.0 8932.0 116.0 84.0 to
11488.0 8919.0 576.0 120.0 negotiate
12108.0 8944.0 64.0 72.0 a
12216.0 8919.0 512.0 100.0 contract

9936.0 9032.0 276.0 104.0 with
10264.0 9032.0 188.0 104.0 the
10500.0 9032.0 848.0 124.0 Pennsylvania
11392.0 9032.0 480.0 104.0 railroad
11924.0 9036.0 144.0 124.0 by
12116.0 9032.0 364.0 104.0 which
12532.0 9032.0 196.0 100.0 the

9936.0 9148.0 236.0 104.0 line
10216.0 9148.0 288.0 104.0 built
10548.0 9152.0 140.0 116.0 by
10760.0 9152.0 184.0 100.0 the
11000.0 9144.0 600.0 108.0 Baltimore
11648.0 9152.0 100.0 96.0 &
11836.0 9132.0 288.0 120.0 Ohio
12216.0 9155.0 500.0 96.0 between

9948.0 9268.0 612.0 100.0 'Baltimore
10592.0 9268.0 228.0 104.0 nnd
10872.0 9264.0 776.0 124.0 Philadelphia
11700.0 9264.0 224.0 104.0 will
11963.0 9268.0 132.0 100.0 bo
12124.0 9264.0 240.0 104.0 sold
12404.0 9272.0 116.0 92.0 to
12555.0 9268.0 188.0 100.0 the

10032.0 9384.0 768.0 120.0 eniisylvanla
10920.0 9384.0 224.0 100.0 and
11232.0 9388.0 508.0 96.0 contract
11788.0 9380.0 272.0 104.0 with
12148.0 9384.0 192.0 100.0 the
12395.0 9380.0 320.0 100.0 West

10008.0 9524.0 124.0 76.0 in
10212.0 9496.0 388.0 108.0 Union
10652.0 9496.0 628.0 116.0 Teleiraph
11360.0 9524.0 560.0 92.0 company
12024.0 9500.0 144.0 108.0 bv
12220.0 9496.0 364.0 108.0 which
12656.0 9496.0 88.0 100.0 it

10056.0 9612.0 116.0 104.0 111
10220.0 9620.0 444.0 100.0 ncmilro
10708.0 9616.0 188.0 100.0 tlio
10944.0 9616.0 600.0 104.0 lUltlmore
11587.0 9604.0 100.0 112.0 &
11735.0 9612.0 288.0 108.0 Ohio
12111.0 9612.0 624.0 120.0 Telegraph

10036.0 9756.0 172.0 80.0 tie.
10356.0 9716.0 172.0 116.0 As
10616.0 9756.0 140.0 80.0 nn
10856.0 9731.0 624.0 104.0 nddltional
11552.0 9756.0 776.0 100.0 consequence
12392.0 9731.0 120.0 96.0 of
12560.0 9731.0 188.0 100.0 the

10020.0 9852.0 1008.0 64.0 linnrrrififiitntinl
11044.0 9920.0 24.0 52.0 ,
11120.0 9844.0 188.0 104.0 the
11352.0 9828.0 476.0 124.0 railroad
11872.0 9844.0 652.0 124.0 company's
12568.0 9872.0 136.0 76.0 ox
12716.0 9895.0 36.0 20.0 .

10024.0 9988.0 232.0 76.0 less
10416.0 9963.0 524.0 104.0 business
11120.0 9960.0 236.0 104.0 will
11512.0 9967.0 136.0 100.0 ho
11872.0 9963.0 536.0 104.0 aosorbed
12592.0 9963.0 144.0 120.0 by

10020.0 10104.0 140.0 76.0 nc
10284.0 10080.0 124.0 100.0 of
10528.0 10088.0 188.0 92.0 the
10804.0 10092.0 316.0 112.0 great
11192.0 10104.0 452.0 96.0 ctpiess
11688.0 10080.0 652.0 116.0 companies
12388.0 10080.0 124.0 96.0 of
12555.0 10080.0 188.0 100.0 the

9992.0 10224.0 8.0 64.0 :
10012.0 10200.0 448.0 116.0 ountiy.
10652.0 10196.0 244.0 104.0 The
11000.0 10192.0 368.0 128.0 ooject
11472.0 10204.0 124.0 96.0 ot
11720.0 10200.0 316.0 100.0 these
12136.0 10204.0 296.0 92.0 sales
12508.0 10196.0 232.0 100.0 will

9984.0 10340.0 28.0 68.0 >
10020.0 10336.0 60.0 76.0 o
10128.0 10320.0 112.0 96.0 to
10280.0 10312.0 412.0 104.0 iclieve
10740.0 10316.0 192.0 100.0 the
10972.0 10336.0 556.0 100.0 company
11572.0 10312.0 124.0 100.0 of
11735.0 10344.0 64.0 68.0 a
11848.0 10324.0 360.0 96.0 heavv
12259.0 10312.0 468.0 112.0 floating

9976.0 10428.0 228.0 104.0 'ebr
10212.0 10500.0 24.0 44.0 ,
10272.0 10432.0 368.0 100.0 stated
10688.0 10432.0 140.0 116.0 by
10872.0 10455.0 308.0 76.0 .some
11264.0 10455.0 124.0 76.0 as
11492.0 10432.0 264.0 112.0 high
11868.0 10455.0 124.0 76.0 ns
12080.0 10428.0 660.0 120.0 815.000,000.

10024.0 10547.0 152.0 100.0 nd
10224.0 10543.0 392.0 108.0 hardlv
10664.0 10547.0 476.0 100.0 claimed
11232.0 10547.0 144.0 116.0 by
11476.0 10547.0 528.0 116.0 anybody
12052.0 10552.0 116.0 96.0 to
12268.0 10531.0 136.0 116.0 be
12532.0 10547.0 216.0 96.0 less

10000.0 10660.0 220.0 104.0 lian
10280.0 10664.0 568.0 108.0 80,000.000
10888.0 10688.0 124.0 76.0 or
11084.0 10664.0 636.0 116.0 $10,000.000
11724.0 10736.0 24.0 40.0 ,
11800.0 10660.0 364.0 104.0 which
12220.0 10664.0 200.0 100.0 has
12460.0 10660.0 280.0 104.0 been

10008.0 10800.0 148.0 76.0 un
10208.0 10800.0 156.0 96.0 up
10408.0 10775.0 112.0 100.0 In
10580.0 10775.0 188.0 104.0 the
10808.0 10804.0 388.0 76.0 course
11280.0 10775.0 124.0 104.0 of
11488.0 10775.0 544.0 104.0 Garrott's
12140.0 10775.0 600.0 120.0 entoiprls-

10000.0 10916.0 152.0 96.0 ng
10200.0 10916.0 824.0 92.0 management.
11152.0 10892.0 240.0 104.0 The
11496.0 10900.0 464.0 96.0 amount
11992.0 10896.0 120.0 96.0 of
12160.0 10896.0 188.0 100.0 the
12407.0 10896.0 332.0 100.0 Haiti-

10032.0 11036.0 224.0 76.0 lore
10300.0 11012.0 100.0 96.0 A
10444.0 11012.0 292.0 100.0 Ohio
10776.0 11012.0 316.0 104.0 stock
11196.0 11012.0 744.0 112.0 outstanding
11980.0 11012.0 92.0 100.0 is
12108.0 11012.0 496.0 116.0 S14,793r
12628.0 11015.0 76.0 88.0 tt

10008.0 11128.0 172.0 100.0 .nil
10220.0 11144.0 116.0 80.0 ot
10388.0 11128.0 564.0 112.0 piefened
11024.0 11132.0 64.0 104.0 S
11124.0 11132.0 500.0 116.0 j.OOO.OOO.
11748.0 11128.0 244.0 100.0 The
12036.0 11132.0 228.0 108.0 city
12312.0 11136.0 120.0 92.0 ot
12487.0 11124.0 260.0 104.0 Bal-

10024.0 11267.0 688.0 76.0 jiiornovvns
10880.0 11248.0 272.0 104.0 J.500
11248.0 11244.0 392.0 100.0 shares
11732.0 11244.0 228.0 100.0 and
12068.0 11244.0 200.0 100.0 has
12380.0 11267.0 340.0 76.0 sovcu

10036.0 11360.0 456.0 100.0 liectois
10536.0 11384.0 144.0 76.0 on
10736.0 11364.0 188.0 96.0 the
10972.0 11360.0 372.0 104.0 boaid.
11472.0 11360.0 248.0 104.0 The
11820.0 11360.0 292.0 104.0 state
12156.0 11360.0 124.0 96.0 of
12372.0 11364.0 376.0 112.0 Mary-

10000.0 11476.0 224.0 100.0 nnd
10296.0 11476.0 324.0 100.0 holds
10668.0 11503.0 64.0 72.0 n
10824.0 11476.0 304.0 120.0 largo
11260.0 11480.0 472.0 100.0 intaiest
11796.0 11476.0 224.0 100.0 and
12132.0 11476.0 200.0 96.0 has
12487.0 11480.0 260.0 96.0 four

9992.0 11587.0 496.0 104.0 Itrcctors
10496.0 11663.0 28.0 48.0 ,
10580.0 11591.0 332.0 100.0 while
10956.0 11591.0 632.0 104.0 individual
11700.0 11591.0 776.0 104.0 stockholders
12555.0 11616.0 188.0 76.0 mo

10008.0 11708.0 660.0 124.0 cpiesented
10732.0 11708.0 144.0 124.0 by
10924.0 11708.0 1004.0 104.0 twolvodlrectois.
12056.0 11708.0 244.0 100.0 The
12344.0 11708.0 404.0 100.0 under-

10016.0 11824.0 484.0 120.0 lauding
10548.0 11824.0 92.0 104.0 Is
10684.0 11827.0 240.0 96.0 that
10972.0 11827.0 36.0 96.0 (
11028.0 11827.0 392.0 100.0 iarrctt
11516.0 11827.0 204.0 100.0 has
11764.0 11824.0 332.0 116.0 given
12152.0 11848.0 144.0 76.0 an
12352.0 11827.0 388.0 116.0 option

10000.0 11964.0 100.0 76.0 in
10212.0 11968.0 64.0 72.0 a
10376.0 11940.0 688.0 116.0 controlling
11164.0 11948.0 472.0 96.0 amount
11735.0 11944.0 124.0 96.0 of
11972.0 11940.0 616.0 104.0 Baltimore
12635.0 11936.0 100.0 104.0 &

9992.0 12056.0 256.0 104.0 Jhlo
10296.0 12056.0 324.0 104.0 stock
10668.0 12060.0 116.0 96.0 nt
10828.0 12083.0 64.0 72.0 a
10936.0 12064.0 304.0 116.0 price
11284.0 12064.0 216.0 96.0 not
11524.0 12060.0 188.0 120.0 yet
11760.0 12060.0 464.0 104.0 known.

10484.0 12196.0 212.0 76.0 Tin
10712.0 12196.0 24.0 80.0 :
10800.0 12196.0 396.0 80.0 SIOUY
11260.0 12192.0 140.0 84.0 i.v
11460.0 12196.0 288.0 80.0 jjr.vv
11815.0 12196.0 340.0 76.0 YOIIK
12164.0 12243.0 28.0 44.0 ,

10072.0 12284.0 316.0 104.0 NEW
10444.0 12288.0 372.0 104.0 VOUK.
10852.0 12292.0 492.0 100.0 MarcUU.
11496.0 12292.0 24.0 124.0 [
11540.0 12288.0 1056.0 124.0 SpecialTelegram
12640.0 12288.0 112.0 100.0 to

10008.0 12403.0 140.0 100.0 ho
10256.0 12403.0 344.0 116.0 Bii.l
10403.0 12428.0 24.0 80.0 :
10740.0 12407.0 244.0 100.0 The
11084.0 12407.0 500.0 104.0 Tribune
11688.0 12432.0 260.0 92.0 says
11976.0 12432.0 24.0 76.0 :
12084.0 12407.0 104.0 100.0 It
12276.0 12432.0 228.0 76.0 was
12592.0 12432.0 164.0 72.0 as-

10020.0 12524.0 304.0 100.0 erted
10376.0 12520.0 116.0 104.0 in
10556.0 12516.0 284.0 112.0 Wall
10924.0 12528.0 344.0 100.0 street
11344.0 12524.0 596.0 120.0 yesterday
12004.0 12524.0 244.0 100.0 that
12300.0 12532.0 184.0 92.0 the
12532.0 12520.0 224.0 104.0 lata

10000.0 12635.0 264.0 100.0 Fohn
10332.0 12635.0 160.0 104.0 W.
10608.0 12639.0 448.0 104.0 Gnnctt
11156.0 12639.0 388.0 108.0 placed
11652.0 12643.0 340.0 96.0 about
12056.0 12639.0 348.0 116.0 thirty
12448.0 12643.0 308.0 96.0 thou-

10000.0 12784.0 8.0 60.0 ;
10020.0 12752.0 224.0 100.0 and
10288.0 12756.0 384.0 100.0 shares
10716.0 12760.0 120.0 96.0 In
10888.0 12764.0 288.0 92.0 tiust
11223.0 12780.0 124.0 76.0 or
11384.0 12760.0 124.0 100.0 in
11556.0 12764.0 272.0 96.0 such
11876.0 12752.0 584.0 104.0 condition
12516.0 12756.0 244.0 100.0 that

10012.0 12868.0 216.0 116.0 hey
10272.0 12872.0 328.0 100.0 could
10656.0 12883.0 200.0 88.0 not
10900.0 12872.0 136.0 100.0 bo
11143.0 12872.0 568.0 104.0 marketed
11748.0 12895.0 28.0 84.0 ;
11848.0 12872.0 244.0 100.0 that
12124.0 12872.0 188.0 100.0 tl'o
12356.0 12872.0 232.0 112.0 city
12635.0 12872.0 124.0 96.0 of

9984.0 12988.0 600.0 100.0 Ualtlmnro
10692.0 12984.0 404.0 108.0 owned
11200.0 12992.0 344.0 116.0 33,500
11660.0 12988.0 388.0 100.0 shares
12056.0 13059.0 24.0 28.0 ,
12212.0 12996.0 224.0 92.0 nnd
12520.0 12984.0 240.0 104.0 that

9984.0 13104.0 280.0 96.0 lohn
10380.0 13100.0 532.0 124.0 Hopkins
11076.0 13104.0 628.0 120.0 university
11888.0 13100.0 404.0 104.0 owned
12420.0 13104.0 336.0 100.0 about

10020.0 13219.0 280.0 116.0 5,000
10336.0 13219.0 416.0 100.0 shares.
10888.0 13219.0 136.0 100.0 In
11092.0 13223.0 316.0 116.0 reply
11516.0 13223.0 116.0 96.0 to
11696.0 13248.0 64.0 72.0 n
11804.0 13219.0 652.0 120.0 suggestion
12512.0 13215.0 244.0 104.0 that

10000.0 13336.0 396.0 100.0 control
10440.0 13340.0 120.0 92.0 ot
10652.0 13340.0 192.0 96.0 the
10948.0 13360.0 556.0 116.0 company
11584.0 13336.0 552.0 140.0 appealed
12191.0 13340.0 108.0 96.0 to
12339.0 13332.0 140.0 104.0 he
12524.0 13336.0 232.0 100.0 tied

10004.0 13476.0 108.0 96.0 ip
10124.0 13523.0 20.0 48.0 ,
10196.0 13480.0 64.0 72.0 a
10308.0 13476.0 400.0 100.0 person
10768.0 13451.0 612.0 104.0 interested
11436.0 13451.0 120.0 100.0 in
11648.0 13459.0 192.0 92.0 the
11924.0 13451.0 584.0 120.0 syndicate
12572.0 13476.0 184.0 96.0 op-

10008.0 13568.0 1072.0 100.0 irationsremarked
11112.0 13592.0 28.0 80.0 :
11212.0 13568.0 128.0 100.0 "I
11380.0 13564.0 616.0 104.0 don'tcaie
12028.0 13568.0 496.0 104.0 whether
12572.0 13568.0 188.0 100.0 the

10008.0 13707.0 8.0 72.0 ;
10024.0 13680.0 264.0 104.0 tock
10332.0 13684.0 464.0 116.0 belongs
10840.0 13687.0 116.0 96.0 to
10995.0 13687.0 452.0 100.0 Oarrert
11548.0 13707.0 128.0 80.0 or
11760.0 13687.0 112.0 96.0 to
11920.0 13680.0 176.0 108.0 his
12144.0 13691.0 340.0 96.0 aunts
12528.0 13684.0 228.0 100.0 and

10008.0 13804.0 440.0 104.0 louslns.
10508.0 13800.0 136.0 100.0 he
10692.0 13800.0 96.0 100.0 is
10836.0 13800.0 444.0 116.0 willing
11336.0 13804.0 116.0 96.0 to
11540.0 13796.0 428.0 108.0 deliver
12072.0 13824.0 64.0 76.0 n
12228.0 13800.0 532.0 120.0 majority

9988.0 13916.0 588.0 100.0 whenever
10608.0 13935.0 168.0 80.0 wo
10840.0 13939.0 220.0 76.0 can
11136.0 13939.0 336.0 92.0 agree
11548.0 13939.0 156.0 80.0 on
11768.0 13939.0 320.0 76.0 some
12128.0 13928.0 472.0 92.0 matters
12635.0 13916.0 136.0 96.0 of

9964.0 14027.0 380.0 104.0 detail.
10472.0 14027.0 320.0 120.0 They
10836.0 14056.0 184.0 76.0 are
11064.0 14031.0 320.0 100.0 small
11436.0 14031.0 388.0 116.0 things
11832.0 14103.0 24.0 32.0 ,
11912.0 14027.0 228.0 100.0 and
12200.0 14031.0 40.0 96.0 1
12296.0 14031.0 284.0 96.0 have
12608.0 14052.0 152.0 72.0 no

10012.0 14148.0 304.0 100.0 loubt
10356.0 14144.0 252.0 100.0 that
10648.0 14144.0 188.0 100.0 the
10884.0 14144.0 552.0 120.0 proposed
11472.0 14144.0 504.0 100.0 transfer
12020.0 14140.0 228.0 100.0 will
12300.0 14144.0 136.0 100.0 bo
12480.0 14164.0 288.0 80.0 coin-

10048.0 14255.0 292.0 104.0 leted
10392.0 14259.0 400.0 100.0 within
10844.0 14288.0 64.0 72.0 a
10956.0 14259.0 216.0 104.0 few
11216.0 14259.0 308.0 116.0 days.
11536.0 14251.0 76.0 60.0 "
11780.0 14255.0 488.0 104.0 General
12312.0 14255.0 448.0 104.0 Samnel

10036.0 14376.0 24.0 36.0 '
10056.0 14439.0 32.0 36.0 .
10256.0 14372.0 496.0 100.0 Thomas
10760.0 14448.0 24.0 48.0 ,
10956.0 14376.0 488.0 100.0 member
11572.0 14372.0 124.0 100.0 of
11812.0 14372.0 196.0 100.0 thn
12140.0 14372.0 588.0 108.0 syndicate
12732.0 14444.0 28.0 44.0 ,

10028.0 14484.0 184.0 104.0 aid
10240.0 14507.0 28.0 80.0 :
10464.0 14488.0 128.0 96.0 "I
10776.0 14515.0 180.0 76.0 am
11136.0 14499.0 208.0 92.0 not
11524.0 14484.0 120.0 104.0 in
11888.0 14484.0 492.0 116.0 position
12623.0 14492.0 116.0 88.0 to

10016.0 14599.0 192.0 104.0 alk
10448.0 14603.0 340.0 104.0 about
11024.0 14603.0 228.0 104.0 tnls
11548.0 14599.0 692.0 100.0 transaction
12259.0 14675.0 24.0 44.0 ,
12584.0 14599.0 184.0 100.0 for-

10016.0 14728.0 40.0 92.0 t
10104.0 14720.0 200.0 100.0 has
10356.0 14724.0 200.0 96.0 not
10604.0 14720.0 276.0 100.0 been
10992.0 14716.0 844.0 104.0 consummated
11852.0 14788.0 24.0 44.0 ,
11928.0 14716.0 196.0 100.0 but
12172.0 14716.0 56.0 100.0 1
12292.0 14712.0 332.0 104.0 think
12716.0 14712.0 44.0 104.0 I

10012.0 14860.0 136.0 76.0 un
10196.0 14839.0 116.0 96.0 at
10360.0 14831.0 404.0 120.0 liberty
10808.0 14843.0 116.0 88.0 to
10972.0 14856.0 196.0 100.0 say
11248.0 14835.0 248.0 100.0 that
11576.0 14831.0 616.0 120.0 Important
12280.0 14835.0 488.0 112.0 ncgotla-

10024.0 14952.0 248.0 96.0 Ions
10316.0 14972.0 188.0 76.0 nro
10548.0 14948.0 508.0 124.0 pending
11128.0 14948.0 360.0 104.0 which
11540.0 14944.0 452.0 108.0 Involve
12064.0 14952.0 492.0 112.0 changes
12648.0 14948.0 112.0 100.0 In

10028.0 15063.0 556.0 100.0 laltimoie
10668.0 15067.0 100.0 96.0 &
10852.0 15063.0 288.0 104.0 Ohio
11220.0 15063.0 320.0 104.0 stock
11544.0 15136.0 28.0 48.0 ,
11664.0 15063.0 364.0 100.0 which
12136.0 15063.0 632.0 104.0 heretofore

10016.0 15208.0 160.0 76.0 tas
10220.0 15184.0 276.0 100.0 been
10548.0 15180.0 260.0 104.0 held
10852.0 15204.0 124.0 80.0 ns
11076.0 15208.0 68.0 76.0 a
11223.0 15184.0 404.0 116.0 family
11712.0 15184.0 460.0 100.0 Interest
12184.0 15251.0 24.0 48.0 ,
12272.0 15192.0 228.0 88.0 and
12580.0 15180.0 188.0 100.0 tlm

9996.0 15323.0 236.0 76.0 new
10324.0 15300.0 644.0 124.0 ownership
11020.0 15296.0 360.0 108.0 which
11428.0 15300.0 88.0 104.0 It
11620.0 15296.0 96.0 104.0 Is
11804.0 15296.0 544.0 140.0 proposed
12404.0 15296.0 364.0 104.0 would

9996.0 15415.0 308.0 112.0 arlng
10352.0 15415.0 244.0 100.0 Into
10644.0 15415.0 188.0 100.0 the
10876.0 15420.0 516.0 120.0 propeitv
11439.0 15403.0 620.0 136.0 Important
12088.0 15420.0 280.0 100.0 .New
12428.0 15411.0 304.0 104.0 York
12740.0 15483.0 28.0 40.0 ,

9996.0 15555.0 108.0 76.0 us
10152.0 15532.0 252.0 100.0 well
10452.0 15555.0 124.0 76.0 as
10616.0 15532.0 324.0 104.0 other
10980.0 15532.0 620.0 120.0 capitalists
11608.0 15608.0 24.0 40.0 ,
11684.0 15532.0 228.0 100.0 and
12000.0 15532.0 700.0 120.0 negotiation
12736.0 15555.0 36.0 76.0 i

9980.0 15655.0 200.0 92.0 not
10224.0 15643.0 272.0 124.0 only
10556.0 15647.0 268.0 104.0 look
10872.0 15655.0 112.0 92.0 to
11028.0 15647.0 272.0 104.0 such
11384.0 15647.0 728.0 104.0 distribution
12204.0 15647.0 228.0 100.0 and
12512.0 15672.0 264.0 76.0 con-

9984.0 15768.0 20.0 20.0 '
10012.0 15764.0 176.0 100.0 .rol
10204.0 15836.0 24.0 44.0 ,
10320.0 15764.0 200.0 100.0 but
10604.0 15764.0 228.0 104.0 will
10904.0 15768.0 452.0 100.0 Involve
11436.0 15760.0 192.0 104.0 the
11732.0 15764.0 520.0 120.0 Heading
12259.0 15836.0 24.0 48.0 ,
12372.0 15764.0 400.0 120.0 Jersey

10004.0 15879.0 428.0 104.0 Jentral
10480.0 15879.0 224.0 104.0 nnd
10756.0 15879.0 848.0 120.0 Pennsylvania
11644.0 15879.0 548.0 104.0 railroads
12236.0 15887.0 224.0 96.0 nnd
12512.0 15879.0 220.0 100.0 tele-

9976.0 15996.0 348.0 124.0 graph
10380.0 15996.0 528.0 104.0 Interests
10952.0 16000.0 116.0 100.0 in
11120.0 15996.0 536.0 104.0 relations
11735.0 16000.0 368.0 100.0 which
12188.0 15996.0 220.0 104.0 will
12492.0 15992.0 268.0 104.0 tend

9992.0 16127.0 104.0 88.0 to
10144.0 16135.0 388.0 80.0 assure
10616.0 16115.0 552.0 120.0 harmony
11248.0 16115.0 228.0 100.0 and
11560.0 16112.0 752.0 124.0 co-operation
12404.0 16115.0 368.0 100.0 where

9996.0 16227.0 368.0 108.0 jcforo
10464.0 16227.0 316.0 104.0 there
10884.0 16256.0 292.0 76.0 were
11276.0 16232.0 508.0 120.0 disputes
11872.0 16232.0 224.0 100.0 and
12204.0 16232.0 572.0 104.0 dlsacree-

10024.0 16352.0 300.0 100.0 nent.
10456.0 16344.0 240.0 104.0 The
10780.0 16348.0 768.0 120.0 negotiations
11636.0 16352.0 284.0 96.0 have
12004.0 16344.0 328.0 104.0 made
12404.0 16348.0 364.0 100.0 favoi-

10004.0 16463.0 224.0 100.0 iblo
10264.0 16467.0 788.0 116.0 progress.and
11100.0 16463.0 280.0 104.0 have
11424.0 16459.0 464.0 104.0 reached
11940.0 16488.0 64.0 76.0 a
12048.0 16467.0 316.0 116.0 stage
12407.0 16463.0 364.0 100.0 where

9984.0 16584.0 52.0 100.0 I
10084.0 16576.0 332.0 108.0 think
10512.0 16580.0 312.0 104.0 tlicte
10928.0 16584.0 532.0 96.0 Isteason
11580.0 16584.0 112.0 96.0 to
11776.0 16588.0 400.0 112.0 expect
12268.0 16576.0 240.0 104.0 that
12584.0 16580.0 188.0 100.0 the

9984.0 16699.0 444.0 100.0 wildest
10472.0 16695.0 284.0 124.0 hope
10792.0 16695.0 128.0 100.0 of
11000.0 16695.0 316.0 104.0 those
11360.0 16691.0 256.0 104.0 who
11700.0 16720.0 188.0 76.0 are
11976.0 16691.0 432.0 120.0 aiming
12452.0 16695.0 116.0 100.0 at
12612.0 16720.0 112.0 76.0 re-

9980.0 16808.0 720.0 112.0 conciliation
10776.0 16812.0 232.0 104.0 will
11056.0 16820.0 128.0 96.0 be
11232.0 16808.0 508.0 108.0 reali/eil.
11932.0 16808.0 60.0 104.0 I
12096.0 16812.0 148.0 100.0 do
12288.0 16816.0 204.0 96.0 not
12580.0 16812.0 128.0 100.0 bo-

10036.0 16935.0 232.0 100.0 lero
10316.0 16923.0 244.0 108.0 that
10648.0 16927.0 316.0 104.0 theie
11068.0 16927.0 92.0 104.0 Is
11264.0 16951.0 228.0 96.0 any
11576.0 16923.0 316.0 104.0 stock
12004.0 16927.0 364.0 100.0 which
12460.0 16927.0 92.0 100.0 is
12635.0 16927.0 112.0 100.0 In

10012.0 17132.0 12.0 36.0 ,
10032.0 17080.0 28.0 68.0 )
10072.0 17048.0 568.0 108.0 ossesslon
10688.0 17048.0 372.0 104.0 whore
11112.0 17048.0 88.0 104.0 It
11232.0 17044.0 308.0 104.0 can't
11587.0 17048.0 128.0 96.0 bo
11760.0 17044.0 464.0 100.0 reached
12240.0 17115.0 24.0 32.0 ,
12316.0 17044.0 224.0 100.0 and
12588.0 17044.0 188.0 104.0 the

10024.0 17167.0 652.0 132.0 iropositlon
10736.0 17167.0 96.0 96.0 Is
10876.0 17171.0 116.0 92.0 to
11028.0 17187.0 384.0 84.0 secure
11456.0 17187.0 64.0 76.0 a
11564.0 17160.0 304.0 112.0 large
11872.0 17232.0 24.0 40.0 ,
11972.0 17160.0 92.0 100.0 if
12111.0 17167.0 204.0 96.0 not
12360.0 17187.0 64.0 76.0 a
12512.0 17187.0 256.0 76.0 con-

10036.0 17267.0 408.0 144.0 lolling
10492.0 17284.0 468.0 100.0 Interest
11004.0 17279.0 184.0 100.0 for
11223.0 17267.0 764.0 112.0 distribution.
12000.0 17275.0 64.0 52.0 "

10444.0 17423.0 260.0 80.0 THE
10768.0 17419.0 552.0 80.0 KKEUNO
11384.0 17419.0 136.0 76.0 IN
11587.0 17415.0 768.0 80.0 1IAI.TIMOIIK.

10104.0 17515.0 764.0 108.0 BAT.TIMOHE
10876.0 17587.0 28.0 44.0 ,
11032.0 17503.0 384.0 112.0 March
11532.0 17511.0 92.0 100.0 0.
11760.0 17511.0 412.0 100.0 Robert
12296.0 17511.0 440.0 100.0 GariPtt
12748.0 17583.0 24.0 40.0 ,

9984.0 17632.0 584.0 128.0 president
10612.0 17632.0 124.0 100.0 of
10780.0 17632.0 188.0 100.0 the
11060.0 17632.0 612.0 100.0 Baltimoio
11756.0 17632.0 100.0 96.0 &
11920.0 17628.0 292.0 100.0 Ohio
12264.0 17628.0 468.0 100.0 lailroad
12752.0 17700.0 20.0 44.0 ,

9992.0 17776.0 232.0 76.0 was
10308.0 17776.0 268.0 76.0 seen
10668.0 17747.0 380.0 120.0 to-day
11132.0 17747.0 196.0 100.0 but
11412.0 17743.0 216.0 104.0 had
11716.0 17743.0 492.0 120.0 nothing
12252.0 17747.0 116.0 96.0 to
12412.0 17767.0 196.0 96.0 say
12660.0 17743.0 112.0 100.0 In

10048.0 17892.0 60.0 76.0 o
10192.0 17868.0 196.0 100.0 ard
10440.0 17876.0 116.0 92.0 to
10640.0 17868.0 192.0 100.0 the
10920.0 17868.0 508.0 112.0 reported
11536.0 17868.0 800.0 112.0 arrangement
12440.0 17864.0 180.0 96.0 for
12720.0 17884.0 68.0 76.0 a

10024.0 17991.0 468.0 96.0 rnnster
10536.0 17983.0 132.0 100.0 of
10708.0 17983.0 192.0 96.0 the
10940.0 17979.0 436.0 104.0 contiol
11464.0 17979.0 128.0 100.0 of
11652.0 17979.0 248.0 100.0 that
11944.0 17975.0 272.0 104.0 road
12256.0 17979.0 120.0 96.0 to
12420.0 18003.0 68.0 72.0 n
12528.0 17999.0 260.0 100.0 hyn-

10032.0 18100.0 328.0 104.0 llcatc
10408.0 18100.0 788.0 136.0 representing
11276.0 18100.0 192.0 96.0 the
11556.0 18091.0 512.0 116.0 Heading
12072.0 18163.0 28.0 52.0 ,
12148.0 18091.0 636.0 104.0 Richmond

10008.0 18216.0 572.0 104.0 Terminal
10628.0 18212.0 228.0 104.0 and
10892.0 18216.0 320.0 96.0 other
11252.0 18212.0 468.0 116.0 railway
11768.0 18231.0 680.0 84.0 companies.
12540.0 18208.0 248.0 100.0 The

10000.0 18335.0 620.0 100.0 statement
10692.0 18331.0 368.0 100.0 which
11143.0 18352.0 468.0 100.0 appears
11700.0 18323.0 116.0 104.0 in
11908.0 18323.0 188.0 104.0 the
12144.0 18323.0 284.0 104.0 New
12472.0 18319.0 312.0 104.0 York

10004.0 18471.0 412.0 108.0 papers
10460.0 18459.0 116.0 92.0 to
10620.0 18444.0 248.0 104.0 that
10912.0 18444.0 324.0 104.0 effect
11316.0 18448.0 208.0 100.0 has
11608.0 18444.0 440.0 100.0 created
12096.0 18467.0 68.0 76.0 a
12208.0 18440.0 576.0 104.0 sensation

10012.0 18571.0 296.0 104.0 here.
10496.0 18563.0 248.0 100.0 The
10824.0 18559.0 228.0 124.0 city
11132.0 18584.0 124.0 76.0 as
11340.0 18588.0 68.0 76.0 a
11472.0 18563.0 700.0 112.0 corporation
12228.0 18559.0 96.0 96.0 is
12368.0 18555.0 424.0 120.0 largely

10020.0 18680.0 620.0 104.0 interested
10696.0 18700.0 120.0 80.0 lit
10852.0 18676.0 184.0 100.0 the
11080.0 18676.0 264.0 104.0 road
11392.0 18676.0 228.0 104.0 and
11667.0 18676.0 312.0 100.0 there
12028.0 18696.0 292.0 80.0 were
12368.0 18676.0 424.0 120.0 private

10016.0 18799.0 532.0 100.0 Interests
10592.0 18791.0 364.0 104.0 which
11044.0 18819.0 188.0 76.0 are
11272.0 18787.0 492.0 144.0 opposed
11808.0 18791.0 120.0 104.0 to
11972.0 18791.0 188.0 100.0 the
12191.0 18787.0 436.0 104.0 control
12676.0 18791.0 120.0 96.0 of

10012.0 18916.0 192.0 104.0 the
10248.0 18916.0 268.0 104.0 road
10568.0 18908.0 340.0 120.0 going
10952.0 18916.0 188.0 96.0 out
11184.0 18912.0 128.0 100.0 of
11384.0 18891.0 612.0 120.0 Baltimoio
12044.0 18903.0 396.0 104.0 hands.

10448.0 19051.0 256.0 76.0 THE
10752.0 19047.0 480.0 84.0 EFKHCT
11272.0 19047.0 168.0 80.0 ON
11480.0 19047.0 256.0 80.0 THE
11784.0 19043.0 568.0 80.0 MA11KKT.

10108.0 19143.0 320.0 104.0 NEW
10476.0 19143.0 360.0 100.0 YOIIK
10844.0 19211.0 28.0 48.0 ,
10920.0 19139.0 380.0 108.0 March
11364.0 19143.0 88.0 100.0 9.
11584.0 19139.0 244.0 104.0 The
11916.0 19139.0 528.0 116.0 Evening
12484.0 19135.0 276.0 100.0 Post
12764.0 19207.0 28.0 44.0 ,

10004.0 19283.0 116.0 80.0 .n
10176.0 19260.0 144.0 100.0 Its
10364.0 19260.0 540.0 104.0 financial
10944.0 19256.0 384.0 108.0 article
11332.0 19332.0 28.0 40.0 ,
11408.0 19279.0 260.0 100.0 says
11696.0 19279.0 28.0 76.0 :
11820.0 19256.0 316.0 100.0 "Tho
12220.0 19252.0 564.0 104.0 attention

9996.0 19379.0 128.0 96.0 of
10168.0 19379.0 188.0 100.0 the
10400.0 19383.0 344.0 96.0 street
10784.0 19375.0 228.0 100.0 nnd
11056.0 19371.0 452.0 120.0 general
11552.0 19371.0 372.0 124.0 public
11972.0 19371.0 200.0 100.0 has
12216.0 19371.0 284.0 104.0 been
12548.0 19391.0 212.0 80.0 con-

9996.0 19500.0 584.0 96.0 centrated
10624.0 19515.0 304.0 100.0 upon
10980.0 19492.0 184.0 100.0 thn
11204.0 19515.0 512.0 96.0 progress
11760.0 19492.0 124.0 96.0 of
11932.0 19488.0 188.0 100.0 the
12152.0 19496.0 444.0 92.0 scheme
12632.0 19488.0 176.0 96.0 for

9996.0 19611.0 196.0 100.0 the
10236.0 19607.0 864.0 116.0 amalgamation
11152.0 19615.0 124.0 92.0 of
11352.0 19603.0 244.0 104.0 half
11676.0 19631.0 68.0 76.0 a
11784.0 19603.0 348.0 100.0 dozen
12184.0 19607.0 312.0 112.0 great
12540.0 19599.0 272.0 104.0 rail-

10060.0 19724.0 212.0 104.0 oad
10316.0 19732.0 628.0 128.0 properties
10984.0 19724.0 360.0 104.0 under
11384.0 19724.0 188.0 100.0 the
11600.0 19720.0 436.0 104.0 control
12080.0 19724.0 112.0 96.0 ot
12248.0 19720.0 188.0 100.0 the
12487.0 19715.0 324.0 104.0 Hlch-

10012.0 19828.0 340.0 120.0 .nond
10388.0 19839.0 580.0 104.0 Terminal
11012.0 19839.0 580.0 124.0 syndicate
11640.0 19835.0 264.0 104.0 with
11944.0 19859.0 128.0 76.0 so
12120.0 19839.0 324.0 100.0 much
12492.0 19835.0 284.0 112.0 skep-

10004.0 19959.0 372.0 100.0 ticism
10424.0 19959.0 340.0 100.0 about
10796.0 19959.0 148.0 100.0 Its
10988.0 19980.0 436.0 84.0 success
11464.0 19955.0 248.0 104.0 that
11752.0 19976.0 280.0 80.0 even
12092.0 19951.0 324.0 104.0 when
12464.0 19951.0 88.0 104.0 It
12580.0 19976.0 232.0 80.0 was

10004.0 20076.0 416.0 120.0 openly
10464.0 20072.0 228.0 104.0 and
10744.0 20072.0 592.0 120.0 positively
11380.0 20072.0 380.0 100.0 stated
11852.0 20072.0 140.0 116.0 by
12080.0 20068.0 548.0 104.0 members
12672.0 20064.0 132.0 100.0 of

10004.0 20195.0 192.0 100.0 the
10240.0 20191.0 588.0 120.0 syndicate
10876.0 20191.0 240.0 104.0 that
11160.0 20191.0 264.0 120.0 they
11468.0 20183.0 224.0 104.0 had
11764.0 20183.0 524.0 124.0 acquired
12376.0 20183.0 436.0 104.0 control

10004.0 20312.0 128.0 96.0 of
10212.0 20308.0 192.0 100.0 the
10496.0 20308.0 608.0 100.0 Baltimore
11204.0 20351.0 28.0 56.0 <
11228.0 20308.0 80.0 96.0 fe
11408.0 20304.0 296.0 104.0 Ohio
11804.0 20304.0 692.0 120.0 speculators
12580.0 20300.0 228.0 104.0 and

10008.0 20423.0 380.0 104.0 others
10432.0 20403.0 668.0 144.0 apparently
11143.0 20419.0 408.0 104.0 waited
11592.0 20419.0 176.0 100.0 for
11808.0 20419.0 436.0 104.0 further
12300.0 20415.0 472.0 116.0 develop-

10012.0 20552.0 372.0 92.0 ments
10504.0 20552.0 116.0 88.0 to
10728.0 20540.0 312.0 104.0 show
11143.0 20540.0 192.0 104.0 the
11439.0 20540.0 396.0 100.0 extent
11940.0 20536.0 120.0 100.0 of
12168.0 20540.0 188.0 96.0 the
12448.0 20532.0 368.0 104.0 whole

10012.0 20659.0 448.0 100.0 scheme
10512.0 20655.0 376.0 100.0 before
10932.0 20655.0 400.0 116.0 taking
11416.0 20667.0 332.0 88.0 much
11840.0 20647.0 472.0 104.0 Interest
12404.0 20647.0 116.0 104.0 In
12628.0 20647.0 192.0 104.0 the

10012.0 20771.0 468.0 100.0 market.
10608.0 20771.0 244.0 100.0 The
10940.0 20771.0 628.0 136.0 prevailing
11656.0 20763.0 340.0 104.0 belief
12064.0 20767.0 96.0 100.0 Is
12208.0 20763.0 236.0 104.0 that
12484.0 20792.0 64.0 76.0 a
12596.0 20771.0 164.0 96.0 set-

10016.0 20891.0 476.0 96.0 tlement
10536.0 20887.0 124.0 100.0 of
10704.0 20887.0 188.0 100.0 the
10936.0 20876.0 564.0 132.0 telegraph
11552.0 20907.0 228.0 80.0 war
11848.0 20880.0 228.0 104.0 will
12152.0 20884.0 132.0 100.0 be
12395.0 20903.0 216.0 80.0 ono
12700.0 20880.0 124.0 100.0 of

10016.0 21007.0 192.0 96.0 the
10256.0 21003.0 404.0 100.0 results
10704.0 21007.0 120.0 96.0 of
10872.0 21003.0 184.0 100.0 the
11136.0 21024.0 408.0 100.0 jersey
11652.0 20995.0 456.0 108.0 Central
12120.0 21071.0 28.0 40.0 ,
12264.0 20995.0 512.0 120.0 Heading
12792.0 21067.0 24.0 44.0 ,

10020.0 21120.0 616.0 104.0 Baltimore
10680.0 21120.0 100.0 100.0 &
10828.0 21120.0 284.0 104.0 Ohio
11188.0 21124.0 232.0 100.0 and
11508.0 21108.0 640.0 112.0 HIchmond
12232.0 21108.0 584.0 108.0 Terminal

10012.0 21235.0 812.0 108.0 combination.
10956.0 21239.0 396.0 104.0 Alfred
11444.0 21231.0 324.0 124.0 Sully
11852.0 21255.0 236.0 76.0 was
12172.0 21231.0 452.0 124.0 applied
12691.0 21235.0 116.0 96.0 to-

10024.0 21356.0 140.0 120.0 by
10212.0 21379.0 64.0 76.0 n
10320.0 21360.0 504.0 132.0 reporter
10872.0 21360.0 120.0 96.0 of
11036.0 21360.0 188.0 100.0 the
11276.0 21352.0 520.0 104.0 Kvcnlnz
11880.0 21348.0 276.0 100.0 Post
12204.0 21348.0 376.0 116.0 to-day
12632.0 21344.0 180.0 104.0 for

10020.0 21491.0 308.0 80.0 some
10376.0 21471.0 608.0 104.0 statement
11032.0 21471.0 112.0 104.0 In
11192.0 21467.0 396.0 124.0 regard
11640.0 21475.0 112.0 92.0 to
11820.0 21463.0 188.0 104.0 the
12096.0 21463.0 680.0 104.0 circumstan-

10020.0 21588.0 200.0 104.0 tial
10268.0 21588.0 432.0 124.0 reports
10748.0 21592.0 240.0 100.0 that
11036.0 21592.0 184.0 100.0 the
11260.0 21584.0 588.0 124.0 syndicate
11900.0 21588.0 724.0 112.0 repiosenred
12676.0 21579.0 148.0 120.0 by

10024.0 21703.0 232.0 104.0 him
10544.0 21703.0 220.0 104.0 had
11004.0 21703.0 528.0 120.0 virtually
11772.0 21699.0 628.0 100.0 concluded
12623.0 21719.0 212.0 76.0 nn-

10024.0 21819.0 616.0 104.0 cotiatlons
10772.0 21815.0 272.0 108.0 with
11152.0 21815.0 600.0 108.0 President
11880.0 21815.0 444.0 104.0 Garrett
12420.0 21815.0 128.0 96.0 of
12648.0 21811.0 188.0 104.0 the

10020.0 21924.0 628.0 116.0 Baltimore
10792.0 21939.0 108.0 96.0 &
11036.0 21936.0 300.0 108.0 Ohio
11472.0 21936.0 188.0 100.0 for
11756.0 21932.0 196.0 104.0 the
12052.0 21928.0 552.0 124.0 purchase
12700.0 21932.0 128.0 96.0 ot

10028.0 22080.0 68.0 76.0 n
10204.0 22051.0 688.0 120.0 contiolllng
11040.0 22055.0 468.0 104.0 Interest
11612.0 22055.0 112.0 96.0 In
11840.0 22047.0 248.0 104.0 that
12188.0 22047.0 264.0 104.0 load
12464.0 22119.0 28.0 44.0 ,
12600.0 22047.0 228.0 100.0 aud-

10032.0 22172.0 148.0 100.0 Its
10224.0 22168.0 868.0 128.0 dependencies.
11291.0 22168.0 320.0 116.0 Sully
11660.0 22164.0 244.0 104.0 said
11952.0 22168.0 240.0 100.0 that
12240.0 22164.0 140.0 100.0 ho
12468.0 22164.0 372.0 100.0 would

10032.0 22291.0 116.0 96.0 to
10256.0 22307.0 200.0 100.0 say
10564.0 22287.0 488.0 124.0 nothing
11160.0 22283.0 300.0 108.0 until
11540.0 22291.0 136.0 92.0 ho
11776.0 22279.0 332.0 104.0 could
12156.0 22283.0 292.0 100.0 state
12492.0 22303.0 308.0 76.0 some-

10032.0 22408.0 336.0 108.0 thing
10448.0 22400.0 468.0 108.0 detinite
10924.0 22475.0 28.0 40.0 ,
11060.0 22404.0 232.0 108.0 and
11388.0 22400.0 252.0 100.0 that
11724.0 22396.0 140.0 100.0 ho
11956.0 22420.0 228.0 80.0 was
12232.0 22404.0 204.0 96.0 not
12480.0 22400.0 184.0 116.0 yet
12716.0 22396.0 116.0 100.0 In

10032.0 22519.0 496.0 120.0 position
10580.0 22535.0 120.0 84.0 to
10780.0 22519.0 148.0 100.0 do
11012.0 22543.0 156.0 80.0 so.
11360.0 22515.0 364.0 108.0 When
11815.0 22511.0 192.0 104.0 the
12072.0 22519.0 500.0 132.0 reporter
12652.0 22535.0 120.0 80.0 re-

10040.0 22635.0 460.0 104.0 marked
10548.0 22635.0 244.0 104.0 that
10836.0 22635.0 140.0 100.0 ho
11016.0 22644.0 552.0 120.0 supposed
11620.0 22631.0 184.0 100.0 the
11844.0 22635.0 232.0 96.0 lact
12124.0 22631.0 120.0 100.0 of
12316.0 22627.0 180.0 104.0 the
12584.0 22652.0 208.0 96.0 pur-

10036.0 22751.0 336.0 100.0 chase
10456.0 22775.0 232.0 76.0 was
10776.0 22755.0 204.0 100.0 not
11048.0 22751.0 408.0 104.0 denied
11468.0 22824.0 24.0 48.0 ,
11587.0 22744.0 320.0 120.0 Sully
11992.0 22744.0 548.0 108.0 admitted
12604.0 22744.0 248.0 100.0 that

10040.0 22867.0 228.0 104.0 this
10316.0 22871.0 308.0 100.0 "was
10672.0 22875.0 364.0 116.0 pretty
11100.0 22867.0 252.0 108.0 well
11428.0 22863.0 688.0 104.0 understood
12128.0 22935.0 24.0 44.0 ,
12168.0 22859.0 68.0 56.0 "
12320.0 22863.0 192.0 100.0 bur
12596.0 22859.0 248.0 104.0 said

10044.0 22984.0 248.0 104.0 that
10360.0 22980.0 140.0 104.0 ho
10588.0 23007.0 232.0 80.0 was
10904.0 22991.0 196.0 100.0 not
11184.0 22980.0 540.0 132.0 prepared
11804.0 22988.0 116.0 96.0 to
12008.0 22999.0 604.0 84.0 announce
12656.0 22980.0 196.0 100.0 the

10048.0 23123.0 388.0 80.0 names
10480.0 23103.0 124.0 96.0 of
10648.0 23103.0 188.0 100.0 the
10884.0 23103.0 412.0 120.0 parties
11332.0 23095.0 636.0 108.0 concerned
12020.0 23119.0 124.0 80.0 or
12224.0 23099.0 188.0 100.0 the
12504.0 23103.0 344.0 96.0 tcirns

10048.0 23232.0 116.0 88.0 ot
10224.0 23220.0 192.0 100.0 the
10456.0 23228.0 672.0 112.0 agreement.

10172.0 23331.0 108.0 104.0 It
10324.0 23359.0 232.0 76.0 was
10600.0 23339.0 508.0 120.0 repotted
11176.0 23335.0 120.0 104.0 In
11396.0 23331.0 196.0 108.0 the
11696.0 23327.0 344.0 104.0 street
12140.0 23327.0 380.0 124.0 to-day
12612.0 23327.0 240.0 104.0 that

10052.0 23447.0 192.0 104.0 the
10288.0 23447.0 300.0 124.0 price
10632.0 23452.0 260.0 136.0 paid
10940.0 23456.0 140.0 116.0 by
11124.0 23456.0 188.0 104.0 the
11348.0 23443.0 592.0 132.0 iyndlcato
11992.0 23447.0 180.0 100.0 for
12216.0 23443.0 192.0 104.0 the
12496.0 23443.0 348.0 104.0 Haiti-

10056.0 23591.0 308.0 76.0 rnoio
10408.0 23567.0 100.0 100.0 &
10551.0 23567.0 292.0 104.0 Onlo
10884.0 23571.0 600.0 104.0 stoctowas
11532.0 23567.0 252.0 108.0 8235
11788.0 23636.0 24.0 44.0 ,
11872.0 23563.0 196.0 100.0 but
12172.0 23587.0 68.0 76.0 a
12344.0 23559.0 256.0 104.0 well
12691.0 23563.0 160.0 96.0 In-

10056.0 23683.0 436.0 104.0 termed
10576.0 23683.0 232.0 104.0 and
10896.0 23687.0 648.0 116.0 prominent
11628.0 23679.0 404.0 104.0 broker
12116.0 23675.0 248.0 104.0 said
12436.0 23679.0 240.0 100.0 that
12724.0 23675.0 128.0 100.0 he

10064.0 23800.0 216.0 100.0 had
10376.0 23823.0 396.0 80.0 reason
10868.0 23807.0 116.0 96.0 to
11064.0 23803.0 428.0 104.0 belioro
11580.0 23796.0 244.0 108.0 that
11912.0 23800.0 92.0 100.0 It
12068.0 23819.0 232.0 76.0 was
12352.0 23800.0 200.0 96.0 not
12596.0 23815.0 256.0 80.0 over

10060.0 23915.0 288.0 112.0 $200.
10476.0 23919.0 112.0 96.0 A
10672.0 23919.0 456.0 116.0 leading
11200.0 23915.0 332.0 108.0 'bank
11640.0 23907.0 572.0 128.0 president
12224.0 23979.0 28.0 48.0 ,
12368.0 23911.0 116.0 100.0 in
12576.0 23931.0 244.0 80.0 com-

10064.0 24032.0 520.0 116.0 menting
10628.0 24055.0 144.0 80.0 on
10824.0 24040.0 188.0 96.0 the
11080.0 24043.0 692.0 116.0 Importance
11860.0 24028.0 124.0 100.0 ot
12068.0 24032.0 192.0 96.0 the
12348.0 24024.0 504.0 120.0 reported

10060.0 24151.0 240.0 100.0 sain
10304.0 24223.0 28.0 48.0 ,
10380.0 24139.0 252.0 112.0 said
10668.0 24151.0 244.0 100.0 that
10960.0 24159.0 180.0 100.0 the
11244.0 24147.0 552.0 108.0 railroads
11904.0 24143.0 728.0 124.0 represented
12728.0 24139.0 120.0 104.0 In

10064.0 24268.0 188.0 100.0 the
10296.0 24268.0 680.0 120.0 purchasing
11020.0 24264.0 756.0 108.0 combination
11796.0 24331.0 24.0 44.0 ,
11868.0 24280.0 128.0 80.0 or
12088.0 24264.0 112.0 96.0 In
12300.0 24259.0 544.0 120.0 harmony

10068.0 24383.0 272.0 104.0 with
10400.0 24383.0 296.0 100.0 them
10712.0 24455.0 24.0 44.0 ,
10796.0 24387.0 360.0 104.0 would
11208.0 24387.0 284.0 100.0 have
11536.0 24375.0 440.0 108.0 control
12020.0 24375.0 128.0 100.0 of
12188.0 24371.0 152.0 108.0 all
12388.0 24375.0 188.0 104.0 the
12664.0 24399.0 144.0 80.0 an-

10072.0 24499.0 476.0 104.0 thracite
10592.0 24499.0 244.0 104.0 coal
10884.0 24508.0 512.0 116.0 territory
11444.0 24499.0 116.0 100.0 In
11612.0 24491.0 188.0 108.0 the
11840.0 24495.0 516.0 112.0 country.

10344.0 24635.0 252.0 84.0 THE
10648.0 24639.0 292.0 80.0 WAY
10984.0 24643.0 260.0 80.0 THE
11280.0 24635.0 356.0 84.0 DEAI.
11680.0 24631.0 276.0 80.0 WAS
12000.0 24627.0 572.0 84.0 VV011KED.

10184.0 24735.0 524.0 120.0 Apropos
10804.0 24735.0 120.0 100.0 of
11028.0 24735.0 188.0 108.0 the
11300.0 24731.0 616.0 104.0 Baltimore
12008.0 24727.0 104.0 96.0 &
12196.0 24727.0 288.0 100.0 Ohio
12576.0 24719.0 248.0 108.0 deal
12832.0 24795.0 20.0 44.0 ,

10072.0 24852.0 1308.0 124.0 yojrcorrespondontls
11428.0 24852.0 112.0 100.0 In
11580.0 24844.0 636.0 116.0 possession
12268.0 24844.0 120.0 100.0 of
12420.0 24840.0 188.0 104.0 thn
12648.0 24848.0 204.0 92.0 taci

10072.0 24967.0 244.0 100.0 that
10360.0 24967.0 188.0 100.0 the
10620.0 24963.0 252.0 108.0 deal
10920.0 24971.0 196.0 100.0 has
11160.0 24975.0 272.0 100.0 been
11544.0 24987.0 148.0 80.0 on
11804.0 24959.0 244.0 100.0 foot
12152.0 24963.0 180.0 100.0 for
12368.0 24955.0 188.0 108.0 the
12664.0 24955.0 188.0 104.0 last

10076.0 25092.0 192.0 92.0 ten
10440.0 25080.0 312.0 120.0 dajs.
10936.0 25088.0 248.0 104.0 Tne
11332.0 25080.0 528.0 112.0 fcnslness
12024.0 25099.0 236.0 76.0 was
12424.0 25071.0 428.0 104.0 workeii

10076.0 25195.0 292.0 104.0 most
10468.0 25199.0 428.0 120.0 quietly
11000.0 25203.0 228.0 104.0 and
11272.0 25203.0 88.0 104.0 It
11404.0 25219.0 232.0 80.0 was
11724.0 25195.0 204.0 100.0 not
11976.0 25191.0 296.0 104.0 until
12320.0 25195.0 532.0 100.0 baturdav

10080.0 25315.0 328.0 112.0 night
10512.0 25320.0 244.0 96.0 that
10860.0 25315.0 184.0 104.0 the
11132.0 25320.0 268.0 108.0 final
11484.0 25311.0 568.0 104.0 contiacts
12100.0 25332.0 288.0 80.0 wore
12436.0 25299.0 400.0 124.0 signed
12836.0 25371.0 16.0 40.0 ,

10076.0 25427.0 248.0 104.0 Tbe
10408.0 25431.0 764.0 112.0 negotiations
11256.0 25455.0 288.0 80.0 were
11596.0 25427.0 424.0 108.0 carried
12076.0 25447.0 148.0 76.0 on
12320.0 25423.0 140.0 120.0 by
12504.0 25447.0 68.0 80.0 a
12620.0 25423.0 232.0 100.0 well

10084.0 25543.0 424.0 104.0 known
10576.0 25539.0 280.0 112.0 Wall
10900.0 25560.0 340.0 100.0 street
11288.0 25560.0 236.0 96.0 tinn
11536.0 25619.0 28.0 48.0 ,
11620.0 25543.0 368.0 104.0 which
12031.0 25539.0 200.0 104.0 has
12259.0 25535.0 280.0 104.0 been
12588.0 25539.0 252.0 100.0 deal

10084.0 25660.0 160.0 104.0 Ink
10244.0 25687.0 36.0 76.0 !
10328.0 25663.0 512.0 116.0 liberally
10948.0 25671.0 116.0 104.0 In
11108.0 25671.0 536.0 104.0 southern
11735.0 25656.0 484.0 104.0 railroad
12268.0 25656.0 316.0 100.0 stock
12635.0 25652.0 216.0 104.0 and

10084.0 25775.0 364.0 104.0 which
10496.0 25804.0 260.0 80.0 now
10808.0 25783.0 444.0 108.0 become
11296.0 25775.0 504.0 116.0 valuable
11852.0 25771.0 224.0 104.0 and
12128.0 25771.0 388.0 104.0 makes
12560.0 25767.0 292.0 108.0 them

10088.0 25896.0 292.0 104.0 rich.
10512.0 25896.0 180.0 104.0 On
10736.0 25896.0 568.0 112.0 Saturday
11384.0 25896.0 332.0 120.0 night
11756.0 25888.0 200.0 108.0 thn
12000.0 25911.0 400.0 100.0 papers
12444.0 25892.0 188.0 96.0 for
12691.0 25888.0 160.0 100.0 tin

10080.0 26007.0 572.0 108.0 nbsortlon
10764.0 26015.0 124.0 100.0 of
10932.0 26019.0 188.0 104.0 the
11216.0 26011.0 612.0 112.0 Baltimore
11880.0 26007.0 100.0 96.0 &
12024.0 25999.0 296.0 108.0 Ohio
12364.0 26003.0 476.0 104.0 railroad

10084.0 26128.0 508.0 120.0 together
10640.0 26132.0 268.0 100.0 with
10960.0 26136.0 140.0 100.0 Its
11140.0 26128.0 572.0 124.0 telegraph
11764.0 26123.0 228.0 104.0 and
12044.0 26144.0 456.0 100.0 oxprois
12592.0 26119.0 248.0 100.0 bust

10096.0 26267.0 264.0 76.0 ness
10360.0 26315.0 32.0 64.0 ,
10444.0 26267.0 292.0 80.0 were
10784.0 26247.0 148.0 104.0 all
10976.0 26251.0 384.0 104.0 drawn
11416.0 26271.0 180.0 96.0 up.
11716.0 26239.0 312.0 100.0 John
12120.0 26239.0 40.0 96.0 (
12172.0 26247.0 76.0 92.0 J.
12308.0 26235.0 380.0 104.0 Moore
12696.0 26311.0 24.0 44.0 ,
12771.0 26259.0 64.0 76.0 o
12848.0 26259.0 8.0 68.0 :

10084.0 26359.0 192.0 100.0 the
10324.0 26347.0 240.0 116.0 firm
10672.0 26363.0 120.0 100.0 of
10884.0 26367.0 372.0 108.0 Moore
11340.0 26363.0 104.0 104.0 &
11484.0 26355.0 408.0 120.0 Schley
11896.0 26427.0 28.0 44.0 ,
12012.0 26355.0 124.0 100.0 of
12188.0 26351.0 276.0 104.0 New
12512.0 26347.0 324.0 108.0 York
12848.0 26427.0 8.0 28.0 ,

10092.0 26475.0 220.0 104.0 had
10356.0 26475.0 304.0 104.0 them
10716.0 26479.0 116.0 104.0 In
10880.0 26487.0 436.0 112.0 ctiar/n.
11448.0 26460.0 172.0 124.0 Ho
11664.0 26475.0 300.0 100.0 drew
12016.0 26495.0 152.0 116.0 up
12212.0 26471.0 188.0 108.0 the
12500.0 26495.0 332.0 116.0 paper
12844.0 26503.0 12.0 64.0 :

10088.0 26595.0 124.0 96.0 of
10312.0 26591.0 648.0 112.0 settlement
11056.0 26603.0 228.0 104.0 and
11384.0 26587.0 616.0 112.0 submitted
12104.0 26591.0 304.0 104.0 them
12496.0 26591.0 120.0 96.0 to
12656.0 26591.0 200.0 116.0 Jay

10092.0 26712.0 364.0 100.0 Gould
10468.0 26784.0 28.0 44.0 ,
10544.0 26719.0 232.0 96.0 and
10824.0 26719.0 136.0 100.0 ha
11000.0 26712.0 400.0 124.0 signed
11448.0 26712.0 340.0 108.0 them.
11924.0 26708.0 336.0 100.0 Later
12300.0 26704.0 320.0 120.0 Sully
12668.0 26731.0 168.0 76.0 wa

10092.0 26831.0 596.0 116.0 presented
10740.0 26831.0 272.0 108.0 with
11060.0 26839.0 184.0 100.0 the
11328.0 26827.0 660.0 108.0 documents
12036.0 26823.0 228.0 104.0 and
12312.0 26823.0 176.0 104.0 his
12532.0 26823.0 324.0 116.0 slgna

10092.0 26959.0 248.0 84.0 turn
10444.0 26948.0 452.0 104.0 affixed.
11016.0 26952.0 248.0 104.0 The
11344.0 26967.0 404.0 108.0 papers
11800.0 26963.0 288.0 80.0 were
12160.0 26935.0 268.0 104.0 then
12480.0 26948.0 256.0 92.0 sent
12780.0 26944.0 44.0 96.0 t
12832.0 26967.0 24.0 68.0 <

10096.0 27055.0 412.0 108.0 Itobert
10548.0 27063.0 444.0 104.0 Garrett
11040.0 27071.0 172.0 100.0 for
11260.0 27067.0 172.0 100.0 his
11476.0 27055.0 576.0 128.0 approval.
12184.0 27055.0 172.0 100.0 On
12412.0 27055.0 444.0 120.0 Hnndaj

10092.0 27179.0 96.0 100.0 it
10232.0 27199.0 232.0 80.0 was
10508.0 27175.0 424.0 108.0 known
11040.0 27184.0 244.0 108.0 that
11384.0 27179.0 192.0 104.0 the
11604.0 27175.0 508.0 116.0 .Garrett
12168.0 27171.0 464.0 104.0 Interest
12680.0 27167.0 176.0 104.0 hat

10096.0 27291.0 404.0 112.0 signed
10551.0 27299.0 224.0 100.0 and
10828.0 27299.0 184.0 100.0 the
11060.0 27295.0 416.0 116.0 parties
11519.0 27287.0 616.0 112.0 interested
12188.0 27311.0 144.0 80.0 on
12388.0 27287.0 428.0 104.0 Monda
12828.0 27311.0 28.0 92.0 ;

10100.0 27407.0 220.0 108.0 hitd
10364.0 27436.0 68.0 76.0 a
10476.0 27411.0 364.0 120.0 grand
10888.0 27411.0 420.0 124.0 jubilee
11376.0 27436.0 268.0 80.0 over
11744.0 27407.0 188.0 104.0 the
12036.0 27407.0 364.0 104.0 ntfalr.
12524.0 27403.0 332.0 104.0 Thosi

10100.0 27523.0 256.0 104.0 who
10440.0 27523.0 284.0 108.0 have
10772.0 27531.0 272.0 104.0 been
11100.0 27535.0 112.0 104.0 In
11268.0 27531.0 192.0 104.0 the
11552.0 27520.0 448.0 108.0 scheme
12048.0 27523.0 344.0 104.0 know
12428.0 27520.0 248.0 104.0 that
12720.0 27523.0 116.0 100.0 tti

10096.0 27639.0 232.0 104.0 sale
10372.0 27647.0 388.0 100.0 meant
10856.0 27647.0 188.0 104.0 the
11143.0 27643.0 576.0 116.0 absortlon
11820.0 27643.0 116.0 100.0 of
11992.0 27643.0 188.0 100.0 tlio
12280.0 27635.0 576.0 108.0 Baltlmon

10096.0 27760.0 100.0 100.0 it
10240.0 27760.0 288.0 104.0 Oblo
10568.0 27764.0 572.0 124.0 telegtaph
11188.0 27771.0 140.0 112.0 by
11380.0 27760.0 180.0 108.0 the
11640.0 27752.0 508.0 116.0 Western
12208.0 27752.0 392.0 108.0 Union
12676.0 27779.0 180.0 88.0 am

10100.0 27875.0 248.0 104.0 that
10388.0 27899.0 148.0 80.0 an
10648.0 27891.0 472.0 100.0 amount
11220.0 27883.0 128.0 100.0 of
11388.0 27895.0 412.0 100.0 money
11872.0 27875.0 204.0 100.0 has
12124.0 27871.0 280.0 104.0 been
12456.0 27871.0 380.0 108.0 alread
12836.0 27899.0 20.0 80.0 :

10096.0 27971.0 644.0 136.0 subscribed
10820.0 27991.0 140.0 120.0 by
11064.0 27996.0 440.0 116.0 outside
11580.0 27987.0 428.0 144.0 parties
12052.0 27996.0 116.0 104.0 to
12212.0 27991.0 180.0 128.0 bo
12436.0 27991.0 44.0 112.0 (
12484.0 28015.0 64.0 80.0 o
12596.0 27987.0 260.0 116.0 worl

12884.0 2616.0 224.0 104.0 and
13227.0 2616.0 336.0 124.0 equip
13608.0 2616.0 224.0 108.0 nnd
13887.0 2628.0 196.0 116.0 put
14192.0 2616.0 244.0 108.0 Into
14484.0 2612.0 580.0 128.0 operation
15120.0 2636.0 140.0 76.0 an
15308.0 2612.0 332.0 100.0 exten-

12888.0 2736.0 248.0 100.0 sion
13248.0 2724.0 116.0 112.0 oi
13420.0 2744.0 192.0 96.0 tlio
13716.0 2736.0 572.0 124.0 toleirraph
14404.0 2740.0 420.0 108.0 system
14928.0 2736.0 112.0 96.0 to
15083.0 2752.0 332.0 80.0 cover
15524.0 2728.0 184.0 100.0 the

12884.0 2852.0 532.0 100.0 southern
13536.0 2856.0 444.0 108.0 portion
14088.0 2860.0 124.0 96.0 of
14260.0 2848.0 224.0 108.0 this
14528.0 2856.0 480.0 112.0 country
15012.0 2912.0 28.0 52.0 ,
15120.0 2844.0 588.0 120.0 following

12880.0 2968.0 412.0 100.0 almost
13400.0 2964.0 656.0 124.0 Identically
14152.0 2968.0 188.0 104.0 the
14387.0 2968.0 236.0 100.0 line
14668.0 2968.0 120.0 96.0 of
14836.0 2960.0 184.0 104.0 the
15083.0 2956.0 612.0 108.0 Hattlmnro

12880.0 3084.0 792.0 104.0 iteOhloroid.
13804.0 3088.0 248.0 96.0 Tha
14200.0 3084.0 580.0 100.0 absortlon
14900.0 3084.0 120.0 96.0 of
15068.0 3080.0 188.0 100.0 the
15364.0 3072.0 292.0 104.0 Balti-

12896.0 3224.0 308.0 80.0 more
13312.0 3200.0 92.0 100.0 &
13460.0 3200.0 284.0 104.0 Ohio
13852.0 3200.0 576.0 120.0 telegraph
14479.0 3220.0 556.0 116.0 company
15092.0 3196.0 372.0 104.0 leaves
15515.0 3192.0 184.0 104.0 the

12896.0 3312.0 256.0 104.0 Held
13208.0 3340.0 284.0 100.0 open
13612.0 3324.0 116.0 96.0 to
13776.0 3316.0 296.0 100.0 them
14092.0 3384.0 24.0 52.0 ,
14168.0 3316.0 228.0 100.0 nnd
14484.0 3340.0 128.0 76.0 ns
14660.0 3320.0 260.0 108.0 they
14972.0 3296.0 284.0 116.0 have
15304.0 3332.0 408.0 88.0 money

12888.0 3432.0 296.0 100.0 their
13232.0 3432.0 424.0 124.0 project
13772.0 3460.0 76.0 80.0 vv
13884.0 3432.0 116.0 104.0 ill
14052.0 3432.0 132.0 104.0 bo
14236.0 3428.0 428.0 128.0 pushed
14707.0 3436.0 108.0 96.0 to
14860.0 3424.0 684.0 128.0 completion
15595.0 3428.0 116.0 100.0 at

12888.0 3572.0 328.0 80.0 once.

14168.0 3712.0 232.0 84.0 rnr
14484.0 3712.0 28.0 52.0 <
14512.0 3716.0 28.0 64.0 <

13008.0 3804.0 988.0 108.0 Piui.Aiii'.i.piilA
14016.0 3872.0 28.0 44.0 ,
14100.0 3808.0 384.0 104.0 March
14596.0 3880.0 20.0 32.0 .
14752.0 3808.0 240.0 104.0 The
15052.0 3816.0 424.0 108.0 Ledger
15480.0 3876.0 24.0 48.0 ,
15583.0 3804.0 116.0 100.0 In

12892.0 3920.0 144.0 104.0 Its
13092.0 3924.0 524.0 104.0 financial
13688.0 3924.0 392.0 108.0 article
14188.0 3936.0 636.0 92.0 to-morrow
14935.0 3924.0 556.0 120.0 icferring
15600.0 3924.0 112.0 96.0 to

12892.0 4040.0 188.0 104.0 the
13116.0 4040.0 432.0 124.0 alleged
13612.0 4040.0 600.0 104.0 Baltimore
14324.0 4048.0 96.0 96.0 *
14528.0 4040.0 288.0 104.0 Ohio
14911.0 4040.0 316.0 104.0 "deal
15243.0 4112.0 28.0 44.0 ,
15284.0 4036.0 68.0 56.0 "
15476.0 4036.0 228.0 100.0 will

12892.0 4180.0 200.0 100.0 say
13120.0 4180.0 24.0 80.0 :
13283.0 4148.0 208.0 112.0 "In
13552.0 4160.0 180.0 100.0 the
13784.0 4160.0 444.0 104.0 various
14275.0 4164.0 424.0 116.0 reports
14792.0 4152.0 244.0 108.0 that
15156.0 4164.0 276.0 92.0 have
15520.0 4164.0 188.0 108.0 got

12896.0 4276.0 244.0 100.0 Into
13184.0 4272.0 652.0 108.0 circulation
13896.0 4276.0 112.0 100.0 in
14068.0 4280.0 188.0 96.0 the
14304.0 4296.0 720.0 100.0 newspapers
15071.0 4272.0 308.0 100.0 there
15428.0 4268.0 280.0 104.0 have

12904.0 4392.0 280.0 100.0 been
13236.0 4388.0 392.0 104.0 united
13688.0 4392.0 108.0 104.0 In
13856.0 4392.0 188.0 104.0 the
14092.0 4392.0 432.0 108.0 alleged
14600.0 4392.0 584.0 120.0 syndicate
15228.0 4392.0 248.0 96.0 who
15520.0 4412.0 188.0 72.0 are

12896.0 4512.0 556.0 120.0 supposed
13504.0 4516.0 112.0 92.0 to
13664.0 4512.0 132.0 100.0 bo
13844.0 4508.0 432.0 120.0 buying
14324.0 4512.0 184.0 100.0 the
14552.0 4504.0 604.0 104.0 Baltimore
15219.0 4508.0 104.0 96.0 .t
15428.0 4500.0 284.0 104.0 Ohio

12896.0 4623.0 488.0 100.0 railroad
13428.0 4652.0 64.0 72.0 n
13528.0 4628.0 312.0 116.0 great
13875.0 4648.0 336.0 100.0 many
14268.0 4628.0 300.0 116.0 large
14636.0 4620.0 464.0 116.0 railway
15207.0 4644.0 460.0 92.0 corpora-

12896.0 4736.0 304.0 104.0 tions
13248.0 4744.0 228.0 96.0 and
13528.0 4744.0 512.0 100.0 bankers.
14188.0 4740.0 196.0 104.0 We
14428.0 4756.0 284.0 84.0 have
14824.0 4740.0 324.0 100.0 made.
15252.0 4736.0 452.0 124.0 Inquiry

12896.0 4876.0 148.0 80.0 on
13096.0 4856.0 188.0 100.0 the
13328.0 4856.0 428.0 120.0 subject
13796.0 4856.0 224.0 104.0 and
14076.0 4880.0 188.0 76.0 arn
14308.0 4856.0 248.0 100.0 able
14592.0 4864.0 116.0 92.0 to
14760.0 4864.0 376.0 116.0 report
15184.0 4880.0 124.0 72.0 as
15355.0 4880.0 64.0 72.0 a
15527.0 4876.0 116.0 76.0 re-

12900.0 4972.0 228.0 100.0 sult
13176.0 4972.0 240.0 100.0 that
13464.0 4972.0 184.0 100.0 tlm
13704.0 4972.0 844.0 104.0 Pnniisvlvanla
14639.0 4972.0 480.0 100.0 laihoad
15204.0 4968.0 228.0 104.0 and
15520.0 4968.0 188.0 100.0 the

12904.0 5088.0 432.0 116.0 Luhlgh
13400.0 5084.0 400.0 120.0 Valley
13864.0 5088.0 480.0 104.0 railroad
14436.0 5092.0 280.0 96.0 have
14808.0 5112.0 148.0 76.0 no
15032.0 5088.0 672.0 100.0 connection

12904.0 5208.0 272.0 96.0 with
13224.0 5204.0 188.0 104.0 the
13460.0 5204.0 248.0 104.0 deal
13739.0 5228.0 28.0 96.0 ;
13836.0 5208.0 240.0 100.0 tint
14124.0 5208.0 188.0 100.0 the
14360.0 5200.0 688.0 120.0 controlling
15100.0 5224.0 428.0 96.0 powers
15580.0 5200.0 120.0 100.0 In

12904.0 5320.0 188.0 100.0 the
13147.0 5320.0 504.0 116.0 Keadltig
13700.0 5320.0 476.0 104.0 railroad
14232.0 5336.0 796.0 108.0 management
15076.0 5324.0 280.0 100.0 have
15396.0 5320.0 268.0 96.0 noth-

12904.0 5435.0 200.0 112.0 ing
13152.0 5444.0 108.0 92.0 to
13304.0 5435.0 144.0 100.0 do
13496.0 5440.0 272.0 100.0 with
13819.0 5440.0 72.0 100.0 It
13908.0 5508.0 28.0 48.0 ,
13992.0 5432.0 228.0 108.0 and
14272.0 5440.0 244.0 100.0 that
14600.0 5460.0 560.0 96.0 cominny
15268.0 5435.0 432.0 100.0 cannot

12908.0 5552.0 128.0 100.0 bo
13084.0 5552.0 272.0 104.0 used
13408.0 5556.0 136.0 116.0 by
13591.0 5556.0 224.0 100.0 this
13860.0 5556.0 592.0 116.0 syndicate
14500.0 5556.0 112.0 100.0 In
14664.0 5536.0 272.0 120.0 such
14964.0 5548.0 676.0 104.0 connection
15675.0 5568.0 28.0 96.0 ;

12904.0 5668.0 244.0 104.0 that
13196.0 5672.0 184.0 96.0 the
13431.0 5672.0 432.0 100.0 friends
13916.0 5680.0 120.0 92.0 of
14100.0 5668.0 416.0 108.0 Austin
14576.0 5672.0 412.0 100.0 Corbln
15080.0 5668.0 300.0 116.0 deny
15464.0 5664.0 244.0 104.0 that

12908.0 5792.0 136.0 96.0 ho
13096.0 5788.0 216.0 100.0 had
13360.0 5788.0 560.0 120.0 anything
13967.0 5792.0 116.0 96.0 to
14127.0 5788.0 144.0 100.0 do
14360.0 5788.0 268.0 100.0 with
14724.0 5792.0 188.0 96.0 the
15032.0 5788.0 632.0 96.0 movement
15675.0 5852.0 24.0 44.0 ,

12900.0 5916.0 236.0 88.0 and
13236.0 5904.0 252.0 100.0 that
13591.0 5900.0 404.0 104.0 Drext-l
14004.0 5972.0 32.0 48.0 ,
14132.0 5904.0 480.0 100.0 Morjan
14707.0 5908.0 112.0 92.0 &
14876.0 5900.0 196.0 104.0 Co.
15080.0 5968.0 28.0 36.0 .
15196.0 5908.0 124.0 88.0 ot
15420.0 5896.0 288.0 104.0 New

12919.0 6012.0 304.0 108.0 York
13236.0 6088.0 24.0 48.0 ,
13316.0 6016.0 228.0 104.0 nnd
13600.0 6020.0 400.0 104.0 Drexel
14092.0 6020.0 100.0 100.0 it
14296.0 6020.0 184.0 100.0 Co.
14496.0 6088.0 28.0 44.0 ,
14632.0 6024.0 124.0 96.0 of
14888.0 6012.0 776.0 124.0 Philadelphia
15680.0 6083.0 24.0 52.0 ,

12912.0 6136.0 280.0 100.0 have
13248.0 6136.0 480.0 104.0 nothlnc
13780.0 6148.0 116.0 88.0 to
13924.0 6136.0 148.0 100.0 do
14120.0 6132.0 276.0 108.0 with
14448.0 6136.0 116.0 100.0 It.
14580.0 6128.0 64.0 60.0 "

13032.0 6248.0 244.0 104.0 Tlio
13384.0 6252.0 432.0 104.0 Hecord
13928.0 6248.0 228.0 104.0 will
14268.0 6276.0 196.0 96.0 siy
14491.0 6276.0 28.0 76.0 :
14712.0 6252.0 264.0 104.0 "An
15092.0 6243.0 612.0 120.0 Important

12919.0 6368.0 496.0 120.0 meeting
13523.0 6372.0 124.0 100.0 of
13760.0 6364.0 428.0 108.0 Adams
14328.0 6392.0 464.0 112.0 express
14916.0 6368.0 464.0 100.0 ollleinls
15484.0 6360.0 228.0 104.0 ami

12919.0 6483.0 376.0 104.0 others
13348.0 6512.0 228.0 76.0 was
13628.0 6487.0 256.0 100.0 held
13936.0 6508.0 112.0 80.0 in
14144.0 6483.0 224.0 104.0 this
14411.0 6472.0 232.0 132.0 city
14688.0 6483.0 592.0 120.0 yestordiy
15348.0 6480.0 224.0 100.0 and
15632.0 6480.0 84.0 100.0 It

12928.0 6628.0 228.0 76.0 was
13204.0 6604.0 600.0 100.0 afterward
13856.0 6600.0 452.0 104.0 learned
14360.0 6600.0 244.0 104.0 that
14668.0 6600.0 192.0 100.0 the
14908.0 6592.0 596.0 108.0 following
15548.0 6600.0 116.0 96.0 In-

12912.0 6727.0 396.0 92.0 terests
13420.0 6744.0 284.0 80.0 were
13756.0 6724.0 712.0 116.0 represented
14496.0 6740.0 32.0 80.0 :
14707.0 6716.0 508.0 104.0 Western
15320.0 6712.0 388.0 104.0 Union

12916.0 6832.0 572.0 124.0 telegraph
13608.0 6852.0 552.0 104.0 company
14168.0 6904.0 24.0 52.0 ,
14308.0 6836.0 432.0 100.0 Adams
14860.0 6856.0 468.0 100.0 express
15428.0 6856.0 244.0 76.0 com-

12912.0 6975.0 304.0 116.0 pany
13320.0 6948.0 224.0 104.0 and
13664.0 6952.0 516.0 100.0 Pullman
14336.0 6952.0 380.0 120.0 palace
14820.0 6975.0 188.0 76.0 car
15108.0 6971.0 596.0 92.0 company.

12912.0 7068.0 368.0 104.0 These
13360.0 7068.0 772.0 112.0 corporations
14220.0 7092.0 184.0 76.0 are
14496.0 7068.0 364.0 100.0 stated
14947.0 7076.0 116.0 92.0 to
15156.0 7068.0 132.0 96.0 be
15379.0 7068.0 300.0 96.0 Inter-

12912.0 7184.0 312.0 104.0 ested
13307.0 7180.0 112.0 104.0 In
13516.0 7188.0 188.0 100.0 the
13784.0 7164.0 252.0 124.0 deal
14088.0 7184.0 224.0 104.0 and
14368.0 7184.0 220.0 100.0 will
14604.0 7256.0 24.0 48.0 ,
14680.0 7208.0 124.0 76.0 ns
14852.0 7180.0 292.0 104.0 their
15219.0 7180.0 324.0 104.0 share
15592.0 7180.0 120.0 100.0 of

12919.0 7299.0 84.0 100.0 It
13011.0 7372.0 24.0 48.0 ,
13132.0 7295.0 260.0 104.0 take
13468.0 7299.0 188.0 104.0 the
13744.0 7324.0 484.0 100.0 express
14343.0 7299.0 572.0 124.0 telegraph
15008.0 7299.0 228.0 100.0 nnd
15336.0 7295.0 376.0 112.0 palace

12912.0 7440.0 188.0 80.0 car
13144.0 7412.0 592.0 128.0 privileges
13780.0 7428.0 120.0 88.0 ot
13952.0 7424.0 184.0 96.0 the
14236.0 7416.0 600.0 104.0 Baltimore
14923.0 7416.0 104.0 96.0 &
15108.0 7412.0 292.0 104.0 Ohio
15484.0 7440.0 192.0 92.0 sys-

12919.0 7543.0 220.0 88.0 tem
13156.0 7604.0 24.0 36.0 ,
13236.0 7535.0 264.0 100.0 thus
13544.0 7532.0 584.0 116.0 removing
14195.0 7535.0 188.0 100.0 the
14436.0 7539.0 288.0 96.0 most
14808.0 7528.0 672.0 104.0 formidable
15527.0 7556.0 144.0 96.0 op-

12916.0 7648.0 496.0 116.0 position
13496.0 7652.0 240.0 100.0 that
13824.0 7648.0 308.0 104.0 these
14224.0 7652.0 528.0 100.0 tnteiests
14836.0 7672.0 264.0 80.0 now
15163.0 7648.0 280.0 100.0 have
15452.0 7720.0 24.0 44.0 ,
15568.0 7648.0 144.0 112.0 by

12919.0 7764.0 352.0 116.0 doing
13316.0 7764.0 360.0 104.0 which
13727.0 7760.0 264.0 128.0 they
14040.0 7760.0 224.0 108.0 will
14316.0 7764.0 632.0 116.0 ultimately
15000.0 7768.0 184.0 116.0 get
15231.0 7764.0 276.0 104.0 back
15556.0 7764.0 148.0 100.0 all

12912.0 7884.0 248.0 100.0 that
13204.0 7884.0 252.0 120.0 they
13520.0 7880.0 228.0 104.0 will
13804.0 7884.0 368.0 100.0 Invest
14240.0 7884.0 116.0 96.0 In
14408.0 7884.0 188.0 96.0 the
14639.0 7880.0 284.0 100.0 deal.
14940.0 7876.0 68.0 56.0 "

13600.0 8020.0 412.0 80.0 TKIIMS
14080.0 8016.0 152.0 84.0 OV
14296.0 8020.0 260.0 80.0 TUB
14624.0 8020.0 344.0 80.0 DKAF.
14979.0 8064.0 24.0 32.0 .

13032.0 8107.0 320.0 108.0 Nr.w
13452.0 8111.0 368.0 104.0 YOIIK
13828.0 8183.0 28.0 52.0 ,
13948.0 8111.0 380.0 104.0 March
14408.0 8120.0 88.0 92.0 9.
14632.0 8111.0 244.0 100.0 The
14956.0 8107.0 512.0 108.0 Tribune
15560.0 8111.0 116.0 100.0 to-

12916.0 8252.0 476.0 80.0 morrow
13440.0 8228.0 232.0 104.0 will
13751.0 8256.0 200.0 96.0 say
13979.0 8256.0 28.0 76.0 :
14132.0 8232.0 244.0 100.0 The
14460.0 8232.0 392.0 116.0 option
14944.0 8252.0 144.0 76.0 on
15184.0 8232.0 192.0 96.0 the
15464.0 8252.0 208.0 76.0 con-

12916.0 8347.0 464.0 112.0 trolling
13468.0 8347.0 472.0 100.0 Interest
14020.0 8344.0 112.0 104.0 In
14232.0 8344.0 184.0 104.0 the
14512.0 8344.0 608.0 104.0 Baltimore
15207.0 8344.0 100.0 100.0 &
15420.0 8344.0 304.0 100.0 Ohio

12916.0 8460.0 476.0 104.0 railroad
13443.0 8464.0 496.0 140.0 iccently
13984.0 8460.0 528.0 104.0 obtained
14568.0 8468.0 140.0 116.0 by
14756.0 8456.0 408.0 108.0 Alfred
15212.0 8456.0 324.0 144.0 Sully
15595.0 8460.0 120.0 100.0 In

12916.0 8580.0 384.0 100.0 behalf
13344.0 8580.0 120.0 100.0 of
13508.0 8608.0 68.0 72.0 n
13620.0 8580.0 584.0 120.0 syndicate
14240.0 8580.0 120.0 100.0 of
14408.0 8580.0 284.0 100.0 Now
14728.0 8576.0 320.0 104.0 York
15095.0 8568.0 628.0 128.0 capitalists

12919.0 8720.0 232.0 76.0 was
13200.0 8700.0 200.0 96.0 not
13440.0 8696.0 572.0 104.0 exorcised
14080.0 8700.0 628.0 116.0 yesterday.
14840.0 8696.0 112.0 100.0 It
15040.0 8696.0 96.0 96.0 Is
15192.0 8696.0 524.0 112.0 probable

12916.0 8812.0 248.0 100.0 that
13268.0 8816.0 188.0 100.0 the
13560.0 8816.0 544.0 112.0 urlvllego
14212.0 8812.0 232.0 104.0 will
14592.0 8812.0 132.0 100.0 bo
14872.0 8812.0 404.0 100.0 settled
15432.0 8812.0 112.0 100.0 In
15656.0 8835.0 68.0 76.0 a

12919.0 8932.0 220.0 100.0 few
13260.0 8928.0 280.0 120.0 dajs
13548.0 9003.0 28.0 36.0 ,
13664.0 8932.0 232.0 100.0 and
13984.0 8932.0 92.0 96.0 If
14160.0 8928.0 188.0 100.0 the
14456.0 8928.0 344.0 100.0 terms
14904.0 8928.0 184.0 100.0 for
15172.0 8923.0 516.0 124.0 subscrip-

12919.0 9044.0 232.0 104.0 tion
13283.0 9052.0 120.0 92.0 ot
13511.0 9048.0 192.0 96.0 the
13824.0 9044.0 592.0 104.0 syndicate
14552.0 9068.0 212.0 80.0 can
14896.0 9044.0 136.0 100.0 bo
15156.0 9044.0 552.0 104.0 arranged

12924.0 9159.0 184.0 100.0 the
13192.0 9155.0 436.0 116.0 change
13708.0 9163.0 124.0 96.0 of
13916.0 9155.0 648.0 124.0 ownership
14639.0 9184.0 260.0 80.0 mav
14976.0 9163.0 128.0 96.0 bo
15184.0 9159.0 524.0 120.0 officially

12916.0 9280.0 676.0 100.0 announced
13636.0 9276.0 404.0 116.0 to-day.
14171.0 9276.0 108.0 100.0 It
14331.0 9276.0 92.0 100.0 Is
14476.0 9272.0 696.0 104.0 understood
15243.0 9276.0 244.0 100.0 that
15536.0 9276.0 188.0 100.0 the

12916.0 9399.0 504.0 96.0 contiact
13468.0 9392.0 272.0 104.0 with
13792.0 9392.0 592.0 104.0 President
14452.0 9396.0 444.0 100.0 Gariett
14944.0 9392.0 520.0 136.0 provides
15544.0 9396.0 180.0 92.0 for

12919.0 9512.0 188.0 96.0 the
13156.0 9516.0 496.0 96.0 transfer
13700.0 9512.0 136.0 116.0 by
13884.0 9512.0 228.0 100.0 him
14168.0 9516.0 112.0 92.0 to
14368.0 9508.0 188.0 100.0 the
14639.0 9496.0 592.0 136.0 syndicate
15275.0 9516.0 120.0 92.0 ot
15440.0 9512.0 288.0 96.0 8.000

12919.0 9624.0 552.0 100.0 shaiesof
13548.0 9628.0 604.0 100.0 Baltimore
14232.0 9624.0 104.0 100.0 &
14411.0 9620.0 292.0 104.0 Ohio
14808.0 9624.0 316.0 104.0 stock
15212.0 9628.0 112.0 96.0 at
15423.0 9624.0 64.0 104.0 S
15560.0 9624.0 152.0 104.0 OO.

12916.0 9740.0 248.0 104.0 The
13208.0 9748.0 468.0 96.0 amount
13720.0 9748.0 120.0 96.0 ot
13912.0 9744.0 188.0 100.0 the
14164.0 9744.0 544.0 116.0 pmchaso
14787.0 9764.0 408.0 92.0 money
15287.0 9740.0 92.0 100.0 Is
15464.0 9740.0 264.0 100.0 thus

12919.0 9860.0 636.0 116.0 810,000,000
13556.0 9932.0 28.0 44.0 ,
13636.0 9864.0 124.0 96.0 of
13848.0 9860.0 364.0 100.0 which
14260.0 9860.0 448.0 96.0 Garrett
14812.0 9860.0 392.0 100.0 insists
15308.0 9880.0 304.0 100.0 upon
15663.0 9883.0 64.0 72.0 a

12919.0 9984.0 548.0 124.0 payment
13511.0 9975.0 112.0 100.0 in
13676.0 9979.0 268.0 96.0 cash
13992.0 9979.0 124.0 96.0 of
14195.0 9975.0 576.0 108.0 Sd.000,000
14920.0 9975.0 252.0 100.0 Tlm
15216.0 10000.0 116.0 72.0 re
15352.0 9975.0 372.0 100.0 main-

12924.0 10076.0 200.0 132.0 Ing
13307.0 10092.0 540.0 116.0 10,000,000
13960.0 10116.0 252.0 92.0 may
14324.0 10096.0 132.0 100.0 bo
14559.0 10088.0 260.0 116.0 paid
14908.0 10100.0 116.0 92.0 at
15127.0 10112.0 228.0 100.0 nny
15444.0 10092.0 284.0 100.0 time

12924.0 10207.0 400.0 100.0 within
13572.0 10232.0 220.0 76.0 ono
14035.0 10232.0 268.0 100.0 year
14308.0 10280.0 24.0 48.0 ,
14520.0 10204.0 196.0 108.0 but
14960.0 10207.0 296.0 100.0 until
15444.0 10204.0 276.0 104.0 Hnal

12928.0 10328.0 540.0 140.0 payment
13708.0 10340.0 204.0 88.0 has
14160.0 10324.0 272.0 104.0 been
14688.0 10320.0 320.0 108.0 made
15172.0 10328.0 188.0 96.0 the
15544.0 10348.0 188.0 76.0 en-

12924.0 10455.0 220.0 84.0 tno
13388.0 10436.0 324.0 104.0 block
13952.0 10440.0 120.0 96.0 of
14340.0 10440.0 316.0 104.0 stock
14900.0 10440.0 96.0 104.0 Is
15240.0 10448.0 116.0 92.0 to
15595.0 10444.0 132.0 96.0 beheld

12928.0 10556.0 256.0 100.0 held
13340.0 10556.0 112.0 100.0 In
13591.0 10560.0 292.0 96.0 trust
14028.0 10552.0 360.0 104.0 under
14484.0 10560.0 428.0 100.0 certain
15040.0 10552.0 648.0 108.0 conditions
15700.0 10632.0 20.0 44.0 ,

12931.0 10668.0 360.0 108.0 which
13348.0 10672.0 280.0 104.0 have
13680.0 10680.0 200.0 92.0 not
13928.0 10672.0 276.0 100.0 been
14260.0 10672.0 320.0 104.0 made
14668.0 10668.0 400.0 128.0 public.
15204.0 10676.0 524.0 116.0 .Nothing

12924.0 10787.0 116.0 100.0 In
13096.0 10792.0 316.0 96.0 these
13476.0 10796.0 344.0 92.0 terms
13872.0 10787.0 96.0 100.0 Is
14016.0 10787.0 344.0 120.0 likely
14404.0 10796.0 112.0 92.0 to
14564.0 10787.0 544.0 100.0 Interfere
15180.0 10787.0 268.0 100.0 with
15539.0 10792.0 188.0 100.0 the

12924.0 10904.0 456.0 124.0 geneial
13431.0 10928.0 480.0 100.0 purpose
13920.0 10980.0 24.0 40.0 ,
13984.0 10904.0 200.0 104.0 but
14228.0 10904.0 112.0 100.0 In
14392.0 10904.0 188.0 100.0 the
14620.0 10904.0 608.0 104.0 meantime
15260.0 10932.0 472.0 116.0 persons

12924.0 11019.0 884.0 104.0 ncknowledeed
13860.0 11027.0 112.0 92.0 to
14008.0 11019.0 136.0 104.0 be
14212.0 11019.0 424.0 120.0 laigely
14692.0 11008.0 608.0 112.0 Interested
15355.0 11019.0 112.0 100.0 In
15544.0 11023.0 188.0 100.0 the

12924.0 11140.0 268.0 108.0 plnn
13244.0 11164.0 188.0 72.0 are
13480.0 11136.0 528.0 124.0 disposed
14060.0 11148.0 112.0 88.0 to
14224.0 11120.0 544.0 116.0 withhold
14816.0 11136.0 736.0 104.0 infoimutlon
15607.0 11140.0 116.0 100.0 In

12928.0 11256.0 400.0 112.0 legard
13380.0 11259.0 116.0 96.0 to
13540.0 11259.0 188.0 96.0 the
13776.0 11256.0 408.0 100.0 details
14228.0 11256.0 120.0 96.0 of
14392.0 11259.0 832.0 112.0 arrangement.

13488.0 11392.0 256.0 80.0 .TAY
13780.0 11392.0 412.0 80.0 OOIJI.D
14248.0 11388.0 912.0 84.0 I.NTKUVIIWID.
14804.0 11392.0 28.0 80.0 :
15012.0 11392.0 24.0 80.0 :

13056.0 11484.0 360.0 108.0 When
13464.0 11484.0 224.0 116.0 Jay
13736.0 11488.0 364.0 100.0 Gould
14152.0 11511.0 228.0 76.0 was
14428.0 11484.0 344.0 104.0 asked
14860.0 11488.0 140.0 120.0 by
15088.0 11511.0 64.0 76.0 n
15231.0 11484.0 504.0 104.0 Tribune

12928.0 11616.0 496.0 112.0 reporter
13472.0 11604.0 88.0 96.0 If
13612.0 11624.0 136.0 80.0 no
13796.0 11604.0 212.0 100.0 had
14076.0 11628.0 228.0 96.0 any
14396.0 11599.0 464.0 104.0 Inteiest
14976.0 11599.0 108.0 104.0 In
15200.0 11604.0 188.0 100.0 the
15496.0 11628.0 196.0 96.0 pro-

12928.0 11720.0 340.0 108.0 posed
13324.0 11720.0 540.0 116.0 purchase
13908.0 11728.0 116.0 92.0 ot
14076.0 11724.0 188.0 96.0 tlio
14336.0 11716.0 616.0 104.0 Baltimore
15000.0 11720.0 100.0 96.0 &
15144.0 11720.0 292.0 100.0 Ohio
15484.0 11720.0 244.0 100.0 tail-

12931.0 11835.0 260.0 100.0 toad
13248.0 11839.0 132.0 96.0 ho
13428.0 11835.0 424.0 120.0 replied
13880.0 11860.0 28.0 76.0 :
14112.0 11839.0 64.0 44.0 "
14188.0 11831.0 52.0 100.0 1
14348.0 11860.0 172.0 72.0 nm
14636.0 11848.0 204.0 84.0 not
14944.0 11835.0 572.0 120.0 engaging
15612.0 11835.0 116.0 100.0 In

12928.0 11976.0 256.0 76.0 new
13307.0 11956.0 688.0 120.0 enterprises
14100.0 11956.0 124.0 96.0 of
14328.0 11976.0 228.0 92.0 any
14608.0 11948.0 308.0 104.0 Kind.
15048.0 11952.0 56.0 96.0 1
15151.0 11976.0 184.0 76.0 am
15444.0 11972.0 112.0 80.0 in
15672.0 11980.0 68.0 72.0 a

12928.0 12096.0 296.0 88.0 snug
13283.0 12067.0 616.0 104.0 condition.
14040.0 12064.0 48.0 100.0 I
14127.0 12067.0 144.0 100.0 do
14324.0 12079.0 196.0 88.0 not
14568.0 12092.0 240.0 76.0 owe
14872.0 12067.0 568.0 116.0 anything
15488.0 12067.0 236.0 100.0 nnd

12931.0 12212.0 184.0 92.0 my
13164.0 12184.0 272.0 100.0 time
13484.0 12188.0 96.0 96.0 Is
13684.0 12188.0 148.0 100.0 nil
13944.0 12184.0 296.0 100.0 filled
14368.0 12180.0 116.0 104.0 in
14615.0 12184.0 468.0 120.0 looking
15168.0 12192.0 296.0 92.0 nttcr
15544.0 12188.0 196.0 96.0 tlio

12936.0 12304.0 528.0 100.0 interests
13516.0 12300.0 44.0 100.0 I
13616.0 12323.0 260.0 80.0 now
13908.0 12300.0 324.0 100.0 havo.
14312.0 12296.0 368.0 104.0 These
14728.0 12323.0 184.0 76.0 nro
14960.0 12280.0 188.0 120.0 liio
15200.0 12300.0 536.0 100.0 Elevated

12931.0 12420.0 328.0 100.0 roads
13272.0 12491.0 24.0 36.0 ,
13372.0 12416.0 532.0 100.0 Missouri
13996.0 12416.0 408.0 100.0 Pacific
14488.0 12411.0 228.0 104.0 and
14768.0 12411.0 512.0 104.0 Western
15340.0 12411.0 392.0 104.0 Union

12931.0 12536.0 624.0 112.0 telegraph.
13788.0 12532.0 48.0 100.0 1
13932.0 12532.0 228.0 104.0 find
14272.0 12532.0 244.0 100.0 that
14608.0 12532.0 40.0 100.0 I
14763.0 12536.0 284.0 96.0 have
15136.0 12532.0 392.0 120.0 plenty
15616.0 12536.0 124.0 96.0 of

12931.0 12655.0 312.0 96.0 work
13292.0 12651.0 116.0 96.0 In
13460.0 12643.0 620.0 116.0 managing
14171.0 12643.0 292.0 104.0 them
14484.0 12719.0 24.0 36.0 ,
14559.0 12651.0 224.0 96.0 and
14840.0 12660.0 112.0 88.0 at
15048.0 12672.0 184.0 92.0 my
15280.0 12651.0 272.0 96.0 time
15616.0 12647.0 128.0 100.0 of

12931.0 12768.0 204.0 104.0 lite
13184.0 12768.0 56.0 100.0 1
13324.0 12768.0 340.0 100.0 think
13748.0 12792.0 68.0 76.0 n
13880.0 12792.0 256.0 72.0 man
14192.0 12788.0 136.0 76.0 ou
14348.0 12792.0 24.0 44.0 <
14372.0 12768.0 168.0 112.0 tht
14624.0 12776.0 116.0 88.0 to
14787.0 12764.0 132.0 100.0 bo
14964.0 12768.0 612.0 100.0 contented
15648.0 12764.0 92.0 100.0 If

12936.0 12895.0 136.0 88.0 ho
13124.0 12879.0 200.0 104.0 has
13368.0 12891.0 192.0 108.0 got
13644.0 12908.0 68.0 76.0 n
13760.0 12883.0 284.0 100.0 little
14092.0 12887.0 524.0 112.0 property
14664.0 12879.0 540.0 104.0 together.
15348.0 12879.0 52.0 100.0 I
15452.0 12883.0 284.0 100.0 have

12931.0 13000.0 316.0 104.0 often
13344.0 13000.0 448.0 100.0 noticed
13880.0 13000.0 244.0 100.0 tlmt
14176.0 12996.0 320.0 100.0 when
14552.0 13020.0 252.0 80.0 men
14900.0 13024.0 140.0 88.0 go
15108.0 12996.0 444.0 104.0 outside
15612.0 13004.0 128.0 96.0 of

12936.0 13116.0 292.0 100.0 their
13312.0 13116.0 440.0 120.0 regular
13836.0 13112.0 512.0 104.0 business
14360.0 13188.0 24.0 44.0 ,
14460.0 13112.0 112.0 100.0 in
14672.0 13112.0 360.0 104.0 which
15127.0 13116.0 260.0 116.0 they
15459.0 13112.0 280.0 104.0 have

12931.0 13219.0 536.0 116.0 achieved
13591.0 13256.0 68.0 72.0 a
13819.0 13232.0 424.0 100.0 certain
14376.0 13236.0 468.0 96.0 amount
14968.0 13228.0 124.0 104.0 of
15256.0 13256.0 440.0 76.0 success
15708.0 13303.0 24.0 48.0 ,

12931.0 13348.0 264.0 116.0 they
13360.0 13371.0 192.0 76.0 are
13712.0 13352.0 196.0 112.0 apt
14060.0 13352.0 116.0 92.0 to
14340.0 13352.0 188.0 108.0 get
14652.0 13348.0 304.0 100.0 whit
15120.0 13344.0 96.0 100.0 is
15336.0 13344.0 356.0 104.0 ealled
15708.0 13416.0 24.0 52.0 ,

12940.0 13463.0 52.0 100.0 1
13044.0 13459.0 420.0 104.0 bolleve
13472.0 13531.0 24.0 48.0 ,
13552.0 13463.0 188.0 96.0 the
13792.0 13467.0 384.0 108.0 "great
14220.0 13459.0 316.0 104.0 head.
14552.0 13455.0 64.0 60.0 "
14744.0 13463.0 296.0 100.0 That
15127.0 13459.0 92.0 100.0 Is
15316.0 13463.0 184.0 100.0 the
15544.0 13463.0 132.0 100.0 be-

12931.0 13580.0 496.0 124.0 ginning
13472.0 13580.0 120.0 96.0 of
13636.0 13580.0 292.0 100.0 their
13967.0 13580.0 552.0 120.0 complete
14588.0 13580.0 664.0 100.0 overthrow.
15388.0 13580.0 136.0 100.0 In
15576.0 13604.0 160.0 76.0 ro-

12936.0 13699.0 272.0 212.0 Surd
13256.0 13703.0 116.0 92.0 to
13416.0 13691.0 688.0 128.0 telegraphic
14192.0 13699.0 460.0 96.0 mattcis
14664.0 13767.0 20.0 44.0 ,
14740.0 13691.0 44.0 104.0 1
14880.0 13720.0 208.0 76.0 can
15180.0 13691.0 272.0 112.0 only
15539.0 13720.0 200.0 96.0 say

13024.0 13816.0 160.0 100.0 lat
13227.0 13808.0 84.0 104.0 It
13360.0 13808.0 96.0 100.0 Is
13504.0 13816.0 204.0 92.0 not
13748.0 13812.0 188.0 100.0 the
13979.0 13808.0 368.0 112.0 polle.y
14392.0 13816.0 112.0 96.0 ot
14559.0 13812.0 188.0 100.0 the
14784.0 13808.0 508.0 108.0 Western
15344.0 13791.0 388.0 120.0 Union

12936.0 13935.0 120.0 92.0 to
13096.0 13928.0 224.0 116.0 buy
13356.0 13947.0 160.0 88.0 up
13556.0 13928.0 648.0 112.0 opposition
14248.0 13924.0 348.0 100.0 lines.
14700.0 13924.0 204.0 100.0 Wo
14944.0 13924.0 372.0 120.0 might
15360.0 13939.0 392.0 108.0 accept

12956.0 14044.0 296.0 100.0 lines
13304.0 14040.0 372.0 104.0 where
13720.0 14040.0 268.0 140.0 they
14032.0 14064.0 296.0 80.0 were
14376.0 14064.0 596.0 96.0 neoessaiy
15052.0 14048.0 116.0 88.0 to
15212.0 14064.0 208.0 72.0 our
15459.0 14040.0 248.0 96.0 busi-

12948.0 14179.0 260.0 76.0 ness
13215.0 14228.0 24.0 48.0 ,
13295.0 14156.0 200.0 100.0 but
13532.0 14152.0 276.0 120.0 only
13852.0 14140.0 120.0 116.0 ai
14028.0 14179.0 68.0 72.0 a
14168.0 14152.0 300.0 124.0 price
14552.0 14160.0 244.0 96.0 that
14884.0 14168.0 636.0 104.0 represents
15564.0 14152.0 188.0 100.0 the

12944.0 14279.0 860.0 92.0 cost"'tous
13976.0 14271.0 128.0 96.0 of
14284.0 14267.0 528.0 132.0 building
14996.0 14292.0 256.0 80.0 new
15412.0 14267.0 328.0 104.0 lines.

12952.0 14384.0 208.0 104.0 We
13276.0 14408.0 300.0 76.0 were
13696.0 14380.0 348.0 104.0 asked
14208.0 14380.0 348.0 124.0 lately
14740.0 14380.0 100.0 104.0 if
15020.0 14408.0 172.0 76.0 we
15372.0 14388.0 380.0 96.0 would

12940.0 14499.0 476.0 100.0 consent
13536.0 14511.0 120.0 84.0 to
13776.0 14519.0 68.0 76.0 a
13964.0 14499.0 460.0 120.0 general
14544.0 14499.0 508.0 100.0 advance
15172.0 14495.0 124.0 100.0 of
15412.0 14503.0 296.0 96.0 rates
15716.0 14572.0 24.0 44.0 ,

12944.0 14620.0 196.0 92.0 but
13260.0 14612.0 60.0 100.0 1
13440.0 14612.0 420.0 124.0 replied
13992.0 14616.0 240.0 96.0 that
14380.0 14612.0 192.0 104.0 the
14704.0 14612.0 508.0 104.0 Western
15344.0 14612.0 396.0 104.0 Union

12948.0 14728.0 196.0 104.0 did
13188.0 14728.0 200.0 104.0 not
13424.0 14732.0 240.0 96.0 first
13708.0 14732.0 404.0 100.0 reduce
14156.0 14732.0 296.0 100.0 rates
14500.0 14728.0 224.0 104.0 and
14775.0 14728.0 244.0 104.0 that
15068.0 14732.0 84.0 96.0 It
15200.0 14728.0 216.0 104.0 had
15464.0 14728.0 280.0 104.0 been

12948.0 14843.0 248.0 104.0 able
13244.0 14852.0 112.0 96.0 to
13400.0 14847.0 224.0 100.0 llvo
13712.0 14852.0 116.0 96.0 nt
13875.0 14847.0 184.0 96.0 the
14108.0 14843.0 344.0 104.0 lower
14496.0 14847.0 292.0 100.0 tolls.
14920.0 14852.0 136.0 96.0 In
15104.0 14847.0 260.0 104.0 fact.
15423.0 14843.0 48.0 100.0 I
15564.0 14872.0 184.0 76.0 am

12944.0 14960.0 412.0 124.0 cleaily
13404.0 14964.0 124.0 96.0 of
13572.0 14960.0 188.0 104.0 the
13807.0 14964.0 464.0 144.0 opinion
14348.0 14964.0 248.0 100.0 that
14636.0 14964.0 188.0 100.0 the
14872.0 14964.0 248.0 100.0 true
15163.0 14964.0 376.0 112.0 policy
15624.0 14964.0 128.0 96.0 of

12948.0 15075.0 228.0 104.0 this
13220.0 15100.0 564.0 100.0 company
13887.0 15079.0 100.0 100.0 is
14096.0 15083.0 116.0 96.0 to
14256.0 15083.0 512.0 100.0 conform
14876.0 15083.0 144.0 96.0 Its
15068.0 15079.0 516.0 100.0 business
15636.0 15083.0 116.0 96.0 to

12940.0 15196.0 356.0 120.0 cheap
13340.0 15208.0 296.0 88.0 rates
13676.0 15192.0 228.0 104.0 and
14004.0 15192.0 308.0 108.0 force
14416.0 15196.0 636.0 124.0 opposition
15100.0 15192.0 652.0 128.0 companies

12948.0 15315.0 116.0 96.0 to
13176.0 15311.0 388.0 104.0 follow
13612.0 15311.0 188.0 100.0 the
13844.0 15315.0 548.0 120.0 example.
14528.0 15311.0 216.0 104.0 Ill
14792.0 15336.0 292.0 80.0 were
15176.0 15315.0 116.0 96.0 to
15367.0 15336.0 388.0 80.0 secure

12948.0 15428.0 144.0 120.0 by
13192.0 15432.0 548.0 116.0 purchase
13844.0 15456.0 128.0 72.0 or
14076.0 15428.0 296.0 104.0 lease
14520.0 15432.0 152.0 100.0 nil
14796.0 15432.0 192.0 100.0 the
15108.0 15428.0 636.0 124.0 opposition

12944.0 15547.0 652.0 112.0 companies
13716.0 15544.0 192.0 100.0 the
13976.0 15551.0 232.0 96.0 tact
14336.0 15547.0 312.0 100.0 Itself
14712.0 15544.0 376.0 108.0 would
15176.0 15547.0 576.0 100.0 stimulate

12952.0 15684.0 252.0 80.0 now
13248.0 15659.0 448.0 144.0 rivalry.
13828.0 15659.0 56.0 104.0 I
13936.0 15664.0 376.0 112.0 prefer
14312.0 15735.0 24.0 44.0 ,
14392.0 15688.0 144.0 76.0 on
14632.0 15664.0 188.0 104.0 thu
14908.0 15659.0 364.0 104.0 whole
15280.0 15735.0 24.0 40.0 ,
15384.0 15672.0 116.0 92.0 to
15592.0 15664.0 156.0 100.0 let

12952.0 15788.0 184.0 92.0 tlio
13184.0 15780.0 456.0 116.0 present
13712.0 15776.0 640.0 128.0 opposition
14408.0 15803.0 408.0 96.0 pursue
14864.0 15780.0 144.0 100.0 Its
15080.0 15803.0 428.0 76.0 course.
15636.0 15780.0 116.0 96.0 If

12948.0 15891.0 188.0 100.0 the
13208.0 15895.0 604.0 100.0 Baltimore
13860.0 15895.0 96.0 96.0 &
14004.0 15895.0 288.0 100.0 Ohio
14376.0 15904.0 424.0 112.0 system
14888.0 15895.0 96.0 100.0 Is
15068.0 15895.0 116.0 100.0 to
15268.0 15895.0 136.0 100.0 bo
15488.0 15920.0 212.0 76.0 con-

12948.0 16012.0 396.0 100.0 trolled
13431.0 16012.0 144.0 120.0 by
13640.0 16039.0 64.0 72.0 n
13772.0 16008.0 280.0 104.0 New
14124.0 16012.0 320.0 100.0 York
14516.0 16008.0 588.0 112.0 syndicate
15176.0 16008.0 52.0 104.0 I
15316.0 16016.0 148.0 100.0 do
15556.0 16016.0 204.0 100.0 not

12948.0 16152.0 184.0 76.0 see
13180.0 16127.0 240.0 100.0 that
13468.0 16127.0 88.0 100.0 It
13596.0 16127.0 496.0 104.0 changes
14176.0 16131.0 188.0 100.0 the
14432.0 16127.0 544.0 104.0 relations
15020.0 16127.0 124.0 100.0 of
15236.0 16127.0 188.0 100.0 the
15468.0 16152.0 244.0 80.0 com

12948.0 16244.0 424.0 120.0 panies.
13511.0 16240.0 40.0 104.0 I
13648.0 16248.0 704.0 100.0 understand
14444.0 16248.0 248.0 96.0 that
14756.0 16252.0 188.0 96.0 the
15012.0 16248.0 560.0 104.0 purchase
15636.0 16248.0 124.0 96.0 of

12948.0 16363.0 188.0 96.0 the
13188.0 16355.0 612.0 104.0 Baltimore
13840.0 16363.0 100.0 96.0 &
13988.0 16363.0 292.0 96.0 Ohio
14324.0 16359.0 324.0 100.0 stock
14740.0 16363.0 200.0 100.0 has
15012.0 16363.0 276.0 100.0 been
15364.0 16363.0 352.0 120.0 practi-

12944.0 16476.0 296.0 120.0 cally
13320.0 16476.0 616.0 124.0 completed
13952.0 16547.0 24.0 32.0 ,
14072.0 16476.0 196.0 104.0 but
14356.0 16480.0 60.0 100.0 I
14500.0 16480.0 284.0 104.0 have
14855.0 16504.0 148.0 72.0 no
15088.0 16480.0 472.0 100.0 interest
15632.0 16480.0 124.0 100.0 in

12952.0 16596.0 184.0 100.0 the
13188.0 16596.0 736.0 100.0 transaction.
13936.0 16592.0 68.0 52.0 "

13283.0 16888.0 868.0 100.0 nRACIIINO
14228.0 16888.0 1192.0 100.0 AGREEMENTS.

12952.0 17144.0 272.0 100.0 The
13276.0 17144.0 656.0 104.0 Rnllrond
13988.0 17152.0 580.0 112.0 Manage
14816.0 17148.0 480.0 116.0 Klilnjj
15348.0 17148.0 424.0 96.0 Kates

13600.0 17320.0 148.0 72.0 as
13844.0 17296.0 328.0 96.0 Fast
14251.0 17320.0 148.0 72.0 ns
14472.0 17296.0 632.0 96.0 Possible.

13072.0 17456.0 584.0 116.0 CincAno
13664.0 17536.0 24.0 48.0 ,
13804.0 17460.0 380.0 104.0 March
14272.0 17460.0 88.0 104.0 8.
14491.0 17456.0 112.0 104.0 A
14664.0 17456.0 524.0 104.0 hundred
15256.0 17484.0 128.0 76.0 or
15464.0 17480.0 308.0 80.0 more

13032.0 17612.0 376.0 108.0 cneral
13455.0 17628.0 592.0 100.0 managers
14115.0 17603.0 232.0 100.0 and
14432.0 17628.0 36.0 76.0 i
14491.0 17599.0 140.0 104.0 all
14656.0 17603.0 260.0 100.0 road
14964.0 17599.0 464.0 104.0 ollicials
15435.0 17675.0 24.0 48.0 ,
15544.0 17624.0 236.0 100.0 rep-

13016.0 17751.0 524.0 116.0 cscnting
13588.0 17751.0 188.0 100.0 the
13824.0 17747.0 292.0 100.0 lines
14200.0 17743.0 584.0 104.0 embraced
14836.0 17739.0 116.0 104.0 In
15044.0 17747.0 192.0 96.0 the
15311.0 17739.0 460.0 104.0 Central

12960.0 17899.0 412.0 108.0 Trafllc
13404.0 17892.0 684.0 108.0 association
14096.0 17960.0 36.0 48.0 ,
14216.0 17892.0 244.0 96.0 met
14556.0 17888.0 268.0 100.0 here
14904.0 17888.0 412.0 120.0 to-day
15355.0 17884.0 184.0 104.0 for
15576.0 17884.0 196.0 104.0 the

13024.0 18063.0 420.0 104.0 impose
13492.0 18040.0 120.0 100.0 of
13700.0 18032.0 576.0 120.0 outlining
14319.0 18055.0 68.0 76.0 a
14432.0 18028.0 456.0 120.0 general
14940.0 18028.0 364.0 120.0 policy
15360.0 18036.0 180.0 92.0 lor
15583.0 18028.0 192.0 104.0 the

13024.0 18192.0 324.0 100.0 uturo
13436.0 18176.0 744.0 128.0 government
14268.0 18171.0 124.0 100.0 of
14496.0 18171.0 192.0 104.0 the
14736.0 18171.0 360.0 104.0 loads.
15231.0 18171.0 544.0 100.0 Commts-

13008.0 18327.0 336.0 108.0 loner
13579.0 18315.0 640.0 108.0 BlanUiard
14500.0 18315.0 444.0 124.0 opened
15151.0 18311.0 192.0 108.0 the
15539.0 18340.0 256.0 100.0 pro-

13008.0 18471.0 488.0 120.0 leedlngs
13659.0 18467.0 144.0 120.0 by
14028.0 18456.0 468.0 116.0 making
14740.0 18487.0 68.0 72.0 a
15048.0 18459.0 316.0 100.0 short
15520.0 18467.0 40.0 104.0 I
15607.0 18456.0 188.0 104.0 ad-

12992.0 18616.0 288.0 104.0 Iress
13283.0 18688.0 24.0 40.0 ,
13536.0 18604.0 676.0 120.0 counseling
14440.0 18600.0 556.0 120.0 harmony
14996.0 18672.0 28.0 52.0 ,
15240.0 18600.0 508.0 104.0 uniform-

12992.0 18764.0 140.0 112.0 ity
13176.0 18756.0 124.0 104.0 of
13340.0 18752.0 376.0 104.0 action
13768.0 18748.0 228.0 104.0 nnd
14044.0 18748.0 320.0 100.0 strict
14444.0 18744.0 608.0 104.0 obedience
15100.0 18748.0 120.0 96.0 to
15264.0 18744.0 188.0 104.0 the
15508.0 18768.0 256.0 80.0 now

13016.0 18924.0 204.0 80.0 aw.
13352.0 18895.0 108.0 104.0 A
13504.0 18895.0 256.0 100.0 vote
13872.0 18916.0 228.0 76.0 wns
14180.0 18887.0 276.0 104.0 then
14508.0 18883.0 344.0 104.0 taken
14904.0 18908.0 148.0 80.0 on
15104.0 18887.0 192.0 100.0 the
15340.0 18895.0 440.0 104.0 reports

13028.0 19039.0 548.0 124.0 cgnrding
13624.0 19027.0 688.0 128.0 Mississippi
14380.0 19031.0 296.0 100.0 river
14736.0 19035.0 676.0 116.0 percentage
15416.0 19100.0 28.0 44.0 ,
15552.0 19027.0 232.0 104.0 and

13008.0 19215.0 12.0 72.0 ;
13028.0 19184.0 140.0 104.0 he
13420.0 19180.0 532.0 124.0 majority
14236.0 19176.0 376.0 120.0 report
14836.0 19195.0 236.0 80.0 was
15292.0 19168.0 492.0 112.0 adopted

12999.0 19324.0 256.0 112.0 with
13492.0 19320.0 276.0 124.0 only
14047.0 19316.0 228.0 108.0 two
14556.0 19312.0 652.0 104.0 dlssentmer
15440.0 19316.0 348.0 100.0 votes.

12984.0 19471.0 104.0 104.0 A
13352.0 19463.0 644.0 104.0 committee
14275.0 19480.0 236.0 80.0 was
14784.0 19451.0 608.0 128.0 appointed
15680.0 19455.0 120.0 100.0 to

12980.0 19635.0 472.0 100.0 arrange
13500.0 19607.0 300.0 104.0 rates
13848.0 19607.0 116.0 100.0 In
14056.0 19595.0 692.0 124.0 conformity
14796.0 19595.0 276.0 108.0 with
15120.0 19599.0 196.0 100.0 the
15360.0 19603.0 268.0 96.0 base
15672.0 19599.0 120.0 96.0 of

12992.0 19755.0 292.0 104.0 rates
13328.0 19748.0 404.0 128.0 agreed
13780.0 19771.0 340.0 88.0 upon.
14248.0 19744.0 284.0 100.0 This
14576.0 19740.0 532.0 124.0 disposed
15172.0 19740.0 124.0 100.0 of
15299.0 19812.0 28.0 48.0 ,
15379.0 19763.0 68.0 76.0 a
15488.0 19763.0 248.0 76.0 com-

12992.0 19900.0 384.0 104.0 mittee
13420.0 19896.0 124.0 100.0 of
13591.0 19892.0 384.0 104.0 ufteen
14047.0 19912.0 232.0 80.0 was
14368.0 19884.0 412.0 104.0 named
14867.0 19884.0 144.0 120.0 by
15056.0 19884.0 192.0 100.0 the
15328.0 19880.0 320.0 104.0 chair
15680.0 19888.0 120.0 96.0 to

12987.0 20064.0 476.0 92.0 arrange
13528.0 20064.0 68.0 76.0 n
13628.0 20031.0 376.0 120.0 report
14047.0 20056.0 128.0 76.0 as
14240.0 20027.0 112.0 100.0 to
14396.0 20027.0 196.0 104.0 the
14656.0 20023.0 568.0 128.0 oropiletv
15311.0 20023.0 124.0 100.0 of
15539.0 20048.0 208.0 80.0 con-

12987.0 20159.0 460.0 108.0 tinuing
13492.0 20156.0 188.0 100.0 the
13724.0 20132.0 460.0 120.0 Central
14228.0 20144.0 412.0 104.0 Traffic
14683.0 20144.0 720.0 104.0 association.
15503.0 20136.0 300.0 108.0 Both

12992.0 20271.0 696.0 108.0 committees
13732.0 20263.0 232.0 108.0 will
14008.0 20271.0 380.0 116.0 rcpoit
14460.0 20267.0 688.0 96.0 to-morrow.
15280.0 20255.0 528.0 108.0 Thofol-

12992.0 20392.0 424.0 120.0 "owlng
13464.0 20384.0 676.0 108.0 resolutions
14192.0 20400.0 288.0 84.0 wore
14528.0 20372.0 484.0 128.0 adopted
15040.0 20400.0 28.0 80.0 :

13112.0 20527.0 548.0 108.0 Hesoived
13671.0 20599.0 24.0 48.0 ,
13856.0 20523.0 300.0 100.0 That
14244.0 20519.0 560.0 104.0 hereafter
14888.0 20519.0 232.0 104.0 and
15207.0 20515.0 308.0 104.0 until
15612.0 20515.0 192.0 104.0 the

12996.0 20675.0 256.0 80.0 now
13280.0 20644.0 360.0 104.0 tariffs
13684.0 20640.0 228.0 104.0 and
13955.0 20636.0 860.0 108.0 classifications
14864.0 20636.0 264.0 104.0 take
15192.0 20636.0 336.0 104.0 effect
15532.0 20708.0 24.0 44.0 ,
15651.0 20636.0 148.0 100.0 nil

12996.0 20763.0 700.0 108.0 settlements
13800.0 20763.0 232.0 100.0 and
14140.0 20751.0 404.0 128.0 billing
14668.0 20747.0 292.0 108.0 shall
15068.0 20751.0 132.0 104.0 bo
15296.0 20755.0 116.0 100.0 at
15496.0 20751.0 312.0 104.0 tariff

12999.0 20895.0 320.0 96.0 rates.

13120.0 20991.0 548.0 112.0 Hesolved
13680.0 21067.0 28.0 48.0 ,
13831.0 20987.0 300.0 104.0 That
14275.0 20983.0 416.0 132.0 parties
14796.0 21011.0 264.0 96.0 may
15156.0 20983.0 140.0 100.0 bo
15379.0 20979.0 428.0 108.0 carried

13008.0 21120.0 268.0 100.0 with
13388.0 21112.0 632.0 120.0 shipments
14124.0 21104.0 128.0 104.0 of
14396.0 21104.0 320.0 104.0 stock
14724.0 21175.0 28.0 48.0 ,
14867.0 21100.0 584.0 116.0 uegctable
15576.0 21104.0 232.0 100.0 and

12999.0 21239.0 320.0 100.0 other
13363.0 21223.0 620.0 120.0 perishable
14035.0 21227.0 516.0 120.0 property
14604.0 21231.0 116.0 92.0 to
14763.0 21219.0 264.0 104.0 take
15071.0 21243.0 248.0 76.0 care
15391.0 21215.0 124.0 104.0 of
15612.0 21223.0 192.0 96.0 the

12999.0 21375.0 312.0 80.0 same
13360.0 21348.0 112.0 100.0 In
13564.0 21344.0 676.0 100.0 accordance
14356.0 21335.0 280.0 104.0 with
14728.0 21339.0 192.0 100.0 the
15000.0 21335.0 804.0 104.0 classification

13011.0 21463.0 364.0 108.0 which
13448.0 21467.0 200.0 96.0 lies
13692.0 21459.0 276.0 100.0 been
14023.0 21455.0 480.0 116.0 adopted
14516.0 21528.0 24.0 44.0 ,
14596.0 21452.0 188.0 104.0 the
14831.0 21452.0 420.0 116.0 freight
15320.0 21459.0 344.0 100.0 asont
15704.0 21459.0 112.0 92.0 to

13004.0 21579.0 536.0 108.0 establish
13588.0 21575.0 188.0 104.0 the
13819.0 21571.0 500.0 104.0 unltoim
14372.0 21584.0 232.0 88.0 into
14648.0 21596.0 128.0 72.0 or
14852.0 21584.0 432.0 88.0 custom
15299.0 21639.0 24.0 44.0 ,
15376.0 21567.0 232.0 104.0 and
15663.0 21592.0 152.0 76.0 no

13008.0 21703.0 380.0 100.0 leturn
13440.0 21692.0 884.0 112.0 transportation
14376.0 21692.0 116.0 96.0 to
14535.0 21688.0 136.0 100.0 bo
14704.0 21684.0 592.0 104.0 furnished
15311.0 21756.0 24.0 36.0 ,

13132.0 21811.0 548.0 104.0 Hesolved
13692.0 21883.0 24.0 40.0 ,
13784.0 21807.0 304.0 100.0 That
14152.0 21803.0 148.0 104.0 all
14392.0 21828.0 384.0 100.0 passes
14864.0 21828.0 264.0 76.0 now
15212.0 21803.0 200.0 100.0 out
15492.0 21795.0 328.0 108.0 other

13011.0 21932.0 276.0 104.0 than
13332.0 21932.0 588.0 116.0 exchange
13984.0 21943.0 396.0 100.0 passes
14460.0 21920.0 380.0 104.0 Issued
14920.0 21928.0 124.0 92.0 to
15124.0 21916.0 468.0 120.0 railway
15656.0 21916.0 128.0 100.0 of-

13016.0 22055.0 312.0 100.0 ficers
13372.0 22043.0 228.0 104.0 and
13648.0 22043.0 144.0 100.0 Its
13836.0 22063.0 256.0 80.0 own
14144.0 22035.0 576.0 120.0 employes
14763.0 22035.0 228.0 100.0 and
15040.0 22031.0 320.0 104.0 those
15400.0 22039.0 124.0 92.0 of
15568.0 22055.0 208.0 84.0 con-

13020.0 22164.0 456.0 116.0 necting
13523.0 22139.0 292.0 128.0 lines
13856.0 22156.0 488.0 120.0 actually
14440.0 22156.0 116.0 100.0 in
14660.0 22152.0 188.0 100.0 the
14911.0 22152.0 424.0 104.0 service
15404.0 22152.0 124.0 104.0 of
15632.0 22152.0 192.0 100.0 the

13011.0 22303.0 560.0 100.0 company
13676.0 22275.0 288.0 104.0 shall
14076.0 22275.0 136.0 100.0 bo
14316.0 22267.0 676.0 108.0 withdrawn
15012.0 22340.0 24.0 44.0 ,
15148.0 22263.0 232.0 108.0 and
15512.0 22291.0 308.0 80.0 none

13016.0 22396.0 560.0 108.0 hereafter
13668.0 22391.0 408.0 104.0 Issued.
14244.0 22387.0 244.0 104.0 Tno
14568.0 22387.0 776.0 104.0 construction
15428.0 22387.0 120.0 96.0 of
15636.0 22387.0 188.0 100.0 the

13020.0 22515.0 216.0 104.0 law
13280.0 22539.0 124.0 72.0 as
13448.0 22519.0 116.0 96.0 to
13616.0 22507.0 504.0 104.0 whether
14160.0 22527.0 388.0 104.0 passes
14652.0 22527.0 208.0 80.0 can
14976.0 22504.0 132.0 100.0 bo
15219.0 22500.0 376.0 104.0 issued
15708.0 22507.0 116.0 96.0 to

13024.0 22627.0 488.0 108.0 families
13556.0 22631.0 116.0 92.0 ot
13724.0 22627.0 188.0 100.0 the
13955.0 22623.0 568.0 120.0 employes
14528.0 22691.0 28.0 44.0 ,
14608.0 22623.0 220.0 100.0 and
14884.0 22619.0 188.0 100.0 the
15120.0 22619.0 372.0 120.0 policy
15536.0 22615.0 124.0 104.0 of
15704.0 22644.0 128.0 72.0 so

13020.0 22748.0 352.0 112.0 doing
13416.0 22744.0 288.0 104.0 shall
13751.0 22744.0 132.0 100.0 be
13932.0 22740.0 208.0 104.0 leit
14216.0 22744.0 116.0 100.0 to
14420.0 22740.0 272.0 100.0 each
14796.0 22759.0 556.0 100.0 company
15447.0 22748.0 116.0 92.0 to
15651.0 22736.0 136.0 100.0 de-

13024.0 22863.0 476.0 108.0 termine
13584.0 22863.0 180.0 100.0 tor
13807.0 22859.0 344.0 104.0 Itself.

13152.0 22976.0 548.0 108.0 Hesolved
13716.0 23048.0 24.0 48.0 ,
13864.0 22972.0 300.0 104.0 That
14208.0 22968.0 308.0 104.0 there
14564.0 22991.0 256.0 100.0 may
14864.0 22968.0 136.0 100.0 bo
15044.0 22964.0 492.0 104.0 checked
15588.0 22964.0 248.0 104.0 free

13024.0 23123.0 268.0 80.0 over
13336.0 23095.0 184.0 104.0 the
13568.0 23095.0 328.0 100.0 roads
13948.0 23087.0 116.0 104.0 In
14112.0 23083.0 228.0 108.0 this
14384.0 23083.0 676.0 104.0 association
15092.0 23107.0 148.0 80.0 on
15292.0 23083.0 272.0 100.0 each
15616.0 23083.0 216.0 104.0 full

13032.0 23216.0 236.0 104.0 first
13312.0 23235.0 124.0 80.0 or
13480.0 23208.0 416.0 108.0 second
13940.0 23208.0 292.0 100.0 elass
14275.0 23203.0 344.0 104.0 ticket
14632.0 23275.0 24.0 44.0 ,
14712.0 23203.0 176.0 96.0 150
14928.0 23199.0 448.0 120.0 pounds
15416.0 23199.0 120.0 100.0 of
15571.0 23199.0 212.0 116.0 bag-

13024.0 23355.0 280.0 92.0 gage
13332.0 23351.0 32.0 92.0 ;
13511.0 23351.0 148.0 76.0 on
13768.0 23319.0 268.0 108.0 each
14144.0 23319.0 248.0 100.0 half
14571.0 23319.0 352.0 100.0 ticket
14928.0 23392.0 24.0 44.0 ,
15071.0 23315.0 756.0 104.0 seventy-five

13032.0 23443.0 444.0 128.0 pounds
13504.0 23515.0 24.0 52.0 ,
13624.0 23464.0 140.0 80.0 on
13824.0 23439.0 268.0 100.0 each
14180.0 23435.0 212.0 104.0 full
14516.0 23435.0 564.0 120.0 emigrant
15184.0 23431.0 352.0 104.0 ticket
15539.0 23503.0 24.0 40.0 ,
15660.0 23435.0 180.0 96.0 100

13036.0 23559.0 440.0 128.0 pounds
13484.0 23636.0 24.0 40.0 ,
13560.0 23559.0 228.0 100.0 and
13831.0 23556.0 272.0 104.0 each
14216.0 23552.0 244.0 104.0 half
14584.0 23556.0 252.0 112.0 fifty
14944.0 23548.0 476.0 124.0 pounds.
15556.0 23548.0 240.0 120.0 Bag-

13032.0 23704.0 300.0 92.0 gage
13375.0 23679.0 124.0 96.0 of
13568.0 23675.0 236.0 104.0 first
13864.0 23671.0 232.0 104.0 and
14200.0 23667.0 420.0 104.0 second
14724.0 23667.0 292.0 104.0 class
15120.0 23687.0 668.0 100.0 passengers
15796.0 23735.0 28.0 48.0 ,

13040.0 23792.0 572.0 124.0 weighing
13648.0 23796.0 116.0 96.0 In
13804.0 23811.0 384.0 80.0 excess
14236.0 23784.0 120.0 104.0 of
14399.0 23784.0 188.0 104.0 thn
14639.0 23784.0 232.0 100.0 free
14916.0 23780.0 620.0 108.0 allowance
15571.0 23784.0 260.0 100.0 thus

13036.0 23907.0 648.0 108.0 authoilzed
13727.0 23903.0 284.0 104.0 shall
14064.0 23907.0 132.0 100.0 be
14240.0 23899.0 436.0 124.0 subject
14712.0 23907.0 116.0 92.0 to
14872.0 23923.0 64.0 76.0 a
14979.0 23899.0 408.0 116.0 charge
15432.0 23895.0 124.0 100.0 of
15648.0 23899.0 200.0 100.0 not

13040.0 24032.0 220.0 100.0 less
13295.0 24028.0 276.0 104.0 than
13624.0 24024.0 400.0 104.0 twelve
14068.0 24043.0 196.0 100.0 per
14304.0 24024.0 264.0 100.0 cent
14652.0 24020.0 120.0 96.0 ot
14904.0 24011.0 188.0 104.0 the
15200.0 24011.0 396.0 104.0 lowest
15644.0 24036.0 152.0 80.0 un-

13044.0 24143.0 436.0 108.0 limited
13520.0 24143.0 232.0 100.0 lirst
13796.0 24139.0 292.0 104.0 class
14132.0 24147.0 236.0 92.0 rate
14448.0 24135.0 172.0 100.0 for
14692.0 24143.0 272.0 92.0 each
15076.0 24131.0 180.0 104.0 100
15340.0 24127.0 444.0 124.0 pounds
15811.0 24151.0 28.0 96.0 ;

13048.0 24604.0 452.0 132.0 pounds
14940.0 24695.0 12.0 4.0 .
15003.0 24695.0 56.0 20.0 _
15080.0 24695.0 20.0 20.0 .
15112.0 24695.0 28.0 40.0 ,
15196.0 24695.0 12.0 4.0 .
15260.0 24695.0 20.0 8.0 -

13048.0 24731.0 124.0 100.0 of
13236.0 24731.0 312.0 96.0 these
13636.0 24719.0 288.0 104.0 lines
13972.0 24727.0 400.0 128.0 except
14416.0 24715.0 180.0 104.0 for
14627.0 24715.0 256.0 120.0 ship
14928.0 24711.0 656.0 116.0 emigrants.

13176.0 24840.0 552.0 104.0 Hesolved
13739.0 24912.0 28.0 48.0 ,
13852.0 24836.0 304.0 104.0 That
14200.0 24815.0 188.0 120.0 the
14440.0 24832.0 956.0 104.0 accommodation
15447.0 24832.0 124.0 96.0 of
15632.0 24852.0 180.0 76.0 second

13052.0 24959.0 228.0 100.0 end
13328.0 24959.0 288.0 104.0 class
13664.0 24971.0 676.0 108.0 passengers
14387.0 24947.0 128.0 100.0 be
14564.0 24943.0 492.0 108.0 referred
15144.0 24951.0 112.0 92.0 to
15344.0 24951.0 188.0 96.0 the
15576.0 24967.0 220.0 88.0 gen-

13052.0 25076.0 228.0 104.0 eral
13392.0 25095.0 612.0 100.0 passenger
14103.0 25071.0 404.0 116.0 agents
14592.0 25067.0 176.0 100.0 for
14935.0 25059.0 436.0 104.0 fiuther
15456.0 25063.0 368.0 120.0 report
15832.0 25131.0 28.0 36.0 ,

13056.0 25191.0 276.0 104.0 with
13380.0 25191.0 188.0 104.0 the
13616.0 25179.0 1084.0 112.0 recommendation.
14820.0 25175.0 92.0 104.0 If
15000.0 25172.0 484.0 132.0 possible
15488.0 25252.0 28.0 40.0 ,
15624.0 25175.0 236.0 104.0 that

13056.0 25307.0 268.0 120.0 they
13372.0 25303.0 324.0 104.0 make
13744.0 25303.0 476.0 112.0 aiepoit
14328.0 25295.0 644.0 124.0 abolishing
15076.0 25295.0 420.0 104.0 second
15576.0 25291.0 284.0 108.0 class

13064.0 25427.0 440.0 104.0 tickets.

13184.0 25543.0 108.0 100.0 A
13340.0 25531.0 648.0 112.0 committee
14032.0 25531.0 120.0 100.0 of
14220.0 25531.0 484.0 104.0 thlitccu
14760.0 25551.0 232.0 80.0 was
15056.0 25523.0 620.0 124.0 appointed
15748.0 25531.0 112.0 96.0 to

13060.0 25656.0 528.0 108.0 consider
13620.0 25656.0 184.0 100.0 the
13856.0 25652.0 300.0 104.0 Issue
14204.0 25652.0 124.0 100.0 of
14399.0 25648.0 472.0 116.0 mtleago
14947.0 25644.0 408.0 108.0 tickets
15404.0 25639.0 232.0 104.0 and
15716.0 25667.0 144.0 80.0 re-

13180.0 25892.0 576.0 104.0 CHIOAOO
13764.0 25959.0 32.0 44.0 ,
13860.0 25883.0 388.0 104.0 March
14324.0 25879.0 96.0 104.0 ft
14556.0 25879.0 160.0 104.0 At
14792.0 25871.0 512.0 124.0 to-day's
15388.0 25875.0 428.0 104.0 session
15828.0 25947.0 32.0 48.0 ,

13064.0 26031.0 144.0 80.0 an
13256.0 26003.0 1068.0 116.0 atllrmativorepoit
14372.0 26023.0 232.0 76.0 was
14652.0 25991.0 600.0 128.0 presented
15332.0 25995.0 292.0 104.0 from
15680.0 25995.0 184.0 100.0 the

13064.0 26123.0 644.0 104.0 committee
13751.0 26111.0 616.0 128.0 appointed
14452.0 26123.0 600.0 100.0 yesterdnr
15144.0 26119.0 116.0 92.0 to
15344.0 26111.0 520.0 104.0 consider

13072.0 26235.0 496.0 112.0 whether
13612.0 26235.0 188.0 100.0 the
13844.0 26231.0 680.0 104.0 association
14620.0 26216.0 404.0 116.0 should
15076.0 26243.0 132.0 88.0 be
15248.0 26224.0 616.0 108.0 continued

13067.0 26359.0 292.0 100.0 after
13396.0 26355.0 188.0 100.0 the
13616.0 26351.0 648.0 104.0 Inter-stato
14331.0 26343.0 216.0 104.0 law
14600.0 26355.0 304.0 92.0 went
14956.0 26347.0 244.0 100.0 Into
15268.0 26343.0 364.0 104.0 effect.
15767.0 26347.0 96.0 100.0 A

13072.0 26471.0 608.0 104.0 resolution
13727.0 26491.0 228.0 76.0 was
14040.0 26460.0 484.0 140.0 adopted
14592.0 26468.0 244.0 100.0 that
14940.0 26479.0 148.0 84.0 an
15207.0 26456.0 656.0 108.0 association

13072.0 26587.0 132.0 108.0 be
13256.0 26583.0 432.0 112.0 foimcd
13744.0 26587.0 112.0 100.0 In
13908.0 26567.0 680.0 120.0 accordance
14639.0 26575.0 264.0 108.0 with
14960.0 26579.0 184.0 104.0 the
15192.0 26579.0 376.0 124.0 report
15660.0 26579.0 204.0 100.0 and

13072.0 26708.0 240.0 104.0 that
13363.0 26704.0 184.0 108.0 the
13596.0 26712.0 448.0 116.0 present
14092.0 26696.0 864.0 108.0 commissioner
15040.0 26696.0 132.0 100.0 be
15243.0 26691.0 620.0 108.0 continued

13072.0 26819.0 748.0 104.0 aschalrmnn
13887.0 26819.0 120.0 100.0 of
14052.0 26815.0 192.0 104.0 the
14308.0 26811.0 808.0 120.0 organUatlon.
15243.0 26807.0 248.0 104.0 The
15595.0 26835.0 244.0 76.0 coin

13079.0 26940.0 384.0 104.0 mitten
13508.0 26935.0 372.0 124.0 report
13948.0 26955.0 232.0 80.0 was
14263.0 26931.0 272.0 100.0 then
14627.0 26927.0 492.0 108.0 referred
15207.0 26927.0 280.0 104.0 beck
15536.0 26940.0 116.0 92.0 to
15704.0 26931.0 160.0 96.0 the

13076.0 27051.0 640.0 108.0 committee
13764.0 27067.0 116.0 84.0 to
13924.0 27051.0 132.0 104.0 be
14124.0 27043.0 448.0 128.0 printed
14624.0 27043.0 224.0 108.0 and
14904.0 27043.0 408.0 104.0 mailed
15400.0 27047.0 112.0 96.0 to
15600.0 27047.0 264.0 96.0 each

13076.0 27175.0 124.0 96.0 of
13252.0 27171.0 184.0 104.0 the
13488.0 27171.0 544.0 104.0 members
14044.0 27239.0 24.0 40.0 ,
14124.0 27163.0 272.0 104.0 with
14448.0 27188.0 64.0 76.0 a
14556.0 27171.0 448.0 116.0 request
15088.0 27163.0 244.0 100.0 that
15384.0 27159.0 268.0 124.0 they
15656.0 27231.0 28.0 48.0 ,
15752.0 27159.0 112.0 120.0 bj

13079.0 27287.0 328.0 108.0 letter
13511.0 27299.0 112.0 84.0 to
13712.0 27283.0 192.0 104.0 the
14008.0 27279.0 572.0 104.0 chairman
14600.0 27352.0 24.0 56.0 ,
14736.0 27276.0 384.0 108.0 recaid
15216.0 27276.0 296.0 108.0 their
15576.0 27279.0 252.0 104.0 vote
15840.0 27299.0 24.0 72.0 ;

13084.0 27399.0 584.0 112.0 forthwith
13780.0 27399.0 176.0 104.0 for
14035.0 27395.0 540.0 116.0 adoption
14728.0 27419.0 128.0 80.0 or
15000.0 27403.0 460.0 112.0 suggest
15624.0 27391.0 240.0 104.0 suet

13079.0 27520.0 740.0 108.0 amendment
13864.0 27539.0 124.0 80.0 as
14032.0 27516.0 480.0 104.0 desired.
14644.0 27516.0 168.0 100.0 As
14920.0 27516.0 312.0 100.0 there
15344.0 27503.0 232.0 112.0 will
15644.0 27508.0 132.0 100.0 be
15823.0 27531.0 40.0 76.0 o

13084.0 27619.0 304.0 140.0 large
13436.0 27635.0 476.0 104.0 number
13948.0 27635.0 124.0 100.0 of
14160.0 27627.0 628.0 124.0 unexplred
14876.0 27627.0 504.0 128.0 portions
15423.0 27651.0 32.0 72.0 (
15468.0 27627.0 80.0 100.0 it
15595.0 27623.0 188.0 104.0 mil
15799.0 27647.0 60.0 80.0 *

13084.0 27779.0 208.0 96.0 age
13336.0 27756.0 408.0 104.0 tickets
13788.0 27747.0 748.0 120.0 outstanding
14639.0 27743.0 232.0 104.0 and
14976.0 27739.0 448.0 108.0 unutcd
15488.0 27764.0 148.0 80.0 on
15712.0 27735.0 152.0 108.0 thi

13084.0 27875.0 260.0 100.0 date
13392.0 27875.0 328.0 100.0 when
13772.0 27867.0 188.0 104.0 the
14004.0 27863.0 216.0 108.0 law
14288.0 27871.0 320.0 96.0 takes
14652.0 27859.0 324.0 108.0 effect
14988.0 27935.0 32.0 48.0 ,
15068.0 27859.0 88.0 108.0 It
15207.0 27879.0 228.0 80.0 was
15484.0 27879.0 380.0 96.0 agreec

13088.0 27991.0 124.0 128.0 tU
13292.0 27996.0 44.0 104.0 t
13375.0 28011.0 228.0 116.0 any
13644.0 27987.0 172.0 116.0 llu
13912.0 28007.0 128.0 104.0 so
14084.0 27979.0 508.0 144.0 desiring
14636.0 27975.0 332.0 120.0 could
15012.0 27975.0 208.0 112.0 bell
15287.0 27971.0 568.0 116.0 thousand

15896.0 2612.0 264.0 104.0 mlle
16267.0 2608.0 404.0 112.0 tickets
16784.0 2644.0 152.0 100.0 up
17048.0 2636.0 112.0 92.0 to
17260.0 2628.0 112.0 100.0 to
17480.0 2624.0 328.0 124.0 April
17883.0 2632.0 32.0 96.0 1
17936.0 2700.0 24.0 44.0 ,
18080.0 2624.0 432.0 112.0 limited
18596.0 2636.0 112.0 100.0 to

15891.0 2732.0 380.0 120.0 expire
16439.0 2732.0 276.0 128.0 July
16752.0 2740.0 224.0 120.0 Q.tl
16995.0 2808.0 24.0 44.0 ,
17155.0 2748.0 116.0 96.0 nt
17404.0 2752.0 192.0 96.0 not
17771.0 2744.0 216.0 108.0 less
18116.0 2752.0 592.0 108.0 thniiTSil

15888.0 2868.0 196.0 92.0 per
16172.0 2848.0 340.0 104.0 ticket
16504.0 2920.0 44.0 32.0 ,
16684.0 2856.0 100.0 100.0 A
16880.0 2856.0 608.0 108.0 resolution
17592.0 2888.0 228.0 76.0 was
17904.0 2864.0 484.0 120.0 adopted
18460.0 2872.0 248.0 100.0 that

15888.0 2972.0 188.0 92.0 the
16124.0 2984.0 196.0 80.0 use
16368.0 2972.0 112.0 92.0 ot
16539.0 2964.0 184.0 108.0 the
16772.0 2968.0 884.0 112.0 thiiiKUid-iiillo
17708.0 2976.0 344.0 104.0 tleket
18099.0 2984.0 400.0 104.0 should
18576.0 2988.0 128.0 100.0 bo

15888.0 3076.0 428.0 104.0 limited
16372.0 3088.0 108.0 92.0 to
16527.0 3084.0 188.0 108.0 thy
16752.0 3088.0 628.0 104.0 Individual
17424.0 3096.0 408.0 100.0 named
17883.0 3100.0 492.0 104.0 thereon.
18511.0 3104.0 192.0 100.0 All

15891.0 3196.0 684.0 120.0 unadjusted
16668.0 3204.0 256.0 124.0 pool
17036.0 3204.0 520.0 108.0 balances
17648.0 3236.0 292.0 80.0 wore
18031.0 3216.0 488.0 104.0 referred
18588.0 3224.0 116.0 96.0 to

15884.0 3312.0 704.0 108.0 arbitration.
16732.0 3312.0 132.0 108.0 V.
16960.0 3316.0 128.0 108.0 T.
17184.0 3320.0 440.0 108.0 Mallett
17711.0 3352.0 228.0 76.0 was
18031.0 3328.0 480.0 104.0 selected
18584.0 3360.0 120.0 76.0 as

15888.0 3428.0 552.0 120.0 pitncipal
16492.0 3428.0 624.0 112.0 nrhltmtor.
17252.0 3440.0 244.0 100.0 The
17587.0 3464.0 256.0 80.0 new
17904.0 3440.0 792.0 112.0 classification

15884.0 3544.0 124.0 100.0 of
16095.0 3544.0 340.0 100.0 ttiink
16532.0 3544.0 288.0 108.0 lines
16868.0 3576.0 232.0 76.0 was
17143.0 3556.0 488.0 112.0 adopted
17728.0 3564.0 136.0 116.0 by
17916.0 3560.0 148.0 100.0 nil
18116.0 3560.0 188.0 104.0 the
18372.0 3572.0 328.0 96.0 roads

15888.0 3656.0 116.0 104.0 In
16100.0 3660.0 188.0 100.0 the
16372.0 3664.0 716.0 108.0 nsiocKittuii.
17276.0 3668.0 460.0 124.0 Taking
17820.0 3684.0 336.0 100.0 ullect
18252.0 3680.0 324.0 116.0 April
18656.0 3688.0 44.0 92.0 1

15888.0 3776.0 188.0 100.0 the
16163.0 3776.0 416.0 104.0 niiddlo
16668.0 3784.0 228.0 100.0 and
16948.0 3796.0 480.0 96.0 western
17519.0 3792.0 416.0 128.0 freight
18024.0 3796.0 676.0 104.0 association

15888.0 3892.0 728.0 120.0 vvasmeiged
16692.0 3900.0 240.0 100.0 Into
16980.0 3904.0 188.0 100.0 the
17208.0 3908.0 432.0 100.0 central
17732.0 3908.0 968.0 124.0 tiallleorgaiil/a-

15884.0 4008.0 272.0 104.0 tlon.
16332.0 4012.0 104.0 100.0 A
16520.0 4020.0 648.0 100.0 committee
17252.0 4024.0 124.0 100.0 of
17480.0 4032.0 604.0 96.0 seventeen
18184.0 4052.0 228.0 80.0 wns
18499.0 4056.0 144.0 92.0 ap

15884.0 4124.0 460.0 124.0 pointed
16403.0 4132.0 112.0 96.0 to
16556.0 4140.0 400.0 92.0 confer
17004.0 4136.0 268.0 100.0 with
17359.0 4136.0 184.0 108.0 the
17632.0 4140.0 684.0 128.0 Mississippi
18372.0 4152.0 324.0 100.0 roads

15884.0 4268.0 124.0 72.0 as
16056.0 4252.0 112.0 88.0 to
16248.0 4244.0 184.0 100.0 the
16520.0 4260.0 668.0 100.0 percentage
17240.0 4256.0 324.0 100.0 basis.
17700.0 4256.0 240.0 104.0 The
18024.0 4284.0 628.0 80.0 recommen

15879.0 4360.0 388.0 100.0 dation
16323.0 4384.0 228.0 76.0 was
16643.0 4364.0 320.0 104.0 nnde
17051.0 4376.0 240.0 96.0 that
17364.0 4372.0 152.0 100.0 all
17604.0 4376.0 776.0 100.0 second-class
18451.0 4404.0 244.0 88.0 pas-

15884.0 4496.0 404.0 92.0 tenger
16335.0 4472.0 400.0 108.0 tickets
16776.0 4484.0 112.0 100.0 in
16948.0 4484.0 904.0 108.0 bothdlieetioiis
17904.0 4492.0 128.0 100.0 be
18076.0 4492.0 616.0 108.0 abolished.

15884.0 4588.0 852.0 108.0 Land-seekers'
16832.0 4596.0 408.0 108.0 tickets
17327.0 4604.0 224.0 104.0 nnd
17648.0 4604.0 292.0 104.0 their
18007.0 4608.0 468.0 112.0 bearing
18543.0 4632.0 144.0 76.0 on

15884.0 4712.0 192.0 96.0 the
16119.0 4708.0 648.0 108.0 Inter-state
16816.0 4712.0 216.0 104.0 Iivv
17084.0 4740.0 288.0 84.0 were
17460.0 4720.0 484.0 104.0 refuned
18040.0 4728.0 116.0 96.0 to
18203.0 4724.0 184.0 104.0 tlio
18456.0 4752.0 244.0 96.0 pas-

15879.0 4848.0 408.0 96.0 sengcr
16359.0 4836.0 432.0 108.0 agents
16847.0 4832.0 268.0 112.0 thov
17164.0 4840.0 116.0 96.0 to
17359.0 4844.0 392.0 96.0 confer
17803.0 4836.0 268.0 104.0 with
18123.0 4836.0 188.0 108.0 the
18375.0 4852.0 280.0 92.0 west-

15884.0 4964.0 192.0 76.0 ern
16136.0 4944.0 332.0 100.0 lines.
16604.0 4944.0 248.0 100.0 Tlio
16936.0 4947.0 516.0 116.0 question
17512.0 4952.0 496.0 104.0 whether
18092.0 4960.0 596.0 100.0 excursion

15888.0 5052.0 400.0 104.0 tickets
16335.0 5056.0 400.0 104.0 should
16820.0 5060.0 132.0 100.0 bo
16988.0 5068.0 440.0 100.0 limited
17480.0 5068.0 116.0 104.0 to
17643.0 5076.0 224.0 96.0 two
17916.0 5068.0 376.0 112.0 points
18356.0 5100.0 128.0 76.0 or
18548.0 5072.0 148.0 100.0 nil

15888.0 5172.0 784.0 104.0 Inteimedlate
16720.0 5180.0 380.0 116.0 points
17152.0 5204.0 228.0 80.0 wns
17460.0 5188.0 492.0 100.0 referred
17999.0 5191.0 276.0 96.0 back
18332.0 5208.0 112.0 84.0 to
18508.0 5196.0 192.0 96.0 the

15888.0 5312.0 608.0 96.0 passenger
16560.0 5300.0 400.0 104.0 agents
17051.0 5300.0 176.0 96.0 for
17272.0 5300.0 676.0 108.0 discussion.
18080.0 5304.0 244.0 104.0 The
18372.0 5336.0 60.0 72.0 n
18508.0 5336.0 88.0 64.0 M
18608.0 5336.0 28.0 64.0 >
18647.0 5351.0 52.0 24.0 -

15879.0 5404.0 412.0 100.0 cUtlon
16427.0 5404.0 264.0 104.0 then
16864.0 5404.0 636.0 132.0 ndjouined
17660.0 5428.0 116.0 92.0 to
17900.0 5428.0 292.0 96.0 meet
18356.0 5420.0 336.0 120.0 ngatn

15884.0 5520.0 384.0 104.0 March
16308.0 5524.0 116.0 92.0 U.
16432.0 5592.0 24.0 32.0 .

16004.0 5640.0 160.0 96.0 At
16204.0 5664.0 64.0 72.0 n
16316.0 5636.0 496.0 128.0 meeting
16859.0 5644.0 112.0 96.0 to
17016.0 5644.0 216.0 120.0 day
17284.0 5648.0 124.0 96.0 of
17456.0 5644.0 188.0 108.0 the
17711.0 5648.0 532.0 104.0 National
18339.0 5652.0 304.0 104.0 Asso-

15879.0 5752.0 420.0 100.0 ciation
16412.0 5759.0 120.0 96.0 of
16640.0 5759.0 36.0 96.0 (
16696.0 5759.0 428.0 104.0 iunur.il
17208.0 5759.0 520.0 124.0 Bngcago
17827.0 5776.0 400.0 96.0 ncunts
18292.0 5792.0 140.0 76.0 HII
18548.0 5780.0 152.0 92.0 nt-

15884.0 5876.0 352.0 116.0 tempt
16288.0 5896.0 228.0 80.0 was
16563.0 5888.0 324.0 88.0 undo
16936.0 5884.0 116.0 92.0 to
17096.0 5888.0 740.0 108.0 compromise
17892.0 5908.0 152.0 80.0 on
18092.0 5916.0 72.0 68.0 n
18191.0 5888.0 508.0 100.0 uniform

15879.0 5988.0 580.0 104.0 chau'cof
16563.0 5992.0 112.0 96.0 15
16723.0 6016.0 196.0 100.0 per
16960.0 5999.0 264.0 96.0 cent
17267.0 5996.0 124.0 100.0 of
17504.0 5999.0 184.0 100.0 the
17740.0 5999.0 608.0 104.0 unlimited
18400.0 6003.0 304.0 100.0 first-

15884.0 6104.0 288.0 100.0 class
16224.0 6104.0 232.0 100.0 fare
16507.0 6108.0 172.0 96.0 lor
16720.0 6132.0 388.0 80.0 excess
17160.0 6116.0 492.0 116.0 baggage
17660.0 6188.0 24.0 40.0 ,
17780.0 6116.0 192.0 104.0 but
18067.0 6120.0 260.0 100.0 both
18416.0 6124.0 240.0 96.0 east-

15884.0 6243.0 196.0 76.0 ern
16131.0 6220.0 228.0 100.0 and
16415.0 6228.0 472.0 96.0 western
16948.0 6248.0 596.0 88.0 manaicors
17592.0 6260.0 28.0 72.0 i
17648.0 6228.0 428.0 124.0 ejected
18128.0 6236.0 188.0 100.0 the
18368.0 6260.0 312.0 96.0 piop-

15888.0 6332.0 468.0 104.0 osltlon.
16551.0 6336.0 244.0 104.0 The
16908.0 6340.0 416.0 104.0 foimer
17436.0 6344.0 228.0 104.0 will
17732.0 6348.0 408.0 104.0 mlhere
18191.0 6360.0 112.0 92.0 to
18351.0 6356.0 188.0 96.0 the
18596.0 6356.0 112.0 92.0 13

15888.0 6456.0 496.0 136.0 percent
16459.0 6452.0 680.0 108.0 established
17196.0 6456.0 228.0 104.0 and
17475.0 6464.0 188.0 104.0 the
17771.0 6472.0 328.0 96.0 roads
18212.0 6476.0 272.0 92.0 west
18576.0 6472.0 120.0 96.0 of

15888.0 6560.0 488.0 128.0 Chicago
16483.0 6567.0 232.0 104.0 will
16823.0 6571.0 540.0 104.0 continue
17472.0 6592.0 112.0 88.0 to
17691.0 6580.0 404.0 112.0 charge
18208.0 6588.0 108.0 92.0 lC
18380.0 6584.0 60.0 120.0 a'
18504.0 6608.0 196.0 92.0 per

15884.0 6692.0 292.0 96.0 cent.

15884.0 6692.0 392.0 212.0 cent.Atn
16368.0 6796.0 492.0 116.0 meeting
16964.0 6804.0 124.0 100.0 of
17196.0 6804.0 188.0 104.0 the
17492.0 6804.0 492.0 124.0 Chicago
18080.0 6824.0 224.0 88.0 and
18419.0 6807.0 288.0 104.0 Ohio

15891.0 6916.0 296.0 100.0 river
16276.0 6916.0 248.0 120.0 pool
16631.0 6920.0 404.0 124.0 to-day
17080.0 6948.0 64.0 72.0 a
17192.0 6920.0 620.0 104.0 lesolutlou
17916.0 6952.0 224.0 72.0 was
18227.0 6924.0 480.0 124.0 adopted

15888.0 7032.0 636.0 120.0 dissolving
16592.0 7036.0 244.0 100.0 that
16939.0 7040.0 780.0 112.0 organisation
17827.0 7036.0 380.0 104.0 Mareh
18315.0 7044.0 148.0 100.0 81.
18599.0 7044.0 104.0 100.0 A

15888.0 7152.0 648.0 100.0 committee
16587.0 7176.0 232.0 76.0 was
16856.0 7156.0 616.0 140.0 appointed
17524.0 7164.0 112.0 92.0 to
17723.0 7156.0 528.0 104.0 consider
18295.0 7184.0 64.0 72.0 a
18404.0 7152.0 268.0 128.0 plan

15896.0 7268.0 176.0 100.0 for
16116.0 7292.0 64.0 76.0 n
16228.0 7268.0 352.0 100.0 traffic
16684.0 7256.0 676.0 120.0 nssoclatlou
17456.0 7280.0 116.0 96.0 to
17660.0 7272.0 256.0 104.0 take
17968.0 7276.0 184.0 96.0 the
18203.0 7280.0 316.0 112.0 place
18572.0 7284.0 124.0 88.0 of

15891.0 7384.0 188.0 100.0 the
16128.0 7392.0 448.0 108.0 present
16624.0 7408.0 220.0 80.0 ono
16892.0 7392.0 224.0 100.0 and
17167.0 7392.0 452.0 104.0 become
17691.0 7388.0 576.0 108.0 operative
18360.0 7396.0 324.0 116.0 April

15896.0 7504.0 80.0 100.0 1.
16112.0 7488.0 164.0 112.0 Its
16320.0 7500.0 372.0 124.0 object
16776.0 7504.0 96.0 100.0 Is
16976.0 7508.0 116.0 96.0 to
17199.0 7508.0 132.0 100.0 bo
17436.0 7508.0 192.0 100.0 the
17716.0 7508.0 796.0 104.0 maintenance
18579.0 7508.0 124.0 100.0 of

15891.0 7616.0 196.0 104.0 law
16124.0 7616.0 160.0 104.0 fill
16323.0 7628.0 292.0 92.0 rates
16668.0 7623.0 356.0 100.0 under
17072.0 7619.0 184.0 104.0 the
17308.0 7623.0 192.0 104.0 Ian
17500.0 7648.0 24.0 36.0 *
17528.0 7692.0 24.0 32.0 .

16012.0 7736.0 104.0 104.0 A
16224.0 7732.0 832.0 108.0 consolidation
17167.0 7764.0 232.0 76.0 was
17504.0 7736.0 472.0 108.0 effected
18084.0 7740.0 116.0 104.0 to
18247.0 7744.0 220.0 112.0 day
18519.0 7740.0 128.0 100.0 be-

15891.0 7852.0 364.0 100.0 tween
16308.0 7852.0 112.0 100.0 th
16551.0 7852.0 504.0 104.0 Western
17072.0 7928.0 24.0 44.0 ,
17136.0 7856.0 220.0 100.0 Not
17383.0 7856.0 604.0 104.0 thweterii
18036.0 7856.0 224.0 104.0 and
18312.0 7859.0 352.0 100.0 South-

15891.0 7976.0 480.0 92.0 western
16432.0 7968.0 628.0 116.0 Passenger
17119.0 7972.0 780.0 108.0 associations.
18096.0 7972.0 244.0 104.0 This
18436.0 8000.0 252.0 80.0 new

15891.0 8080.0 776.0 148.0 organisation
16720.0 8088.0 232.0 100.0 will
17000.0 8088.0 132.0 100.0 bo
17179.0 8088.0 424.0 104.0 known
17660.0 8120.0 120.0 72.0 us
17876.0 8092.0 188.0 100.0 the
18164.0 8088.0 512.0 108.0 Western

15896.0 8200.0 372.0 100.0 States
16335.0 8200.0 628.0 104.0 Passenger
17063.0 8204.0 780.0 104.0 asssoclntlon.
18036.0 8208.0 188.0 104.0 An
18295.0 8232.0 352.0 80.0 execu-

15900.0 8316.0 232.0 100.0 tive
16288.0 8320.0 636.0 100.0 committee
17072.0 8344.0 232.0 80.0 was
17468.0 8320.0 440.0 104.0 created
18076.0 8324.0 636.0 120.0 consisting

15896.0 8431.0 124.0 96.0 of
16063.0 8431.0 188.0 100.0 the
16300.0 8431.0 456.0 108.0 general
16871.0 8460.0 592.0 80.0 managers
17555.0 8440.0 120.0 100.0 of
17759.0 8435.0 188.0 104.0 the
18028.0 8440.0 680.0 104.0 association

15896.0 8544.0 324.0 104.0 lines.
16347.0 8548.0 124.0 100.0 J.
16527.0 8544.0 140.0 108.0 N.
16723.0 8552.0 424.0 100.0 Abbott
17196.0 8580.0 232.0 72.0 was
17475.0 8552.0 636.0 104.0 madueliau
18144.0 8580.0 252.0 76.0 man
18416.0 8628.0 24.0 44.0 ,
18475.0 8560.0 192.0 96.0 tak-

15900.0 8664.0 196.0 120.0 ing
16144.0 8664.0 240.0 100.0 that
16432.0 8660.0 244.0 108.0 title
16728.0 8664.0 444.0 104.0 instead
17220.0 8671.0 124.0 96.0 of
17383.0 8671.0 880.0 100.0 commissioner.
18360.0 8671.0 312.0 100.0 Inter-

15896.0 8784.0 288.0 96.0 state
16232.0 8804.0 376.0 96.0 passes
16660.0 8808.0 288.0 76.0 were
16992.0 8784.0 288.0 104.0 aboli
17300.0 8780.0 304.0 108.0 shed.
17735.0 8784.0 304.0 104.0 K.ieh
18128.0 8788.0 264.0 100.0 load
18487.0 8812.0 232.0 76.0 was

15896.0 8900.0 208.0 96.0 left
16156.0 8900.0 108.0 96.0 to
16320.0 8896.0 248.0 104.0 deal
16619.0 8896.0 272.0 104.0 with
16939.0 8904.0 288.0 96.0 state
17279.0 8923.0 384.0 100.0 passes
17708.0 8928.0 124.0 76.0 ns
17880.0 8900.0 76.0 104.0 It
18012.0 8900.0 460.0 124.0 pleases.
18611.0 8908.0 108.0 96.0 A

15896.0 9020.0 416.0 92.0 svstem
16359.0 9016.0 124.0 96.0 of
16527.0 9012.0 556.0 124.0 penalties
17136.0 9028.0 224.0 92.0 and
17415.0 9020.0 280.0 96.0 lines
17791.0 9020.0 224.0 100.0 will
18108.0 9016.0 132.0 100.0 bo
18344.0 9020.0 316.0 100.0 estab-

15900.0 9128.0 356.0 100.0 lished
16308.0 9132.0 112.0 100.0 to
16456.0 9132.0 132.0 100.0 be
16636.0 9128.0 504.0 104.0 Inflicted
17192.0 9136.0 172.0 100.0 for
17415.0 9132.0 680.0 104.0 Infractions
18140.0 9132.0 128.0 104.0 of
18308.0 9136.0 188.0 104.0 the
18540.0 9159.0 124.0 80.0 as-

15900.0 9247.0 540.0 100.0 sociation
16512.0 9247.0 328.0 104.0 iitlcs.

16012.0 9364.0 160.0 100.0 At
16220.0 9360.0 188.0 104.0 the
16448.0 9372.0 424.0 96.0 annual
16927.0 9364.0 500.0 120.0 meeting
17472.0 9368.0 124.0 100.0 of
17672.0 9368.0 192.0 104.0 the
17907.0 9364.0 456.0 108.0 Illinois
18412.0 9368.0 308.0 100.0 Cen-

15900.0 9476.0 208.0 104.0 Ual
16232.0 9476.0 516.0 108.0 Railroad
16852.0 9504.0 564.0 120.0 company
17543.0 9483.0 260.0 100.0 hero
17912.0 9483.0 380.0 120.0 to-day
18300.0 9556.0 28.0 48.0 ,
18448.0 9483.0 276.0 116.0 I,4b3

15900.0 9592.0 764.0 104.0 stockholders
16675.0 9672.0 20.0 44.0 ,
16832.0 9624.0 472.0 84.0 owning
17412.0 9604.0 392.0 108.0 107.7.VJ
17907.0 9600.0 384.0 100.0 shares
18303.0 9672.0 24.0 44.0 ,
18436.0 9624.0 292.0 76.0 were

15903.0 9708.0 752.0 124.0 represented.
16788.0 9712.0 692.0 108.0 Stuvvesant
17604.0 9712.0 252.0 100.0 Klsh
17871.0 9788.0 28.0 44.0 ,
18012.0 9712.0 484.0 104.0 Edward
18576.0 9712.0 144.0 104.0 II.

15908.0 9824.0 596.0 104.0 lUirlman
16560.0 9824.0 228.0 104.0 and
16883.0 9828.0 504.0 104.0 William
17475.0 9828.0 516.0 108.0 Waldorf
18036.0 9836.0 348.0 96.0 Astor
18431.0 9856.0 292.0 76.0 were

15896.0 9944.0 428.0 104.0 elected
16364.0 9948.0 552.0 96.0 dliectors
16951.0 9956.0 124.0 88.0 to
17116.0 9971.0 324.0 76.0 servo
17524.0 9948.0 184.0 100.0 lor
17747.0 9952.0 264.0 96.0 lour
18048.0 9971.0 332.0 96.0 years
18428.0 9952.0 300.0 96.0 Irom

15900.0 10055.0 432.0 120.0 M.iy5
16208.0 10068.0 24.0 84.0 !
16236.0 10064.0 32.0 92.0 !
16335.0 10131.0 24.0 44.0 ,
16476.0 10064.0 256.0 100.0 ISbT.
16864.0 10059.0 172.0 100.0 To
17140.0 10059.0 152.0 104.0 fill
17404.0 10092.0 68.0 72.0 a
17580.0 10088.0 496.0 92.0 vacancy
18176.0 10064.0 308.0 100.0 John
18604.0 10068.0 116.0 96.0 C.

15912.0 10172.0 492.0 112.0 Welling
16444.0 10200.0 228.0 80.0 was
16716.0 10176.0 428.0 104.0 elected
17232.0 10176.0 484.0 104.0 director
17771.0 10184.0 172.0 96.0 for
17992.0 10180.0 188.0 100.0 the
18227.0 10176.0 432.0 108.0 remain-

15900.0 10291.0 200.0 104.0 der
16140.0 10299.0 120.0 92.0 ot
16308.0 10295.0 188.0 100.0 the
16551.0 10308.0 284.0 88.0 term
16883.0 10295.0 436.0 116.0 ending
17368.0 10295.0 260.0 120.0 May
17679.0 10299.0 120.0 92.0 2-5
17803.0 10371.0 24.0 44.0 ,
17888.0 10299.0 260.0 100.0 Ibi7.

16459.0 10531.0 492.0 100.0 Affairs
17019.0 10539.0 160.0 88.0 of
17264.0 10539.0 236.0 96.0 the
17587.0 10535.0 604.0 100.0 Wabash.

16036.0 10672.0 192.0 104.0 ST.
16308.0 10672.0 412.0 112.0 Louis.
16812.0 10676.0 392.0 100.0 March
17288.0 10680.0 88.0 92.0 P.
17516.0 10676.0 696.0 120.0 Aiguments
18300.0 10699.0 148.0 76.0 on
18543.0 10676.0 188.0 104.0 the

15924.0 10816.0 480.0 112.0 petition
16495.0 10820.0 116.0 96.0 ol
16708.0 10816.0 192.0 100.0 the
16992.0 10812.0 760.0 108.0 bondholders
17800.0 10820.0 124.0 96.0 of
18007.0 10816.0 188.0 104.0 the
18244.0 10816.0 488.0 116.0 Chicago

15924.0 10956.0 492.0 104.0 division
16471.0 10960.0 120.0 96.0 of
16680.0 10960.0 188.0 100.0 the
16976.0 10956.0 472.0 104.0 Wabash
17460.0 11031.0 24.0 48.0 ,
17572.0 10960.0 156.0 104.0 St.
17791.0 10956.0 340.0 104.0 Louis
18176.0 10960.0 100.0 100.0 &
18332.0 10960.0 404.0 104.0 Pacific

15932.0 11099.0 480.0 100.0 railroad
16459.0 11099.0 244.0 100.0 that
16791.0 11103.0 580.0 112.0 Sl50,000
17415.0 11099.0 452.0 124.0 surplus
17912.0 11128.0 268.0 76.0 OUT
18224.0 11103.0 188.0 100.0 the
18460.0 11103.0 272.0 100.0 total

15928.0 11263.0 552.0 96.0 expenses
16568.0 11244.0 132.0 96.0 of
16784.0 11244.0 252.0 100.0 that
17112.0 11240.0 492.0 104.0 division
17664.0 11244.0 132.0 104.0 bo
17839.0 11248.0 408.0 100.0 tinned
18312.0 11271.0 268.0 76.0 over
18623.0 11252.0 112.0 92.0 to

15920.0 11384.0 304.0 100.0 them
16296.0 11380.0 228.0 104.0 nnd
16580.0 11388.0 196.0 96.0 not
16828.0 11384.0 508.0 104.0 diverted
17388.0 11388.0 112.0 96.0 to
17543.0 11384.0 188.0 104.0 the
17780.0 11392.0 540.0 116.0 payment
18392.0 11384.0 124.0 100.0 of
18560.0 11384.0 136.0 104.0 de-

15920.0 11503.0 288.0 100.0 ficits
16255.0 11500.0 120.0 96.0 of
16427.0 11500.0 712.0 120.0 non-paving
17188.0 11500.0 552.0 104.0 blanches
17788.0 11503.0 120.0 96.0 of
17996.0 11507.0 188.0 96.0 the
18271.0 11511.0 416.0 92.0 svstem
18708.0 11572.0 24.0 48.0 ,

15920.0 11644.0 236.0 72.0 was
16199.0 11616.0 624.0 104.0 concluded
16880.0 11616.0 116.0 100.0 In
17051.0 11620.0 188.0 96.0 the
17315.0 11616.0 428.0 104.0 United
17832.0 11620.0 376.0 100.0 States
18295.0 11595.0 448.0 124.0 district

15915.0 11743.0 316.0 88.0 court
16304.0 11740.0 444.0 116.0 to-day.
16883.0 11732.0 244.0 104.0 The
17204.0 11751.0 324.0 84.0 couit
17611.0 11732.0 520.0 104.0 deferred
18224.0 11732.0 504.0 104.0 decision

15920.0 11848.0 108.0 100.0 in
16088.0 11852.0 188.0 96.0 the
16332.0 11856.0 404.0 96.0 matter
16779.0 11848.0 296.0 100.0 until
17131.0 11852.0 376.0 100.0 March
17560.0 11852.0 148.0 100.0 131.

16032.0 11964.0 244.0 104.0 Tlio
16384.0 11964.0 344.0 104.0 board
16835.0 11968.0 124.0 100.0 of
17063.0 11964.0 552.0 104.0 diroctois
17720.0 11968.0 124.0 96.0 of
17956.0 11964.0 188.0 104.0 the
18271.0 11964.0 468.0 104.0 Wabash

15915.0 12079.0 520.0 104.0 Western
16492.0 12079.0 264.0 104.0 road
16812.0 12087.0 232.0 96.0 met
17128.0 12092.0 120.0 92.0 nt
17312.0 12087.0 188.0 96.0 the
17548.0 12083.0 560.0 100.0 Southern
18164.0 12079.0 304.0 104.0 hotel
18516.0 12083.0 228.0 100.0 tills

15915.0 12204.0 600.0 96.0 afternoon
16572.0 12200.0 228.0 100.0 and
16852.0 12200.0 608.0 124.0 organl/ed
17552.0 12200.0 144.0 116.0 by
17759.0 12200.0 492.0 104.0 electing
18303.0 12200.0 184.0 100.0 the
18543.0 12200.0 156.0 100.0 fol-

15920.0 12315.0 424.0 108.0 lowing
16408.0 12315.0 432.0 100.0 officers
16868.0 12340.0 28.0 80.0 :
17036.0 12315.0 600.0 100.0 President
17643.0 12388.0 24.0 48.0 ,
17728.0 12319.0 124.0 96.0 O.
17912.0 12315.0 96.0 96.0 1)
18019.0 12388.0 24.0 28.0 .
18099.0 12315.0 464.0 112.0 Ashloy.
18620.0 12315.0 124.0 96.0 of

15920.0 12432.0 288.0 100.0 New
16264.0 12432.0 308.0 100.0 Yoik
16604.0 12456.0 28.0 88.0 ;
16708.0 12436.0 240.0 96.0 vice
17000.0 12432.0 644.0 112.0 presidents
17652.0 12504.0 24.0 48.0 ,
17747.0 12432.0 364.0 116.0 Edgar
18155.0 12432.0 128.0 100.0 T.
18351.0 12428.0 348.0 104.0 Wells
18708.0 12508.0 24.0 40.0 ,

15920.0 12555.0 116.0 92.0 ot
16156.0 12548.0 584.0 108.0 Hnrtfoid.
16840.0 12552.0 228.0 100.0 nnd
17184.0 12552.0 140.0 96.0 A.
17444.0 12555.0 136.0 96.0 A.
17696.0 12548.0 536.0 120.0 Talmago
18235.0 12624.0 24.0 36.0 ,
18363.0 12548.0 124.0 100.0 of
18576.0 12552.0 160.0 96.0 St.

15928.0 12664.0 344.0 100.0 Louis
16300.0 12688.0 24.0 96.0 ;
16436.0 12668.0 560.0 116.0 secretary
17084.0 12664.0 228.0 100.0 nnd
17444.0 12672.0 560.0 96.0 treasiuer
18007.0 12735.0 24.0 44.0 ,
18128.0 12664.0 388.0 100.0 James
18611.0 12664.0 120.0 104.0 F.

15924.0 12784.0 296.0 100.0 How
16224.0 12852.0 28.0 48.0 ,
16347.0 12780.0 160.0 100.0 St.
16612.0 12780.0 344.0 100.0 Louis
16983.0 12803.0 28.0 96.0 ;
17084.0 12780.0 456.0 112.0 general
17655.0 12803.0 540.0 80.0 munairer
18200.0 12852.0 28.0 40.0 ,
18339.0 12784.0 140.0 100.0 A.
18599.0 12788.0 136.0 96.0 A.

15915.0 12899.0 544.0 120.0 Talmage
16488.0 12920.0 28.0 104.0 ;
16587.0 12895.0 548.0 104.0 assistant
17240.0 12904.0 564.0 116.0 sccretaiy
17812.0 12971.0 24.0 48.0 ,
17963.0 12895.0 496.0 108.0 William
18567.0 12895.0 168.0 108.0 W.

15920.0 13016.0 408.0 104.0 Bench.

17019.0 13156.0 80.0 20.0 _

16495.0 13228.0 968.0 100.0 IIEECIIRR'S
17543.0 13232.0 600.0 100.0 DUATII.

15915.0 13484.0 432.0 100.0 Views
16415.0 13492.0 152.0 92.0 of
16643.0 13488.0 224.0 92.0 the
16968.0 13488.0 544.0 96.0 London
17616.0 13488.0 500.0 120.0 Papers
18208.0 13512.0 168.0 68.0 on
18475.0 13484.0 260.0 96.0 the

16264.0 13632.0 288.0 92.0 Ijll'e
16600.0 13632.0 160.0 92.0 of
16808.0 13632.0 232.0 92.0 the
17112.0 13632.0 424.0 92.0 Gront
17632.0 13632.0 724.0 92.0 Preacher.

16027.0 13904.0 540.0 96.0 LONDON
16568.0 13968.0 32.0 48.0 ,
16687.0 13892.0 392.0 104.0 March
17188.0 13896.0 212.0 96.0 9.-
17427.0 13896.0 48.0 120.0 [
17475.0 13896.0 300.0 100.0 Now
17876.0 13892.0 328.0 104.0 York
18303.0 13892.0 440.0 104.0 Herald

15920.0 14035.0 336.0 100.0 Cable
16384.0 14031.0 436.0 124.0 Special
16864.0 14031.0 592.0 124.0 Telegram
17548.0 14044.0 112.0 96.0 to
17747.0 14035.0 192.0 100.0 the
17996.0 14035.0 344.0 120.0 Bii5.J
18480.0 14031.0 252.0 104.0 The

15924.0 14171.0 340.0 112.0 Daily
16344.0 14175.0 624.0 120.0 Telegraph
16980.0 14248.0 28.0 52.0 ,
17087.0 14175.0 568.0 124.0 speaking
17740.0 14175.0 228.0 100.0 this
18055.0 14175.0 536.0 120.0 morning
18635.0 14175.0 124.0 100.0 of

15920.0 14316.0 192.0 104.0 the
16192.0 14320.0 220.0 100.0 late
16464.0 14320.0 208.0 104.0 Mr.
16723.0 14316.0 400.0 116.0 Henry
17216.0 14316.0 344.0 108.0 Want
17648.0 14316.0 596.0 104.0 Beecher's
18360.0 14320.0 340.0 100.0 death
18712.0 14392.0 28.0 44.0 ,

15920.0 14484.0 260.0 96.0 says
16228.0 14460.0 112.0 100.0 In
16391.0 14480.0 140.0 80.0 an
16584.0 14452.0 664.0 108.0 oxhaustlvo
17312.0 14456.0 512.0 104.0 editorial
17836.0 14523.0 24.0 56.0 ,
17936.0 14452.0 604.0 128.0 smacking
18635.0 14464.0 124.0 96.0 of

15924.0 14599.0 184.0 104.0 the
16152.0 14599.0 288.0 124.0 style
16488.0 14599.0 124.0 100.0 of
16648.0 14595.0 428.0 124.0 George
17128.0 14603.0 588.0 108.0 Augustus
17780.0 14595.0 264.0 104.0 Sala
18067.0 14624.0 28.0 76.0 :
18164.0 14595.0 596.0 108.0 "Without

15920.0 14743.0 656.0 116.0 comparing
16660.0 14739.0 228.0 104.0 him
17004.0 14739.0 268.0 104.0 with
17380.0 14739.0 368.0 124.0 living
17856.0 14747.0 684.0 116.0 clergymen.
18667.0 14739.0 88.0 104.0 It

15928.0 14884.0 372.0 104.0 would
16364.0 14888.0 136.0 100.0 bo
16544.0 14911.0 148.0 76.0 an
16728.0 14884.0 536.0 124.0 Injustice
17332.0 14888.0 112.0 100.0 to
17507.0 14907.0 200.0 96.0 say
17864.0 14884.0 244.0 104.0 that
18164.0 14884.0 592.0 104.0 Theodore

15924.0 15028.0 632.0 104.0 1'arkersui
16584.0 15036.0 400.0 116.0 passed
17072.0 15028.0 232.0 104.0 him
17359.0 15028.0 116.0 104.0 In
17543.0 15028.0 576.0 104.0 erudition
18172.0 15028.0 232.0 104.0 aud
18460.0 15028.0 276.0 104.0 Chi-
18635.0 15060.0 24.0 72.0 :

15928.0 15176.0 196.0 120.0 pln
16184.0 15171.0 116.0 104.0 in
16356.0 15171.0 364.0 104.0 fervid
16755.0 15171.0 660.0 124.0 eloquence.
17436.0 15163.0 68.0 60.0 "

16060.0 15315.0 248.0 104.0 The
16352.0 15311.0 336.0 124.0 Dally
16755.0 15311.0 604.0 104.0 Cluonlcle
17364.0 15387.0 24.0 48.0 ,
17444.0 15340.0 196.0 100.0 per
17703.0 15315.0 388.0 104.0 contra
18099.0 15387.0 24.0 52.0 ,
18203.0 15311.0 276.0 108.0 calls
18519.0 15311.0 236.0 108.0 him

15932.0 15456.0 696.0 108.0 "America's
16675.0 15460.0 296.0 100.0 most
17007.0 15456.0 452.0 104.0 notable
17528.0 15456.0 368.0 120.0 pulpit
17939.0 15460.0 380.0 100.0 orntor
18320.0 15532.0 32.0 48.0 ,
18363.0 15456.0 68.0 56.0 "
18487.0 15460.0 232.0 104.0 and

15928.0 15604.0 276.0 104.0 adds
16232.0 15627.0 28.0 80.0 :
16391.0 15600.0 292.0 104.0 "Ills
16764.0 15600.0 372.0 124.0 pulpit
17176.0 15600.0 292.0 120.0 style
17495.0 15627.0 232.0 76.0 was
17776.0 15604.0 200.0 100.0 not
18024.0 15600.0 700.0 124.0 univor-nlly

15928.0 15744.0 504.0 108.0 admired
16480.0 15744.0 116.0 104.0 In
16648.0 15744.0 228.0 100.0 this
16920.0 15752.0 480.0 112.0 country
17404.0 15815.0 24.0 52.0 ,
17484.0 15744.0 424.0 116.0 having
17956.0 15744.0 280.0 104.0 been
18292.0 15748.0 304.0 100.0 what
18652.0 15748.0 96.0 100.0 Is

15928.0 15887.0 424.0 104.0 termed
16432.0 15887.0 188.0 104.0 too
16723.0 15883.0 580.0 108.0 theatrical
17412.0 15891.0 116.0 96.0 to
17616.0 15887.0 232.0 100.0 suit
17924.0 15883.0 192.0 108.0 the
18203.0 15887.0 536.0 116.0 culinary

15936.0 16039.0 288.0 96.0 taste
16264.0 16032.0 124.0 100.0 of
16420.0 16032.0 188.0 100.0 the
16652.0 16028.0 484.0 116.0 English
17188.0 16028.0 408.0 124.0 public.
17611.0 16024.0 68.0 60.0 "

16048.0 16176.0 244.0 100.0 The
16328.0 16172.0 388.0 104.0 Times
16764.0 16172.0 256.0 104.0 thus
17063.0 16195.0 312.0 80.0 sums
17427.0 16172.0 232.0 104.0 him
17688.0 16199.0 152.0 96.0 up
17876.0 16199.0 124.0 76.0 as
18048.0 16203.0 64.0 72.0 a
18152.0 16176.0 528.0 116.0 preicher
18708.0 16199.0 24.0 80.0 :

15944.0 16316.0 280.0 104.0 "Mr.
16276.0 16316.0 492.0 104.0 Beecher
16816.0 16340.0 224.0 80.0 was
17087.0 16324.0 116.0 96.0 to
17247.0 16316.0 192.0 104.0 the
17524.0 16316.0 220.0 104.0 last
17827.0 16316.0 408.0 112.0 degree
18332.0 16344.0 376.0 80.0 uncon-

15936.0 16459.0 576.0 108.0 ventional
16527.0 16531.0 24.0 52.0 ,
16660.0 16459.0 404.0 104.0 humor
17164.0 16459.0 232.0 104.0 and
17500.0 16459.0 404.0 124.0 pathos
18012.0 16459.0 340.0 112.0 being
18460.0 16484.0 268.0 96.0 very

15940.0 16603.0 356.0 124.0 freely
16340.0 16596.0 804.0 124.0 Intermingled
17196.0 16599.0 112.0 100.0 in
17407.0 16599.0 172.0 100.0 his
17643.0 16599.0 668.0 104.0 discourses.
18451.0 16599.0 228.0 104.0 Dra-

15947.0 16748.0 332.0 104.0 matic
16323.0 16744.0 116.0 104.0 In
16492.0 16744.0 468.0 104.0 bearing
16964.0 16816.0 24.0 40.0 ,
17040.0 16744.0 140.0 100.0 ho
17267.0 16744.0 300.0 100.0 filled
17655.0 16752.0 180.0 96.0 Ins
17919.0 16771.0 512.0 76.0 sermons
18475.0 16744.0 272.0 104.0 with

15947.0 16888.0 744.0 108.0 Illustrations
16772.0 16884.0 396.0 108.0 drawn
17260.0 16888.0 296.0 100.0 from
17636.0 16884.0 148.0 104.0 all
17876.0 16912.0 452.0 80.0 sourcss
18339.0 16964.0 24.0 40.0 ,
18416.0 16912.0 356.0 80.0 never

15947.0 17031.0 616.0 112.0 tonrettlng
16568.0 17103.0 24.0 48.0 ,
16687.0 17027.0 524.0 108.0 ho\vevcr
17216.0 17099.0 24.0 48.0 ,
17291.0 17027.0 560.0 104.0 allusions
17928.0 17027.0 624.0 128.0 applicable
18647.0 17040.0 120.0 96.0 to

15947.0 17179.0 188.0 100.0 tlm
16204.0 17175.0 364.0 100.0 times.
16604.0 17171.0 68.0 56.0 "

16056.0 17316.0 244.0 104.0 The
16384.0 17316.0 340.0 108.0 News
16735.0 17392.0 24.0 48.0 ,
16812.0 17316.0 572.0 104.0 Standard
17468.0 17316.0 232.0 104.0 and
17791.0 17316.0 276.0 104.0 Post
18155.0 17343.0 188.0 76.0 nro
18440.0 17343.0 316.0 80.0 more

15947.0 17456.0 760.0 128.0 biographical
16776.0 17456.0 276.0 108.0 than
17124.0 17456.0 436.0 108.0 critical
17628.0 17460.0 488.0 104.0 towards
18232.0 17460.0 192.0 104.0 the
18496.0 17460.0 280.0 108.0 dead

15952.0 17587.0 404.0 96.0 orator.

15952.0 17587.0 1008.0 212.0 orator.iMir.smENT
17028.0 17692.0 884.0 104.0 ci.ivniAi.n's
17235.0 17716.0 28.0 80.0 :
17975.0 17716.0 528.0 84.0 SOHIIOW.

16076.0 17808.0 628.0 108.0 WASHING
16740.0 17831.0 224.0 80.0 TON
16968.0 17880.0 32.0 56.0 ,
17119.0 17812.0 380.0 100.0 March
17620.0 17815.0 96.0 96.0 U.
17864.0 17823.0 28.0 108.0 (
17912.0 17812.0 444.0 108.0 Special
18468.0 17812.0 268.0 104.0 Tele-

15952.0 17956.0 324.0 88.0 gram
16323.0 17940.0 124.0 88.0 to
16495.0 17940.0 196.0 88.0 the
16732.0 17927.0 360.0 120.0 Bin.I
17235.0 17923.0 604.0 108.0 President
17880.0 17927.0 620.0 104.0 Cleveland
18543.0 17927.0 236.0 104.0 will

15964.0 18052.0 200.0 96.0 not
16211.0 18048.0 128.0 96.0 tin
16384.0 18044.0 244.0 100.0 able
16680.0 18052.0 116.0 92.0 to
16883.0 18048.0 396.0 100.0 attend
17376.0 18044.0 188.0 100.0 the
17672.0 18044.0 588.0 124.0 obsequies
18356.0 18052.0 124.0 92.0 of
18588.0 18052.0 188.0 96.0 the

15959.0 18163.0 224.0 100.0 late
16240.0 18159.0 392.0 120.0 Henry
16684.0 18155.0 340.0 108.0 Ward
17075.0 18159.0 496.0 104.0 Beeeher
17611.0 18188.0 144.0 76.0 on
17812.0 18167.0 484.0 96.0 account
18380.0 18159.0 124.0 100.0 of
18576.0 18163.0 180.0 100.0 his

15959.0 18276.0 400.0 104.0 otliclal
16403.0 18280.0 372.0 104.0 duties
16828.0 18280.0 292.0 104.0 here.
17247.0 18276.0 248.0 104.0 The
17543.0 18280.0 584.0 120.0 president
18160.0 18303.0 592.0 92.0 expresses

15964.0 18395.0 176.0 100.0 his
16184.0 18395.0 280.0 112.0 deep
16507.0 18420.0 420.0 80.0 sorrow
16971.0 18403.0 116.0 92.0 at
17192.0 18391.0 192.0 104.0 the
17468.0 18399.0 344.0 96.0 event
17919.0 18403.0 376.0 108.0 to-day
18348.0 18399.0 192.0 96.0 but
18588.0 18395.0 136.0 104.0 de-

15959.0 18508.0 372.0 104.0 clined
16379.0 18516.0 116.0 96.0 to
16539.0 18536.0 200.0 96.0 say
16808.0 18512.0 568.0 120.0 anything
17424.0 18516.0 176.0 96.0 tor
17648.0 18508.0 692.0 128.0 publication
18416.0 18512.0 116.0 104.0 In
18588.0 18516.0 188.0 100.0 the

15964.0 18635.0 296.0 96.0 toun
16304.0 18627.0 124.0 100.0 of
16488.0 18651.0 144.0 80.0 an
16692.0 18627.0 628.0 108.0 Interview.

16828.0 18791.0 260.0 80.0 Tim
17131.0 18787.0 596.0 88.0 FUNinjAi
17732.0 18836.0 24.0 36.0 ,
17764.0 18840.0 24.0 32.0 .

16080.0 18908.0 312.0 108.0 Nr.w
16464.0 18908.0 364.0 104.0 YORK
16835.0 18983.0 28.0 44.0 ,
16915.0 18908.0 384.0 104.0 March
17383.0 18916.0 28.0 88.0 !
17448.0 18983.0 24.0 28.0 .
17611.0 18912.0 904.0 116.0 Anangements
18599.0 18912.0 180.0 100.0 for

16020.0 19024.0 136.0 100.0 ho
16199.0 19027.0 436.0 100.0 funeral
16684.0 19031.0 120.0 92.0 ot
16876.0 19024.0 192.0 100.0 tlm
17112.0 19027.0 224.0 100.0 late
17392.0 19024.0 392.0 116.0 Henry
17832.0 19024.0 344.0 108.0 Ward
18280.0 19027.0 492.0 100.0 Beecher

15968.0 19168.0 184.0 76.0 are
16204.0 19152.0 200.0 92.0 not
16448.0 19147.0 184.0 116.0 yet
16675.0 19139.0 624.0 124.0 completed
17308.0 19215.0 28.0 40.0 ,
17392.0 19147.0 196.0 96.0 but
17620.0 19147.0 88.0 96.0 it
17740.0 19143.0 200.0 100.0 his
17987.0 19143.0 276.0 96.0 been
18308.0 19123.0 480.0 124.0 decided

15971.0 19260.0 92.0 100.0 It
16100.0 19256.0 400.0 104.0 should
16548.0 19256.0 132.0 100.0 be
16720.0 19283.0 68.0 76.0 a
16840.0 19256.0 372.0 124.0 public
17256.0 19279.0 220.0 80.0 one
17484.0 19332.0 24.0 40.0 ,
17611.0 19264.0 192.0 96.0 tlio
17892.0 19260.0 492.0 100.0 services
18424.0 19268.0 116.0 96.0 at
18579.0 19260.0 192.0 100.0 the

15971.0 19375.0 344.0 100.0 house
16364.0 19371.0 340.0 108.0 belmr
16744.0 19396.0 72.0 80.0 A
16847.0 19375.0 436.0 116.0 strictly
17336.0 19379.0 436.0 112.0 private
17812.0 19396.0 252.0 84.0 ono.
18252.0 19383.0 512.0 96.0 Services

15971.0 19492.0 232.0 100.0 will
16252.0 19488.0 132.0 104.0 be
16427.0 19488.0 628.0 104.0 conducted
17104.0 19496.0 116.0 96.0 nt
17267.0 19492.0 184.0 100.0 the
17500.0 19492.0 348.0 100.0 house
17916.0 19492.0 144.0 120.0 by
18176.0 19488.0 196.0 108.0 Dr.
18468.0 19492.0 108.0 104.0 S.
18640.0 19488.0 144.0 108.0 11.

16092.0 19603.0 144.0 104.0 all
16284.0 19607.0 124.0 100.0 of
16471.0 19603.0 188.0 104.0 the
16699.0 19607.0 416.0 104.0 church
17164.0 19607.0 124.0 100.0 of
17352.0 19607.0 188.0 104.0 the
17592.0 19603.0 488.0 124.0 Trinity.
18220.0 19607.0 336.0 104.0 None
18604.0 19607.0 192.0 108.0 but

16008.0 19724.0 156.0 100.0 .he
16216.0 19724.0 400.0 140.0 family
16664.0 19724.0 232.0 100.0 will
16948.0 19724.0 132.0 100.0 be
17131.0 19724.0 548.0 104.0 admitted
17732.0 19728.0 116.0 100.0 to
17892.0 19724.0 316.0 104.0 these
18252.0 19728.0 484.0 104.0 services
18744.0 19800.0 28.0 44.0 ,

15980.0 19835.0 364.0 108.0 which
16391.0 19867.0 80.0 68.0 vv
16504.0 19832.0 116.0 108.0 111
16672.0 19839.0 136.0 104.0 be
16852.0 19839.0 124.0 100.0 of
17044.0 19839.0 192.0 104.0 the
17308.0 19839.0 516.0 116.0 simplest
17932.0 19847.0 432.0 100.0 nature.
18536.0 19843.0 248.0 100.0 The

15976.0 19955.0 296.0 116.0 body
16316.0 19955.0 232.0 104.0 will
16600.0 19955.0 132.0 100.0 bo
16784.0 19955.0 512.0 104.0 escorted
17344.0 19964.0 116.0 96.0 to
17507.0 19943.0 604.0 136.0 Plymouth
18200.0 19959.0 420.0 104.0 church
18671.0 19976.0 116.0 84.0 nt

16032.0 20072.0 136.0 100.0 he
16211.0 20068.0 296.0 108.0 close
16551.0 20079.0 120.0 92.0 ot
16723.0 20072.0 192.0 104.0 the
16964.0 20076.0 400.0 124.0 family
17404.0 20076.0 712.0 124.0 service.by
18191.0 20087.0 196.0 92.0 tlio
18468.0 20076.0 328.0 104.0 Thlr-

16027.0 20187.0 336.0 100.0 eenth
16468.0 20187.0 564.0 116.0 regiment
17104.0 20199.0 124.0 92.0 ot
17415.0 20191.0 572.0 120.0 Brooklyn
18004.0 20263.0 24.0 48.0 ,
18191.0 20195.0 124.0 100.0 of
18424.0 20195.0 376.0 104.0 which

15983.0 20304.0 492.0 104.0 Beecher
16655.0 20331.0 240.0 76.0 was
17072.0 20308.0 584.0 120.0 chaplain.
18024.0 20308.0 248.0 104.0 The
18492.0 20335.0 284.0 96.0 rogi-

15980.0 20443.0 316.0 80.0 incut
16596.0 20423.0 236.0 104.0 will
17172.0 20427.0 268.0 100.0 then
17747.0 20423.0 136.0 104.0 be
18191.0 20427.0 616.0 104.0 dismissed

15988.0 20540.0 232.0 104.0 and
16459.0 20540.0 236.0 104.0 will
16948.0 20536.0 316.0 108.0 leave
17436.0 20567.0 564.0 92.0 company
18128.0 20544.0 96.0 100.0 G
18227.0 20620.0 28.0 40.0 ,
18443.0 20544.0 364.0 104.0 which

15988.0 20655.0 92.0 104.0 Is
16124.0 20655.0 424.0 104.0 known
16604.0 20679.0 124.0 80.0 ns
16832.0 20655.0 188.0 104.0 thn
17072.0 20659.0 604.0 120.0 Plymouth
17723.0 20683.0 564.0 112.0 company
18288.0 20731.0 28.0 44.0 ,
18368.0 20659.0 232.0 104.0 nnd
18712.0 20663.0 96.0 100.0 Is

15996.0 20776.0 600.0 116.0 composed
16699.0 20771.0 408.0 124.0 chiefly
17211.0 20784.0 116.0 92.0 ot
17388.0 20776.0 548.0 100.0 membeis
18040.0 20780.0 120.0 96.0 of
18215.0 20776.0 588.0 104.0 Boecher's

15980.0 20891.0 800.0 116.0 congregation
16800.0 20960.0 24.0 48.0 ,
16939.0 20911.0 112.0 80.0 to
17099.0 20891.0 428.0 100.0 remain
17620.0 20915.0 148.0 76.0 on
17815.0 20891.0 352.0 120.0 guard
18224.0 20891.0 336.0 104.0 while
18604.0 20895.0 32.0 96.0 (
18635.0 20899.0 160.0 92.0 .ho

15983.0 21003.0 296.0 112.0 body
16328.0 21003.0 96.0 100.0 Is
16464.0 21003.0 224.0 104.0 laid
16740.0 21007.0 120.0 100.0 In
16903.0 21016.0 292.0 92.0 state
17240.0 21007.0 116.0 100.0 In
17412.0 21007.0 188.0 100.0 the
17632.0 21007.0 448.0 104.0 church.
18135.0 21003.0 240.0 104.0 Tlio
18400.0 21007.0 416.0 100.0 church

15988.0 21120.0 232.0 104.0 will
16328.0 21120.0 424.0 104.0 remain
16864.0 21143.0 292.0 100.0 open
17272.0 21120.0 148.0 104.0 nil
17543.0 21120.0 220.0 120.0 day
17868.0 21124.0 600.0 120.0 Thuisdny
18576.0 21124.0 232.0 100.0 and

15992.0 21235.0 440.0 104.0 irlends
16536.0 21239.0 228.0 100.0 and
16832.0 21235.0 556.0 104.0 members
17492.0 21235.0 124.0 100.0 of
17711.0 21231.0 192.0 108.0 the
17968.0 21239.0 832.0 112.0 congregation

15992.0 21356.0 224.0 104.0 will
16272.0 21356.0 284.0 100.0 have
16600.0 21360.0 188.0 92.0 the
16832.0 21360.0 244.0 92.0 hist
17128.0 21352.0 400.0 124.0 piivile
17608.0 21375.0 64.0 76.0 o
17735.0 21356.0 124.0 96.0 of
17907.0 21360.0 468.0 116.0 passing
18431.0 21356.0 384.0 100.0 bofoio

15983.0 21467.0 192.0 108.0 the
16220.0 21467.0 320.0 112.0 body.
16680.0 21467.0 416.0 116.0 Friday
17148.0 21471.0 188.0 100.0 the
17376.0 21471.0 420.0 100.0 chinch
17871.0 21471.0 236.0 100.0 will
18160.0 21471.0 136.0 100.0 bo
18344.0 21467.0 448.0 108.0 thrown

15992.0 21612.0 292.0 96.0 open
16427.0 21592.0 116.0 92.0 to
16592.0 21584.0 188.0 104.0 the
16892.0 21584.0 404.0 124.0 public.
17424.0 21584.0 280.0 104.0 This
17812.0 21612.0 392.0 76.0 course
18252.0 21588.0 200.0 100.0 has
18523.0 21588.0 276.0 104.0 been

15992.0 21703.0 544.0 104.0 rendered
16648.0 21723.0 596.0 100.0 necessary
17352.0 21699.0 116.0 104.0 in
17560.0 21727.0 776.0 96.0 consequence
18451.0 21707.0 108.0 96.0 ot
18623.0 21707.0 188.0 100.0 the

15996.0 21819.0 300.0 120.0 largo
16388.0 21815.0 332.0 108.0 circle
16828.0 21819.0 124.0 100.0 of
17016.0 21819.0 440.0 104.0 friends
17504.0 21823.0 228.0 100.0 nnd
17812.0 21819.0 548.0 104.0 admirers
18407.0 21823.0 124.0 96.0 of
18616.0 21823.0 196.0 100.0 the

15988.0 21943.0 324.0 104.0 great
16384.0 21936.0 420.0 108.0 divine.
16992.0 21936.0 256.0 104.0 The
17300.0 21936.0 484.0 104.0 cltl/.ens
17888.0 21939.0 668.0 100.0 committee
18560.0 22012.0 24.0 48.0 ,
18700.0 21936.0 132.0 100.0 of

15996.0 22055.0 368.0 104.0 which
16412.0 22051.0 588.0 120.0 ox-Mayor
17040.0 22051.0 276.0 104.0 Setli
17376.0 22051.0 268.0 104.0 Low
17740.0 22055.0 96.0 100.0 Is
17907.0 22055.0 580.0 104.0 chairman
18504.0 22127.0 24.0 44.0 ,
18591.0 22055.0 232.0 100.0 will

16000.0 22172.0 284.0 104.0 have
16328.0 22172.0 408.0 120.0 charge
16779.0 22172.0 124.0 100.0 of
16951.0 22168.0 188.0 108.0 the
17192.0 22172.0 296.0 124.0 body
17596.0 22172.0 296.0 104.0 until
17972.0 22172.0 188.0 104.0 the
18212.0 22176.0 620.0 100.0 Intciment

16000.0 22291.0 592.0 120.0 Saturday.

16116.0 22408.0 244.0 100.0 The
16396.0 22408.0 292.0 120.0 body
16735.0 22427.0 232.0 80.0 was
17012.0 22404.0 632.0 104.0 embalmed
17691.0 22408.0 440.0 116.0 to-day.
18259.0 22400.0 244.0 108.0 The
18560.0 22404.0 244.0 104.0 face

16004.0 22547.0 232.0 80.0 was
16328.0 22527.0 200.0 100.0 not
16640.0 22519.0 484.0 124.0 pinched
17140.0 22595.0 24.0 44.0 ,
17276.0 22523.0 200.0 104.0 but
17563.0 22523.0 88.0 100.0 It
17735.0 22523.0 220.0 100.0 had
18052.0 22519.0 536.0 104.0 flattened
18635.0 22523.0 204.0 100.0 out

16008.0 22640.0 360.0 104.0 much.
16551.0 22640.0 268.0 100.0 Mrs.
16924.0 22635.0 496.0 104.0 Beecher
17512.0 22664.0 228.0 76.0 was
17832.0 22640.0 340.0 100.0 taken
18259.0 22644.0 196.0 96.0 out
18540.0 22640.0 144.0 120.0 by
18771.0 22667.0 68.0 72.0 n

16012.0 22755.0 380.0 104.0 friend
16471.0 22751.0 180.0 104.0 for
16735.0 22751.0 332.0 104.0 relief
17155.0 22755.0 220.0 100.0 and
17427.0 22779.0 68.0 76.0 a
17540.0 22755.0 316.0 104.0 drive
17904.0 22755.0 228.0 104.0 this
18179.0 22759.0 604.0 100.0 afternoon
18800.0 22828.0 28.0 48.0 ,

16004.0 22875.0 200.0 100.0 but
16276.0 22871.0 528.0 100.0 returned
16896.0 22871.0 680.0 120.0 thoroughly
17664.0 22871.0 656.0 104.0 exhausted.
18499.0 22871.0 340.0 104.0 Fears

16004.0 23015.0 192.0 76.0 are
16240.0 22988.0 716.0 104.0 entertained
17004.0 22991.0 248.0 100.0 that
17291.0 22991.0 204.0 100.0 she
17543.0 22988.0 232.0 108.0 will
17827.0 22999.0 200.0 92.0 not
18072.0 22991.0 272.0 120.0 long
18392.0 22991.0 448.0 104.0 survive

16008.0 23103.0 200.0 108.0 her
16272.0 23103.0 556.0 104.0 husband.

16823.0 23372.0 396.0 100.0 "Now
17291.0 23380.0 108.0 92.0 It
17451.0 23376.0 104.0 96.0 la
17632.0 23376.0 308.0 92.0 Out.
17960.0 23372.0 76.0 52.0 "

16196.0 23523.0 32.0 104.0 (
16243.0 23511.0 540.0 116.0 CopyrtyM
16844.0 23515.0 212.0 92.0 1W
17108.0 23511.0 128.0 108.0 by
17288.0 23515.0 336.0 88.0 Jamti
17688.0 23511.0 404.0 92.0 Qtirtlan
18160.0 23507.0 500.0 104.0 Jltnnrtt\
18632.0 23507.0 28.0 104.0 \

16148.0 23639.0 516.0 108.0 LONDON
16675.0 23712.0 24.0 44.0 ,
16820.0 23639.0 388.0 104.0 March
17315.0 23643.0 92.0 104.0 0.
17555.0 23636.0 36.0 128.0 [
17611.0 23647.0 276.0 96.0 New
17992.0 23639.0 316.0 100.0 York
18407.0 23636.0 416.0 104.0 Herald

16020.0 23788.0 336.0 100.0 Cable
16483.0 23780.0 444.0 116.0 Special
16976.0 23788.0 116.0 96.0 to
17155.0 23780.0 192.0 104.0 the
17400.0 23780.0 348.0 128.0 BEU.J
17888.0 23780.0 284.0 104.0 This
18220.0 23776.0 632.0 120.0 morning's

16020.0 23923.0 596.0 108.0 Chronicle
16612.0 23995.0 40.0 52.0 ,
16708.0 23923.0 116.0 104.0 In
16888.0 23952.0 68.0 76.0 n
16995.0 23923.0 520.0 128.0 dispatch
17632.0 23935.0 292.0 92.0 from
18036.0 23919.0 364.0 108.0 Home
18404.0 23991.0 28.0 52.0 ,
18528.0 23944.0 264.0 100.0 says
18815.0 23944.0 32.0 80.0 :

16015.0 24071.0 244.0 100.0 The
16296.0 24067.0 720.0 108.0 voluminous
17056.0 24067.0 616.0 104.0 statement
17708.0 24067.0 124.0 100.0 of
17907.0 24063.0 284.0 124.0 Mgr.
18264.0 24063.0 592.0 104.0 Stranlero

16020.0 24235.0 236.0 80.0 was
16304.0 24207.0 720.0 120.0 telegraphed
17072.0 24231.0 268.0 80.0 over
17388.0 24207.0 116.0 104.0 In
17548.0 24219.0 476.0 92.0 extonso
18072.0 24231.0 148.0 80.0 on
18252.0 24204.0 604.0 124.0 Thursday

16027.0 24352.0 332.0 124.0 night
16439.0 24360.0 220.0 100.0 last
16760.0 24356.0 116.0 100.0 to
16976.0 24352.0 560.0 104.0 America.
17672.0 24348.0 232.0 108.0 Leo
18004.0 24348.0 344.0 108.0 XIII.
18460.0 24348.0 100.0 104.0 Is
18656.0 24352.0 204.0 100.0 not

16027.0 24467.0 380.0 108.0 bound
16520.0 24471.0 144.0 116.0 by
16772.0 24467.0 172.0 104.0 his
17051.0 24467.0 556.0 120.0 ablegate.
17747.0 24467.0 136.0 104.0 In
17996.0 24491.0 144.0 76.0 an
18259.0 24463.0 600.0 108.0 Interview

16032.0 24588.0 364.0 104.0 which
16448.0 24583.0 52.0 104.0 1
16548.0 24588.0 220.0 100.0 had
16816.0 24583.0 384.0 120.0 to-day
17284.0 24583.0 276.0 108.0 with
17648.0 24579.0 540.0 108.0 Cardinal
18315.0 24583.0 500.0 108.0 Gluttons
18827.0 24651.0 24.0 52.0 ,

16032.0 24703.0 532.0 104.0 followed
16672.0 24707.0 144.0 120.0 by
16924.0 24699.0 476.0 104.0 another
17500.0 24699.0 280.0 104.0 with
17888.0 24699.0 280.0 120.0 Mgr.
18224.0 24695.0 580.0 108.0 Stranloro
18812.0 24771.0 28.0 48.0 ,

16032.0 24823.0 264.0 100.0 both
16459.0 24819.0 192.0 104.0 the
16816.0 24819.0 480.0 120.0 prlmato
17484.0 24815.0 232.0 108.0 nnd
17900.0 24819.0 192.0 104.0 the
18356.0 24815.0 504.0 116.0 nblcgnte

16036.0 24935.0 460.0 108.0 assured
16704.0 24959.0 176.0 76.0 mo
17087.0 24935.0 244.0 100.0 that
17536.0 24932.0 296.0 104.0 their
18031.0 24943.0 428.0 124.0 reports
18472.0 25004.0 28.0 48.0 ,
18691.0 24928.0 104.0 104.0 al-

16039.0 25055.0 424.0 116.0 though
16572.0 25047.0 588.0 128.0 published
17272.0 25055.0 144.0 116.0 by
17507.0 25076.0 68.0 76.0 a
17684.0 25047.0 644.0 104.0 wonderful
18472.0 25047.0 384.0 104.0 stroke

16036.0 25175.0 124.0 100.0 of
16211.0 25191.0 660.0 104.0 newspaper
16908.0 25168.0 632.0 120.0 enterprise
17543.0 25240.0 24.0 44.0 ,
17623.0 25191.0 292.0 76.0 were
17963.0 25164.0 116.0 104.0 In
18135.0 25168.0 184.0 100.0 the
18368.0 25172.0 28.0 96.0 (
18388.0 25164.0 216.0 104.0 list
18691.0 25164.0 116.0 100.0 Instance
18824.0 25207.0 32.0 32.0 -

16039.0 25299.0 388.0 92.0 stance
16568.0 25283.0 768.0 104.0 confidential.
17592.0 25279.0 496.0 124.0 "Seeing
18092.0 25355.0 28.0 40.0 ,
18215.0 25283.0 528.0 100.0 however
18747.0 25351.0 28.0 40.0 ,
18792.0 25275.0 68.0 56.0 "

16044.0 25404.0 368.0 104.0 added
16456.0 25400.0 176.0 104.0 his
16668.0 25400.0 596.0 104.0 eminence
17267.0 25471.0 28.0 40.0 ,
17356.0 25395.0 316.0 104.0 "that
17723.0 25395.0 88.0 104.0 It
17859.0 25400.0 96.0 100.0 is
18019.0 25379.0 148.0 120.0 nil
18276.0 25400.0 196.0 100.0 out
18564.0 25416.0 288.0 84.0 now.

16051.0 25523.0 48.0 100.0 I
16148.0 25547.0 284.0 76.0 once
16483.0 25543.0 296.0 80.0 more
16828.0 25515.0 352.0 104.0 affirm
17228.0 25519.0 248.0 100.0 that
17528.0 25511.0 40.0 104.0 1
17620.0 25539.0 180.0 76.0 am
17868.0 25515.0 232.0 104.0 and
18232.0 25539.0 260.0 80.0 over
18576.0 25507.0 284.0 108.0 shall

16051.0 25639.0 128.0 100.0 be
16228.0 25639.0 188.0 100.0 the
16459.0 25656.0 404.0 100.0 enemy
16912.0 25635.0 124.0 96.0 of
17104.0 25627.0 652.0 128.0 plutocracy
17796.0 25631.0 228.0 104.0 and
18132.0 25631.0 124.0 96.0 of
18368.0 25652.0 492.0 112.0 corpoia-

16051.0 25755.0 300.0 104.0 tlons
16396.0 25755.0 124.0 100.0 of
16587.0 25775.0 256.0 80.0 men
16936.0 25743.0 272.0 108.0 with
17320.0 25771.0 152.0 80.0 no
17572.0 25747.0 284.0 104.0 soul.
17987.0 25747.0 244.0 104.0 The
18363.0 25740.0 496.0 108.0 Catholic

16048.0 25867.0 412.0 104.0 church
16507.0 25867.0 116.0 100.0 ot
16668.0 25863.0 520.0 104.0 America
17199.0 25935.0 32.0 48.0 ,
17279.0 25888.0 124.0 76.0 as
17448.0 25859.0 608.0 104.0 elsewhere
18060.0 25935.0 32.0 48.0 ,
18132.0 25859.0 224.0 104.0 will
18400.0 25859.0 260.0 104.0 take
18688.0 25859.0 172.0 100.0 the

16051.0 25987.0 240.0 104.0 bide
16328.0 25987.0 120.0 104.0 of
16512.0 25987.0 192.0 100.0 the
16748.0 25980.0 460.0 104.0 weaker
17240.0 25980.0 452.0 120.0 against
17740.0 25980.0 188.0 104.0 the
18031.0 25991.0 564.0 104.0 stronger.
18732.0 25972.0 132.0 104.0 In

16051.0 26107.0 228.0 104.0 this
16328.0 26103.0 516.0 104.0 Instance
16908.0 26103.0 316.0 100.0 tliero
17303.0 26119.0 208.0 84.0 can
17608.0 26095.0 132.0 100.0 be
17851.0 26119.0 148.0 76.0 no
18104.0 26083.0 528.0 136.0 question
18752.0 26095.0 112.0 96.0 ol

16056.0 26227.0 356.0 100.0 secret
16456.0 26216.0 556.0 108.0 societies.
17143.0 26216.0 204.0 108.0 Mr.
17412.0 26212.0 588.0 116.0 Povvderly
18048.0 26212.0 228.0 104.0 nnd
18327.0 26231.0 336.0 92.0 many
18756.0 26207.0 108.0 104.0 ol

16060.0 26339.0 188.0 104.0 the
16292.0 26339.0 324.0 104.0 other
16655.0 26335.0 368.0 104.0 chiefs
17068.0 26355.0 184.0 80.0 are
17347.0 26331.0 288.0 124.0 good
17720.0 26327.0 604.0 104.0 Catholics.
18456.0 26327.0 396.0 104.0 Above

16060.0 26460.0 144.0 100.0 all
16220.0 26527.0 24.0 48.0 ,
16260.0 26456.0 64.0 56.0 "
16376.0 26451.0 364.0 108.0 added
16828.0 26451.0 192.0 104.0 the
17136.0 26447.0 476.0 128.0 prlmato
17716.0 26447.0 124.0 100.0 of
17963.0 26447.0 188.0 100.0 tbo
18259.0 26439.0 604.0 108.0 American

16056.0 26571.0 408.0 108.0 church
16480.0 26643.0 24.0 32.0 ,
16680.0 26563.0 220.0 108.0 "do
17068.0 26571.0 200.0 100.0 not
17395.0 26567.0 148.0 100.0 let
17652.0 26559.0 92.0 108.0 It
17900.0 26587.0 144.0 96.0 go
18155.0 26559.0 304.0 108.0 forth
18640.0 26559.0 224.0 104.0 thai

16063.0 26691.0 308.0 104.0 tliero
16480.0 26671.0 100.0 120.0 Is
16643.0 26708.0 228.0 100.0 nny
16968.0 26679.0 540.0 108.0 essential
17616.0 26679.0 612.0 104.0 difference
18303.0 26679.0 188.0 100.0 bet
18555.0 26700.0 308.0 80.0 ween

16063.0 26807.0 188.0 104.0 the
16296.0 26803.0 500.0 108.0 cardinal
16808.0 26875.0 28.0 40.0 ,
16888.0 26799.0 672.0 136.0 archbishop
17640.0 26799.0 120.0 100.0 of
17827.0 26795.0 444.0 124.0 Quebec
18315.0 26792.0 232.0 108.0 nnd
18640.0 26819.0 184.0 96.0 my-

16068.0 26923.0 220.0 104.0 self
16332.0 26944.0 148.0 84.0 on
16536.0 26919.0 228.0 104.0 this
16808.0 26915.0 468.0 120.0 subject.
17460.0 26903.0 248.0 112.0 The
17764.0 26911.0 428.0 104.0 Ficnch
18288.0 26911.0 576.0 104.0 Canadian

16068.0 27039.0 436.0 116.0 society
16556.0 27036.0 92.0 104.0 Is
16696.0 27039.0 200.0 100.0 not
16948.0 27036.0 240.0 104.0 that
17235.0 27032.0 124.0 104.0 of
17404.0 27032.0 188.0 104.0 the
17648.0 27024.0 432.0 112.0 United
18160.0 27028.0 376.0 104.0 States
18548.0 27099.0 20.0 40.0 ,
18664.0 27047.0 200.0 80.0 anc

16072.0 27155.0 480.0 132.0 perhaps
16612.0 27151.0 188.0 104.0 the
16856.0 27151.0 428.0 104.0 French
17364.0 27143.0 796.0 108.0 ecclesiastical
18252.0 27171.0 124.0 72.0 or
18463.0 27143.0 384.0 104.0 admin

16072.0 27255.0 516.0 120.0 istratlvtt
16636.0 27264.0 312.0 108.0 mind
17004.0 27268.0 96.0 104.0 Is
17152.0 27291.0 300.0 76.0 more
17504.0 27264.0 504.0 116.0 Inclined
18060.0 27268.0 116.0 96.0 to
18220.0 27259.0 264.0 104.0 take
18528.0 27259.0 336.0 104.0 alarm

16072.0 27387.0 272.0 104.0 than
16400.0 27411.0 168.0 80.0 we
16612.0 27407.0 188.0 80.0 are
16847.0 27383.0 224.0 104.0 and
17119.0 27407.0 184.0 76.0 see
17356.0 27379.0 692.0 108.0 revolutions
18087.0 27375.0 416.0 112.0 behind
18552.0 27399.0 260.0 80.0 ever
18824.0 27399.0 40.0 96.0 )

16080.0 27503.0 392.0 120.0 hedge.
16607.0 27503.0 476.0 116.0 Depend
17140.0 27523.0 300.0 116.0 upon
17492.0 27495.0 80.0 108.0 it
17587.0 27571.0 24.0 44.0 ,
17691.0 27499.0 188.0 100.0 the
17948.0 27495.0 608.0 104.0 American
18647.0 27516.0 212.0 96.0 gov

16072.0 27623.0 532.0 104.0 ernmenl
16655.0 27615.0 92.0 104.0 is
16784.0 27619.0 308.0 128.0 quite
17136.0 27611.0 252.0 108.0 able
17436.0 27623.0 112.0 96.0 to
17643.0 27619.0 40.0 100.0 t
17696.0 27672.0 20.0 40.0 <
17716.0 27611.0 192.0 104.0 tVe
18012.0 27635.0 252.0 80.0 care
18372.0 27611.0 116.0 100.0 of
18567.0 27603.0 296.0 108.0 itsell

16076.0 27735.0 228.0 104.0 and
16388.0 27739.0 120.0 96.0 of
16596.0 27739.0 192.0 96.0 the
16876.0 27735.0 532.0 104.0 Interests
17484.0 27731.0 124.0 100.0 of
17691.0 27727.0 612.0 108.0 American
18372.0 27719.0 408.0 112.0 citizen
18800.0 27752.0 48.0 60.0 *

16072.0 27844.0 372.0 116.0 There
16495.0 27851.0 232.0 104.0 will
16779.0 27851.0 132.0 100.0 be
16956.0 27851.0 388.0 124.0 plenty
17388.0 27847.0 124.0 100.0 of
17580.0 27844.0 268.0 108.0 time
17936.0 27851.0 116.0 96.0 to
18132.0 27840.0 524.0 108.0 consider
18739.0 27840.0 104.0 108.0 at

16076.0 27979.0 296.0 104.0 norts
16412.0 27971.0 124.0 104.0 of
16580.0 27971.0 248.0 108.0 side
16880.0 27967.0 364.0 112.0 Uaues
17296.0 27967.0 328.0 108.0 nhtn
17676.0 27967.0 264.0 124.0 they
17980.0 27987.0 156.0 84.0 art
18135.0 27991.0 32.0 84.0 )
18212.0 27959.0 372.0 108.0 raised
18604.0 28027.0 28.0 40.0 .
18647.0 27955.0 72.0 56.0 "

18887.0 2636.0 1208.0 244.0 CATHOLICISM
20343.0 2640.0 188.0 236.0 IN
20787.0 2632.0 900.0 248.0 AMERICA.

18884.0 3164.0 396.0 132.0 Views
19331.0 3168.0 628.0 164.0 Expressed
20015.0 3172.0 164.0 160.0 By
20239.0 3172.0 188.0 124.0 the
20503.0 3172.0 284.0 128.0 Late
20891.0 3164.0 364.0 172.0 Papal
21379.0 3164.0 352.0 132.0 Able-

19564.0 3368.0 272.0 148.0 gate
19935.0 3368.0 116.0 112.0 to
20108.0 3352.0 280.0 128.0 This
20491.0 3352.0 552.0 148.0 Country.

18887.0 3720.0 476.0 108.0 SOME
19499.0 3716.0 1120.0 116.0 INTERESTING
20775.0 3716.0 884.0 116.0 SUBJECTS
21672.0 3784.0 32.0 48.0 ,

18884.0 4128.0 272.0 96.0 Thn
19212.0 4124.0 900.0 116.0 Advisability
20168.0 4132.0 160.0 92.0 of
20379.0 4152.0 76.0 72.0 n
20520.0 4124.0 412.0 124.0 t'npal
21000.0 4120.0 516.0 104.0 Nuncio
21571.0 4128.0 148.0 96.0 to

18996.0 4292.0 316.0 100.0 Tills
19356.0 4296.0 592.0 116.0 Country
20008.0 4292.0 716.0 100.0 Discussed
20876.0 4292.0 716.0 100.0 Illmnnrclc

19128.0 4460.0 412.0 96.0 lialns
19639.0 4464.0 608.0 96.0 Another
20379.0 4456.0 1108.0 124.0 I'lU-llnmonlary

19396.0 4623.0 548.0 120.0 Victory
20091.0 4628.0 584.0 112.0 1'oruluu
20780.0 4632.0 412.0 96.0 NOWM.

19195.0 4984.0 628.0 96.0 Cnthollu
19880.0 4988.0 48.0 84.0 (
19928.0 4988.0 676.0 112.0 JticHflons
20663.0 4984.0 760.0 100.0 Discussed.

19028.0 5128.0 28.0 104.0 [
19076.0 5120.0 552.0 108.0 Copt/tti/M
19671.0 5124.0 396.0 104.0 ISlm
20103.0 5120.0 336.0 92.0 Jitinci
20520.0 5124.0 40.0 88.0 (
20556.0 5120.0 372.0 96.0 Ionian
21000.0 5116.0 504.0 108.0 /Jcmi'tf.l

19004.0 5248.0 352.0 108.0 KOVIK
19368.0 5324.0 24.0 40.0 ,
19547.0 5248.0 380.0 104.0 Much
20035.0 5260.0 92.0 96.0 it.
20275.0 5244.0 332.0 124.0 fNnw
20755.0 5244.0 308.0 112.0 York
21243.0 5244.0 420.0 112.0 Herald
21675.0 5292.0 56.0 44.0 *

18875.0 5392.0 336.0 108.0 Cable
19339.0 5388.0 436.0 128.0 Special
19911.0 5400.0 108.0 96.0 to
20151.0 5392.0 184.0 104.0 the
20491.0 5392.0 260.0 104.0 Bin
20775.0 5400.0 20.0 112.0 |
20952.0 5388.0 40.0 104.0 I
21107.0 5388.0 280.0 108.0 have
21536.0 5420.0 176.0 80.0 as-

18872.0 5564.0 164.0 80.0 cei
19067.0 5536.0 380.0 104.0 tallied
19499.0 5536.0 236.0 104.0 that
19787.0 5532.0 112.0 104.0 In
19952.0 5532.0 520.0 108.0 addition
20547.0 5540.0 112.0 96.0 to
20712.0 5536.0 184.0 100.0 the
20952.0 5532.0 500.0 108.0 reunrks
21536.0 5560.0 160.0 80.0 on

18875.0 5684.0 188.0 100.0 the
19120.0 5675.0 488.0 120.0 Knights
19656.0 5680.0 120.0 100.0 of
19836.0 5668.0 364.0 116.0 Labor
20284.0 5675.0 456.0 124.0 ulicady
20828.0 5675.0 392.0 108.0 cabled
21316.0 5692.0 112.0 88.0 to
21520.0 5675.0 196.0 108.0 the

18880.0 5824.0 216.0 104.0 Br.i
19115.0 5848.0 24.0 80.0 :
19188.0 5820.0 188.0 104.0 the
19424.0 5836.0 356.0 92.0 secret
19824.0 5828.0 372.0 120.0 report
20248.0 5820.0 124.0 104.0 of
20408.0 5820.0 280.0 124.0 Mgr.
20751.0 5816.0 584.0 108.0 Stranlero
21388.0 5820.0 344.0 112.0 whllo

18875.0 5964.0 332.0 128.0 papal
19307.0 5964.0 508.0 120.0 nblcgnto
19920.0 5964.0 120.0 100.0 in
20132.0 5964.0 192.0 104.0 the
20440.0 5960.0 444.0 108.0 United
20971.0 5964.0 384.0 104.0 States
21367.0 6036.0 24.0 48.0 ,
21488.0 5988.0 236.0 80.0 cm-

18875.0 6108.0 380.0 104.0 braces
19304.0 6136.0 60.0 76.0 a
19416.0 6104.0 472.0 108.0 number
19952.0 6108.0 124.0 100.0 of
20183.0 6104.0 500.0 124.0 subjects
20799.0 6108.0 688.0 120.0 lutciesting
21575.0 6112.0 132.0 100.0 to

18875.0 6248.0 188.0 108.0 thu
19108.0 6248.0 508.0 108.0 Catholic
19656.0 6248.0 416.0 108.0 chuicli
20188.0 6248.0 116.0 104.0 In
20355.0 6243.0 576.0 108.0 America.
21071.0 6252.0 460.0 120.0 Among
21619.0 6276.0 76.0 80.0 a

18875.0 6420.0 308.0 80.0 score
19292.0 6396.0 120.0 100.0 of
19516.0 6396.0 320.0 100.0 other
19948.0 6388.0 380.0 128.0 points
20420.0 6392.0 188.0 104.0 the
20656.0 6388.0 744.0 116.0 monslgnrur
21488.0 6396.0 216.0 100.0 has

18880.0 6532.0 420.0 104.0 troitod
19404.0 6532.0 188.0 104.0 the
19700.0 6528.0 584.0 128.0 questions
20387.0 6536.0 124.0 96.0 of
20620.0 6532.0 376.0 104.0 mixed
21088.0 6532.0 556.0 124.0 marriage
21651.0 6604.0 32.0 48.0 ,

18880.0 6676.0 412.0 108.0 church
19339.0 6672.0 224.0 108.0 and
19615.0 6684.0 288.0 92.0 stile
19911.0 6748.0 24.0 32.0 ,
20052.0 6676.0 188.0 100.0 thu
20331.0 6668.0 512.0 108.0 Catholic
20955.0 6668.0 544.0 128.0 hlcrachy
21595.0 6672.0 128.0 108.0 In

18880.0 6816.0 520.0 104.0 Amcilca
19411.0 6888.0 24.0 44.0 ,
19532.0 6811.0 512.0 108.0 Catholic
20159.0 6807.0 676.0 128.0 jouinallsm
20971.0 6807.0 232.0 104.0 and
21328.0 6816.0 356.0 100.0 Amer-

18887.0 6960.0 252.0 104.0 ican
19195.0 6952.0 512.0 108.0 nuncios.
19843.0 6956.0 280.0 120.0 Mgr.
20183.0 6948.0 588.0 108.0 Stinnleio
20855.0 6948.0 584.0 128.0 evidently
21495.0 6956.0 228.0 104.0 had

18884.0 7096.0 180.0 108.0 his
19168.0 7124.0 264.0 100.0 eyes
19544.0 7120.0 292.0 100.0 opjn
19955.0 7092.0 332.0 108.0 wnllo
20379.0 7092.0 564.0 120.0 traveling
20996.0 7092.0 484.0 120.0 through
21532.0 7092.0 196.0 108.0 the

18887.0 7240.0 432.0 108.0 United
19428.0 7240.0 408.0 104.0 States.
20015.0 7240.0 208.0 104.0 His
20336.0 7236.0 356.0 104.0 views
20775.0 7264.0 148.0 76.0 on
21039.0 7240.0 192.0 100.0 the
21364.0 7236.0 372.0 108.0 whole

18884.0 7412.0 188.0 80.0 are
19159.0 7412.0 268.0 96.0 very
19520.0 7379.0 576.0 132.0 linpaitlal
20188.0 7379.0 224.0 104.0 nnd
20472.0 7404.0 264.0 104.0 very
20784.0 7384.0 236.0 100.0 free
21115.0 7388.0 292.0 96.0 from
21483.0 7375.0 256.0 108.0 that

18887.0 7528.0 576.0 128.0 piejudlce
19552.0 7528.0 360.0 108.0 which
20011.0 7524.0 476.0 128.0 perhaps
20580.0 7524.0 200.0 104.0 has
20891.0 7524.0 280.0 104.0 been
21267.0 7520.0 460.0 112.0 natural

18884.0 7672.0 448.0 124.0 enough
19404.0 7672.0 116.0 104.0 In
19596.0 7696.0 144.0 80.0 an
19836.0 7668.0 416.0 108.0 Italian
20348.0 7664.0 688.0 112.0 ecclesiastic
21124.0 7664.0 400.0 128.0 seeing
21588.0 7688.0 136.0 84.0 so

18887.0 7820.0 528.0 100.0 novand
19504.0 7844.0 128.0 76.0 so
19715.0 7816.0 396.0 120.0 strong
20156.0 7840.0 68.0 76.0 a
20263.0 7828.0 520.0 108.0 country.
20928.0 7808.0 320.0 104.0 Hols
21316.0 7808.0 208.0 104.0 lull
21595.0 7812.0 136.0 100.0 oC

18936.0 7956.0 676.0 108.0 admiration
19707.0 7964.0 152.0 96.0 foi
19931.0 7960.0 188.0 100.0 the
20212.0 7956.0 500.0 104.0 freedom
20760.0 7952.0 124.0 104.0 of
20928.0 7952.0 604.0 108.0 American
21600.0 7952.0 132.0 108.0 In

18884.0 8100.0 524.0 108.0 stltutlon
19504.0 8100.0 228.0 104.0 nnd
19819.0 8100.0 192.0 104.0 the
20088.0 8096.0 496.0 108.0 tolriant
20668.0 8096.0 332.0 124.0 splilt
21071.0 8092.0 368.0 112.0 which
21512.0 8092.0 208.0 108.0 has

18884.0 8244.0 600.0 124.0 permitted
19532.0 8244.0 224.0 104.0 nnd
19804.0 8267.0 288.0 84.0 oven
20144.0 8236.0 704.0 124.0 encouraged
20923.0 8240.0 188.0 100.0 the
21180.0 8236.0 472.0 108.0 wonder-

18887.0 8388.0 168.0 104.0 ful
19159.0 8392.0 752.0 116.0 government
19996.0 8388.0 128.0 100.0 of
20207.0 8384.0 616.0 104.0 American
20920.0 8380.0 792.0 108.0 Catholicism.

18887.0 8528.0 288.0 104.0 This
19300.0 8528.0 456.0 128.0 Inquiry
19855.0 8528.0 244.0 104.0 into

19123.0 8696.0 260.0 80.0 TIIH
19431.0 8692.0 612.0 104.0 QUESTION
20091.0 8692.0 160.0 84.0 OK
20292.0 8688.0 412.0 88.0 JIIXKD
20755.0 8684.0 752.0 88.0 MAIIIU.VUES

18900.0 8812.0 316.0 108.0 leads
19268.0 8816.0 236.0 100.0 him
19552.0 8828.0 112.0 88.0 to
19715.0 8812.0 184.0 104.0 the
19948.0 8812.0 664.0 108.0 conclusion
20663.0 8808.0 244.0 108.0 that
20983.0 8812.0 264.0 120.0 they
21299.0 8831.0 188.0 84.0 arc
21491.0 8884.0 28.0 44.0 ,
21571.0 8831.0 160.0 84.0 on

18895.0 8956.0 188.0 104.0 the
19135.0 8956.0 360.0 104.0 whole
19499.0 9032.0 24.0 44.0 ,
19584.0 8952.0 576.0 108.0 favorable
20207.0 8960.0 112.0 96.0 to
20367.0 8952.0 188.0 108.0 the
20600.0 8952.0 404.0 124.0 spicad
21051.0 8952.0 124.0 100.0 of
21228.0 8948.0 448.0 112.0 Catholi

18895.0 9108.0 308.0 96.0 cism.
19339.0 9100.0 176.0 100.0 Ho
19627.0 9096.0 576.0 104.0 mentions
20307.0 9096.0 240.0 104.0 that
20648.0 9096.0 704.0 104.0 Protestants
21360.0 9167.0 28.0 48.0 ,
21464.0 9120.0 120.0 80.0 as
21655.0 9120.0 76.0 80.0 a

18900.0 9239.0 240.0 104.0 rule
19144.0 9316.0 28.0 44.0 ,
19224.0 9264.0 300.0 80.0 scum
19579.0 9252.0 112.0 92.0 to
19760.0 9235.0 396.0 112.0 rccard
20251.0 9235.0 532.0 104.0 alliances
20835.0 9235.0 272.0 104.0 with
21160.0 9232.0 572.0 112.0 Catholics
21716.0 9252.0 24.0 88.0 ]

18895.0 9407.0 128.0 80.0 as
19103.0 9411.0 68.0 72.0 a
19256.0 9407.0 316.0 76.0 come
19659.0 9380.0 332.0 104.0 down
20011.0 9452.0 24.0 56.0 ,
20091.0 9380.0 188.0 104.0 the
20372.0 9384.0 232.0 104.0 fact
20688.0 9380.0 340.0 116.0 bolug
21115.0 9376.0 376.0 124.0 paitly
21539.0 9403.0 140.0 80.0 ex-

18904.0 9524.0 564.0 124.0 plainable
19511.0 9524.0 144.0 112.0 bv
19703.0 9524.0 188.0 104.0 the
19935.0 9532.0 468.0 116.0 poverty
20447.0 9524.0 124.0 100.0 of
20659.0 9524.0 188.0 100.0 the
20899.0 9532.0 248.0 96.0 vast
21187.0 9520.0 544.0 128.0 majority

18900.0 9672.0 124.0 96.0 of
19152.0 9664.0 608.0 108.0 American
19896.0 9664.0 596.0 104.0 Catholics.
20683.0 9664.0 244.0 104.0 The
21051.0 9660.0 672.0 128.0 expression

18904.0 9811.0 124.0 100.0 of
19084.0 9840.0 68.0 72.0 a
19191.0 9807.0 308.0 108.0 "freo
19544.0 9807.0 416.0 104.0 church
20011.0 9807.0 112.0 104.0 In
20224.0 9836.0 64.0 72.0 a
20355.0 9807.0 236.0 100.0 free
20700.0 9811.0 288.0 100.0 state
20996.0 9880.0 28.0 48.0 ,
21039.0 9803.0 64.0 56.0 "
21224.0 9811.0 136.0 96.0 ho
21471.0 9824.0 272.0 104.0 saya

18916.0 9979.0 392.0 76.0 means
19351.0 9952.0 176.0 104.0 far
19579.0 9979.0 296.0 76.0 more
19948.0 9948.0 120.0 104.0 In
20176.0 9948.0 192.0 104.0 the
20476.0 9944.0 444.0 108.0 United
20979.0 9948.0 388.0 104.0 States
21447.0 9924.0 304.0 128.0 than1

18904.0 10124.0 308.0 76.0 some
19259.0 10096.0 604.0 124.0 Kuiopcan
19916.0 10092.0 604.0 108.0 countiles.
20675.0 10092.0 444.0 104.0 Church
21175.0 10092.0 220.0 104.0 and
21456.0 10092.0 304.0 108.0 state

18904.0 10264.0 188.0 80.0 nro
19156.0 10236.0 624.0 124.0 absolutely
19851.0 10232.0 788.0 128.0 Independent
20743.0 10236.0 128.0 100.0 of
20983.0 10236.0 276.0 100.0 each
21384.0 10232.0 364.0 112.0 other.

18900.0 10379.0 524.0 108.0 America
19467.0 10379.0 320.0 128.0 gives
19880.0 10408.0 64.0 76.0 a
20032.0 10375.0 500.0 124.0 striking
20639.0 10379.0 332.0 120.0 proof
21080.0 10379.0 112.0 96.0 ol
21308.0 10379.0 256.0 100.0 how
21672.0 10400.0 76.0 84.0 a

18900.0 10524.0 412.0 108.0 church
19360.0 10552.0 204.0 76.0 can
19624.0 10524.0 220.0 104.0 llvo
19892.0 10520.0 228.0 104.0 and
20176.0 10520.0 452.0 104.0 flourish
20700.0 10520.0 480.0 104.0 without
21231.0 10520.0 188.0 100.0 tlio
21464.0 10543.0 216.0 100.0 sup-

18904.0 10680.0 248.0 108.0 port
19183.0 10668.0 120.0 100.0 of
19343.0 10668.0 756.0 116.0 government
20171.0 10660.0 592.0 108.0 subsidies.
20908.0 10660.0 140.0 104.0 In
21119.0 10691.0 64.0 72.0 a
21263.0 10664.0 472.0 124.0 cliaptoc

18907.0 10808.0 476.0 108.0 devoted
19436.0 10828.0 116.0 84.0 to

19416.0 10828.0 208.0 224.0 tomi

19416.0 10976.0 208.0 76.0 mi
19632.0 10976.0 32.0 80.0 :
19727.0 10972.0 680.0 84.0 AMKitirAN
20479.0 10972.0 760.0 84.0 inniiAiiciir
21248.0 11019.0 24.0 52.0 ,

18907.0 11096.0 140.0 104.0 he
19091.0 11096.0 408.0 124.0 speaks
19552.0 11092.0 108.0 104.0 in
19760.0 11092.0 500.0 120.0 glowing
20348.0 11099.0 344.0 96.0 terms
20799.0 11096.0 124.0 96.0 of
21032.0 11096.0 192.0 96.0 the
21296.0 11088.0 360.0 108.0 virtue
21668.0 11111.0 60.0 84.0 *

18907.0 11240.0 228.0 100.0 and
19180.0 11240.0 416.0 100.0 talents
19632.0 11240.0 124.0 96.0 of
19812.0 11259.0 340.0 100.0 many
20195.0 11232.0 124.0 104.0 of
20364.0 11240.0 188.0 96.0 tlio
20595.0 11232.0 736.0 124.0 aichbtshops
21343.0 11304.0 24.0 48.0 ,
21423.0 11228.0 252.0 108.0 bish-

18912.0 11404.0 204.0 100.0 ops
19215.0 11380.0 228.0 100.0 and
19559.0 11376.0 484.0 124.0 piclatcs
20151.0 11376.0 140.0 100.0 ho
20399.0 11380.0 256.0 96.0 met.
20799.0 11376.0 316.0 100.0 Inter
21195.0 11372.0 276.0 100.0 alias
21479.0 11448.0 28.0 44.0 ,
21604.0 11372.0 152.0 108.0 ho
21740.0 11484.0 24.0 28.0 ,

18912.0 11528.0 412.0 116.0 speaks
19375.0 11519.0 120.0 100.0 of
19544.0 11524.0 188.0 100.0 the
19787.0 11515.0 624.0 104.0 Illustrious
20455.0 11515.0 276.0 120.0 Mgr.
20780.0 11511.0 324.0 124.0 Hynn
21144.0 11515.0 228.0 100.0 nnd
21411.0 11515.0 120.0 100.0 ot
21575.0 11511.0 188.0 108.0 his

18916.0 11663.0 412.0 120.0 golden
19411.0 11660.0 612.0 128.0 eloquence
20052.0 11683.0 28.0 100.0 ;
20132.0 11663.0 124.0 96.0 of
20299.0 11660.0 720.0 124.0 ArchbKhop
21136.0 11656.0 560.0 104.0 Williams
21707.0 11728.0 32.0 56.0 ,

18919.0 11808.0 184.0 100.0 the
19156.0 11812.0 272.0 96.0 wise
19508.0 11804.0 228.0 104.0 unit
19792.0 11808.0 488.0 120.0 piudent
20311.0 11827.0 28.0 96.0 ;
20387.0 11808.0 120.0 96.0 of
20576.0 11800.0 536.0 108.0 Cardinal
21207.0 11800.0 504.0 104.0 ClUbons
21719.0 11872.0 32.0 56.0 ,

18924.0 11944.0 248.0 112.0 who
19224.0 11948.0 200.0 104.0 has
19491.0 11976.0 124.0 72.0 so
19668.0 11948.0 304.0 124.0 largo
20011.0 11976.0 64.0 72.0 a
20159.0 11948.0 328.0 100.0 ihuro
20591.0 11948.0 124.0 96.0 of
20823.0 11944.0 188.0 104.0 the
21119.0 11944.0 572.0 120.0 piudouce
21695.0 12016.0 32.0 52.0 ,

18916.0 12092.0 232.0 104.0 zeal
19200.0 12092.0 224.0 104.0 and
19511.0 12100.0 516.0 96.0 courtesy
20096.0 12087.0 532.0 104.0 essential
20739.0 12092.0 116.0 96.0 to
20964.0 12087.0 188.0 100.0 the
21260.0 12096.0 472.0 96.0 modern

18919.0 12239.0 380.0 120.0 pastor
19324.0 12260.0 24.0 100.0 ;
19399.0 12235.0 124.0 96.0 of
19567.0 12231.0 708.0 124.0 Archbishop
20375.0 12228.0 436.0 104.0 Feehan
20828.0 12304.0 24.0 48.0 ,
20955.0 12228.0 248.0 104.0 who
21212.0 12304.0 24.0 44.0 ,
21343.0 12231.0 136.0 100.0 ho
21588.0 12256.0 116.0 76.0 re-

18919.0 12376.0 376.0 104.0 marks
19304.0 12452.0 24.0 48.0 ,
19380.0 12376.0 372.0 100.0 boasts
19800.0 12376.0 124.0 100.0 of
19967.0 12403.0 64.0 76.0 n
20079.0 12376.0 364.0 104.0 richer
20488.0 12372.0 228.0 104.0 and
20772.0 12372.0 684.0 104.0 handsomer
21491.0 12376.0 212.0 100.0 iesl

18916.0 12520.0 360.0 104.0 deuce
19331.0 12520.0 272.0 100.0 than
19659.0 12544.0 280.0 76.0 even
20047.0 12516.0 532.0 104.0 Cardinal
20675.0 12516.0 500.0 100.0 Gibbons
21207.0 12540.0 28.0 84.0 ;
21284.0 12516.0 124.0 100.0 of
21456.0 12540.0 248.0 80.0 reso-

18928.0 12664.0 252.0 100.0 lute
19236.0 12660.0 424.0 124.0 Hlaluip
19736.0 12660.0 464.0 104.0 Ireland
20231.0 12688.0 28.0 92.0 ;
20367.0 12664.0 120.0 96.0 ot
20595.0 12660.0 280.0 112.0 Mgr.
20967.0 12655.0 476.0 128.0 Kcnyck
21452.0 12727.0 24.0 56.0 ,
21575.0 12655.0 200.0 108.0 tha

18919.0 12807.0 568.0 124.0 patriarch
19559.0 12807.0 120.0 100.0 of
19792.0 12803.0 188.0 100.0 the
20076.0 12799.0 668.0 124.0 episcopacy
20743.0 12872.0 28.0 48.0 ,
20867.0 12799.0 228.0 104.0 nnd
21163.0 12799.0 120.0 100.0 of
21335.0 12795.0 172.0 104.0 his
21556.0 12824.0 216.0 100.0 ox-y

18931.0 12948.0 500.0 124.0 emplary
19472.0 12944.0 308.0 124.0 piety
19816.0 12948.0 236.0 100.0 nml
20096.0 12944.0 576.0 104.0 Inflexible
20704.0 12944.0 576.0 108.0 character
21279.0 13016.0 28.0 44.0 ,
21360.0 12936.0 416.0 120.0 nndot

18931.0 13092.0 288.0 116.0 ilgr.
19271.0 13088.0 588.0 124.0 Salpointe
19872.0 13164.0 24.0 48.0 ,
19948.0 13092.0 124.0 96.0 of
20120.0 13088.0 356.0 104.0 Santa
20527.0 13084.0 188.0 108.0 Fe.

19227.0 13232.0 688.0 104.0 AMERICA'S
19988.0 13252.0 464.0 84.0 ruruni
20464.0 13252.0 32.0 80.0 :
20568.0 13252.0 888.0 84.0 CATHOLICISM.

19040.0 13379.0 136.0 100.0 In
19288.0 13375.0 188.0 104.0 the
19584.0 13379.0 216.0 100.0 last
19899.0 13375.0 464.0 120.0 chapter
20464.0 13371.0 124.0 100.0 of
20695.0 13371.0 180.0 104.0 his
20964.0 13379.0 376.0 116.0 icpoit
21447.0 13371.0 296.0 128.0 Mgr.
21736.0 13363.0 32.0 48.0 '

18919.0 13520.0 584.0 108.0 Str.uiiero
19547.0 13520.0 324.0 104.0 takes
19920.0 13547.0 64.0 72.0 n
20028.0 13516.0 564.0 116.0 sanguine
20639.0 13516.0 288.0 104.0 view
20976.0 13516.0 124.0 100.0 of
21144.0 13516.0 188.0 100.0 tlio
21372.0 13520.0 396.0 100.0 futuia

18924.0 13668.0 124.0 96.0 of
19088.0 13664.0 608.0 104.0 Ameilcan
19748.0 13660.0 732.0 104.0 Cathollcslm
20520.0 13660.0 232.0 104.0 and
20796.0 13656.0 400.0 108.0 thinks
21279.0 13656.0 84.0 104.0 It
21415.0 13684.0 284.0 100.0 pecu-

18928.0 13804.0 328.0 124.0 liarly
19288.0 13804.0 228.0 104.0 nnd
19564.0 13800.0 624.0 124.0 admirably
20239.0 13800.0 372.0 104.0 suited
20659.0 13804.0 112.0 96.0 to
20848.0 13800.0 192.0 104.0 the
21124.0 13800.0 636.0 108.0 American

18928.0 13943.0 304.0 108.0 Ideal
19268.0 13943.0 368.0 104.0 which
19647.0 14015.0 28.0 52.0 ,
19724.0 13943.0 272.0 104.0 both
20040.0 13943.0 120.0 104.0 In
20212.0 13947.0 472.0 104.0 matters
20724.0 13939.0 276.0 108.0 civil
21083.0 13943.0 240.0 100.0 and
21403.0 13939.0 376.0 108.0 ccclcJ

18931.0 14088.0 488.0 100.0 siastical
19436.0 14160.0 24.0 44.0 ,
19520.0 14088.0 92.0 100.0 Is
19656.0 14084.0 492.0 128.0 positive
20195.0 14088.0 232.0 100.0 and
20476.0 14084.0 428.0 104.0 sorlous
20916.0 14156.0 24.0 56.0 ,
20991.0 14080.0 228.0 104.0 and
21311.0 14091.0 204.0 96.0 not
21563.0 14107.0 160.0 80.0 un
21752.0 14103.0 56.0 84.0 <-

18940.0 14228.0 448.0 124.0 willing
19431.0 14232.0 116.0 100.0 to
19591.0 14228.0 228.0 104.0 icst
19872.0 14251.0 144.0 80.0 on
20091.0 14224.0 620.0 128.0 authority.
21764.0 14259.0 24.0 120.0 j

19052.0 14372.0 140.0 100.0 In
19239.0 14400.0 68.0 76.0 a
19351.0 14368.0 624.0 128.0 paiagraph
20028.0 14396.0 144.0 76.0 on
20219.0 14368.0 680.0 124.0 journalism
20911.0 14444.0 24.0 48.0 ,
20996.0 14368.0 296.0 104.0 after
21376.0 14368.0 400.0 108.0 rather

18931.0 14511.0 496.0 120.0 severely
19491.0 14507.0 640.0 124.0 beginning
20176.0 14511.0 140.0 112.0 by
20364.0 14507.0 188.0 104.0 the
20600.0 14507.0 452.0 104.0 remark
21124.0 14507.0 244.0 108.0 that
21452.0 14492.0 344.0 144.0 jourV

18931.0 14656.0 412.0 100.0 nallsm
19396.0 14656.0 240.0 100.0 that
19680.0 14652.0 92.0 104.0 is
19819.0 14652.0 596.0 124.0 dognastlc
20459.0 14652.0 232.0 104.0 and
20772.0 14648.0 680.0 128.0 journalism
21512.0 14616.0 288.0 144.0 that1

18936.0 14796.0 92.0 104.0 Is
19076.0 14796.0 500.0 124.0 partisan
19627.0 14792.0 468.0 128.0 belongs
20147.0 14800.0 112.0 96.0 to
20304.0 14796.0 192.0 100.0 the
20576.0 14796.0 468.0 120.0 plninics
21092.0 14796.0 120.0 96.0 of
21260.0 14796.0 184.0 100.0 the
21495.0 14755.0 284.0 160.0 age/
21719.0 14755.0 60.0 160.0 /

18940.0 14944.0 140.0 100.0 he
19188.0 14936.0 280.0 108.0 adds
19559.0 14936.0 88.0 104.0 It
19756.0 14936.0 380.0 108.0 would
20244.0 14936.0 132.0 104.0 bo
20472.0 14940.0 376.0 100.0 useful
20935.0 14936.0 88.0 100.0 If
21071.0 14936.0 700.0 128.0 journalism

18936.0 15079.0 436.0 104.0 limited
19487.0 15079.0 144.0 104.0 Its
19720.0 15079.0 480.0 104.0 mission
20292.0 15079.0 116.0 104.0 to
20496.0 15075.0 500.0 128.0 keeping
21107.0 15079.0 144.0 104.0 Its
21320.0 15079.0 396.0 108.0 reader
21716.0 15100.0 72.0 88.0 !

18936.0 15223.0 392.0 120.0 posted
19372.0 15227.0 224.0 120.0 day
19639.0 15223.0 144.0 124.0 by
19831.0 15223.0 220.0 124.0 day
20100.0 15220.0 340.0 104.0 about
20484.0 15223.0 152.0 100.0 all
20688.0 15223.0 244.0 100.0 that
20983.0 15247.0 228.0 80.0 was
21260.0 15227.0 452.0 120.0 happen-

18940.0 15372.0 196.0 116.0 ing
19188.0 15368.0 112.0 104.0 In
19351.0 15372.0 188.0 100.0 the
19591.0 15368.0 344.0 104.0 world
19948.0 15440.0 24.0 52.0 ,
20032.0 15364.0 196.0 104.0 but
20280.0 15364.0 236.0 108.0 that
20556.0 15340.0 1268.0 148.0 Itbocome-iailango/

18940.0 15516.0 328.0 100.0 when
19380.0 15516.0 84.0 96.0 It
19572.0 15508.0 328.0 104.0 seeks
20008.0 15508.0 140.0 120.0 by
20260.0 15508.0 568.0 104.0 virulence
20876.0 15508.0 228.0 104.0 and
21156.0 15508.0 600.0 124.0 polemical
21779.0 15467.0 48.0 196.0 j

18940.0 15680.0 512.0 100.0 pressure
19559.0 15655.0 116.0 100.0 to
19795.0 15659.0 304.0 96.0 force
20207.0 15651.0 144.0 104.0 Its
20464.0 15647.0 540.0 128.0 opinions
21131.0 15659.0 336.0 100.0 down
21583.0 15651.0 204.0 112.0 the
21772.0 15752.0 24.0 28.0 ,

18948.0 15799.0 600.0 104.0 tluoatsof
19591.0 15795.0 188.0 104.0 the
19831.0 15795.0 424.0 124.0 public.
21787.0 15795.0 48.0 120.0 \

19600.0 15959.0 188.0 84.0 AN
19848.0 15955.0 688.0 88.0 AMEIHCAN
20603.0 15959.0 520.0 84.0 NUNCIO.
21772.0 15940.0 40.0 36.0 *
21832.0 15959.0 24.0 48.0 '

19060.0 16084.0 784.0 108.0 FlnallvMjr.
19940.0 16080.0 580.0 104.0 Stranlero
20612.0 16108.0 272.0 96.0 very
20928.0 16080.0 536.0 120.0 candidly
21515.0 16080.0 212.0 108.0 sub
21723.0 16108.0 60.0 60.0 *

18948.0 16227.0 388.0 104.0 milled
19387.0 16232.0 116.0 96.0 to
19552.0 16227.0 188.0 104.0 the
19828.0 16223.0 264.0 124.0 holy
20180.0 16223.0 372.0 104.0 father
20639.0 16223.0 176.0 104.0 his
20908.0 16223.0 352.0 108.0 views
21347.0 16252.0 144.0 80.0 on
21568.0 16227.0 196.0 104.0 the

18943.0 16371.0 328.0 104.0 much
19316.0 16367.0 480.0 108.0 debated
19840.0 16367.0 524.0 124.0 question
20420.0 16392.0 120.0 80.0 as
20591.0 16375.0 112.0 92.0 to
20772.0 16367.0 188.0 104.0 the
21059.0 16367.0 372.0 124.0 policy
21520.0 16363.0 240.0 112.0 and
21764.0 16367.0 32.0 56.0 *

18943.0 16512.0 640.0 124.0 possibility
19744.0 16519.0 120.0 92.0 of
20032.0 16512.0 684.0 124.0 appointing
20899.0 16539.0 68.0 72.0 a
21092.0 16512.0 428.0 104.0 nuncio
21643.0 16512.0 132.0 104.0 to

18943.0 16656.0 556.0 104.0 Ameilca.
19632.0 16652.0 304.0 108.0 Hero
20040.0 16656.0 60.0 100.0 I
20207.0 16679.0 176.0 76.0 am
20496.0 16656.0 248.0 100.0 able
20831.0 16656.0 116.0 104.0 to
21035.0 16656.0 344.0 124.0 quote
21447.0 16679.0 316.0 80.0 mora

18943.0 16800.0 324.0 120.0 fully.
19407.0 16800.0 272.0 120.0 Mgr.
19736.0 16800.0 588.0 104.0 Stranlero
20375.0 16795.0 396.0 124.0 begins
20784.0 16871.0 20.0 44.0 ,
20908.0 16800.0 124.0 96.0 of
21119.0 16824.0 392.0 80.0 course
21527.0 16871.0 24.0 48.0 ,
21627.0 16795.0 156.0 124.0 by

18948.0 16943.0 584.0 128.0 repeating
19615.0 16943.0 188.0 104.0 the
19892.0 16943.0 504.0 104.0 familiar
20479.0 16943.0 604.0 120.0 nrgumont
21163.0 16951.0 340.0 92.0 about
21568.0 16939.0 208.0 108.0 tlio

18952.0 17087.0 892.0 108.0 Inconvenience
19887.0 17087.0 232.0 104.0 and
20183.0 17087.0 552.0 100.0 slowness
20823.0 17087.0 124.0 96.0 of
21032.0 17084.0 508.0 124.0 existing
21588.0 17107.0 140.0 84.0 ro-

18952.0 17232.0 420.0 104.0 tations
19419.0 17236.0 500.0 100.0 between
19984.0 17228.0 348.0 104.0 Homo
20367.0 17228.0 228.0 104.0 aud
20639.0 17228.0 556.0 104.0 America.
21279.0 17228.0 500.0 108.0 "Would

18955.0 17380.0 92.0 100.0 it
19091.0 17388.0 200.0 92.0 not
19336.0 17376.0 132.0 100.0 bo
19516.0 17372.0 248.0 104.0 well
19775.0 17448.0 28.0 44.0 ,
19819.0 17372.0 64.0 56.0 "
19940.0 17376.0 140.0 100.0 he
20124.0 17372.0 264.0 104.0 nsks
20396.0 17448.0 24.0 48.0 ,
20488.0 17376.0 184.0 100.0 "to
20739.0 17372.0 460.0 120.0 remedy
21292.0 17372.0 148.0 104.0 all
21532.0 17372.0 240.0 104.0 this

18952.0 17523.0 148.0 120.0 by
19144.0 17515.0 744.0 120.0 establishing
19931.0 17544.0 140.0 76.0 nn
20147.0 17515.0 552.0 124.0 npostollc
20763.0 17532.0 404.0 108.0 degree
21255.0 17519.0 120.0 100.0 nt
21459.0 17540.0 320.0 80.0 some

18955.0 17663.0 328.0 124.0 point
19331.0 17663.0 112.0 100.0 In
19499.0 17663.0 188.0 100.0 tlio
19763.0 17659.0 436.0 104.0 United
20284.0 17659.0 692.0 104.0 Stttcswlth
21064.0 17655.0 212.0 104.0 full
21328.0 17679.0 452.0 104.0 powers

18963.0 17808.0 288.0 100.0 from
19300.0 17808.0 188.0 100.0 the
19535.0 17804.0 264.0 116.0 holy
19868.0 17827.0 184.0 80.0 see
20059.0 17880.0 24.0 40.0 ,
20159.0 17800.0 260.0 104.0 thus
20515.0 17800.0 504.0 124.0 forming
21103.0 17827.0 68.0 76.0 a
21260.0 17800.0 256.0 104.0 link
21604.0 17800.0 140.0 104.0 be-

18955.0 17956.0 372.0 100.0 tween
19431.0 17948.0 368.0 100.0 Homo
19875.0 17944.0 240.0 108.0 and
20216.0 17944.0 672.0 104.0 AmciIoaV
21015.0 17944.0 184.0 104.0 Ho
21284.0 17944.0 100.0 104.0 U
21468.0 17944.0 328.0 128.0 quite
21764.0 17931.0 36.0 120.0 !

19035.0 18091.0 216.0 108.0 llvo
19416.0 18100.0 112.0 92.0 to
19700.0 18091.0 192.0 100.0 the
20056.0 18087.0 648.0 104.0 dllllcultles
20867.0 18091.0 128.0 100.0 of
21163.0 18091.0 188.0 100.0 the
21476.0 18083.0 268.0 120.0 plan
21752.0 18155.0 44.0 40.0 ,

19023.0 18235.0 120.0 100.0 lo
19263.0 18235.0 496.0 104.0 foresees
19887.0 18231.0 84.0 104.0 it
20103.0 18231.0 376.0 104.0 would
20612.0 18235.0 128.0 100.0 be
20864.0 18227.0 672.0 108.0 distasteful
21663.0 18235.0 128.0 104.0 to

18975.0 18403.0 348.0 96.0 ninny
19443.0 18379.0 128.0 100.0 of
19692.0 18379.0 192.0 100.0 the
20008.0 18376.0 468.0 128.0 bishops
20600.0 18376.0 260.0 108.0 and
20983.0 18376.0 620.0 104.0 detestable
21699.0 18376.0 128.0 108.0 to
21799.0 18356.0 28.0 140.0 !

19004.0 18547.0 308.0 96.0 nany
19360.0 18520.0 712.0 104.0 Protestants
20083.0 18592.0 24.0 52.0 ,
20168.0 18520.0 192.0 104.0 but
20411.0 18532.0 324.0 92.0 much
20787.0 18520.0 516.0 124.0 hostility
21355.0 18516.0 372.0 108.0 would
21740.0 18588.0 36.0 56.0 ,

19011.0 18692.0 96.0 76.0 10
19159.0 18664.0 284.0 104.0 feels
19491.0 18692.0 260.0 76.0 sure
19756.0 18739.0 24.0 44.0 ,
19840.0 18664.0 136.0 104.0 be
20079.0 18688.0 584.0 80.0 overcome
20780.0 18664.0 92.0 104.0 If
20983.0 18672.0 188.0 92.0 the
21279.0 18664.0 524.0 104.0 deleatd

19011.0 18832.0 252.0 80.0 vero
19307.0 18811.0 116.0 96.0 to
19467.0 18807.0 340.0 116.0 bi'gln
19860.0 18803.0 180.0 104.0 his
20088.0 18803.0 256.0 104.0 task
20396.0 18803.0 720.0 124.0 moderately
21119.0 18875.0 28.0 52.0 ,
21275.0 18787.0 564.0 140.0 avoiding

19020.0 18947.0 136.0 100.0 he
19203.0 18947.0 248.0 104.0 title
19496.0 18947.0 232.0 104.0 nnd
19848.0 18971.0 344.0 96.0 pomp
20251.0 18947.0 128.0 100.0 of
20484.0 18944.0 432.0 104.0 nuncio
21024.0 18944.0 228.0 104.0 and
21320.0 18944.0 504.0 124.0 holding

18967.0 19092.0 316.0 104.0 aloof
19328.0 19096.0 288.0 96.0 from
19664.0 19067.0 664.0 148.0 diplomatic
20396.0 19100.0 460.0 96.0 matters
20864.0 19164.0 24.0 52.0 ,
20947.0 19088.0 340.0 108.0 while
21340.0 19092.0 140.0 100.0 ho
21524.0 19115.0 224.0 80.0 con
21752.0 19051.0 84.0 120.0 ?

19011.0 19232.0 268.0 104.0 ined
19328.0 19232.0 464.0 104.0 himself
19836.0 19232.0 444.0 124.0 strictly
20384.0 19236.0 120.0 100.0 to
20600.0 19232.0 800.0 104.0 ecclesiastical
21512.0 19232.0 260.0 108.0 busi

18972.0 19404.0 300.0 80.0 ness.
19411.0 19375.0 476.0 108.0 "Above
19931.0 19375.0 152.0 104.0 all
20132.0 19383.0 116.0 96.0 to
20287.0 19375.0 280.0 104.0 have
20615.0 19400.0 228.0 100.0 any
20879.0 19375.0 428.0 104.0 chance
21355.0 19379.0 124.0 100.0 of
21568.0 19400.0 260.0 84.0 sue-

18999.0 19547.0 208.0 76.0 .ess
19220.0 19595.0 24.0 48.0 ,
19259.0 19515.0 68.0 60.0 "
19380.0 19519.0 516.0 104.0 remarks
19988.0 19519.0 284.0 124.0 Mgr.
20387.0 19515.0 588.0 108.0 Stianlcro
20979.0 19595.0 28.0 48.0 ,
21124.0 19515.0 276.0 108.0 "the
21503.0 19539.0 336.0 104.0 apos-i

19023.0 19664.0 216.0 104.0 ollc
19283.0 19664.0 512.0 120.0 delegate
19904.0 19672.0 304.0 96.0 must
20256.0 19664.0 132.0 104.0 be
20476.0 19687.0 144.0 80.0 nn
20736.0 19660.0 652.0 108.0 American.
21515.0 19660.0 304.0 116.0 This

18972.0 19808.0 808.0 124.0 arrangement
19952.0 19808.0 376.0 104.0 would
20440.0 19812.0 332.0 100.0 make
20876.0 19804.0 192.0 108.0 the
21187.0 19804.0 652.0 120.0 delegation

19020.0 19951.0 384.0 124.0 norely
19448.0 19980.0 72.0 76.0 a
19564.0 19951.0 424.0 104.0 branch
20040.0 19955.0 120.0 96.0 of
20207.0 19951.0 196.0 104.0 the
20484.0 19972.0 772.0 104.0 propaganda.
21267.0 19947.0 72.0 60.0 "
21468.0 19951.0 172.0 104.0 As
21707.0 19947.0 132.0 108.0 to

19028.0 20095.0 144.0 104.0 he
19215.0 20099.0 288.0 100.0 most
19544.0 20095.0 376.0 124.0 fitting
19967.0 20095.0 316.0 124.0 place
20324.0 20091.0 120.0 108.0 In
20500.0 20091.0 372.0 108.0 which
20952.0 20099.0 116.0 96.0 to
21175.0 20091.0 336.0 108.0 make
21624.0 20095.0 208.0 104.0 tha

18975.0 20239.0 712.0 124.0 experiment
19692.0 20316.0 28.0 40.0 ,
19775.0 20243.0 140.0 100.0 he
19960.0 20239.0 540.0 104.0 hesitates
20591.0 20239.0 508.0 104.0 between
21204.0 20236.0 632.0 108.0 Baltimore

18984.0 20384.0 228.0 104.0 and
19404.0 20384.0 788.0 128.0 Philadelphia
20204.0 20456.0 24.0 52.0 ,
20392.0 20380.0 196.0 104.0 the
20688.0 20380.0 604.0 108.0 American
21415.0 20380.0 356.0 108.0 Home
21791.0 20403.0 52.0 108.0 )

18999.0 20523.0 748.0 124.0 Washington
19800.0 20527.0 232.0 104.0 and
20079.0 20523.0 284.0 108.0 New
20455.0 20523.0 352.0 108.0 Yoik.
20944.0 20523.0 340.0 104.0 After
21391.0 20523.0 456.0 128.0 welgu-

19035.0 20696.0 152.0 100.0 ng
19224.0 20671.0 188.0 100.0 the
19452.0 20696.0 268.0 104.0 pros
19768.0 20671.0 228.0 100.0 and
20040.0 20692.0 280.0 80.0 cons
20364.0 20667.0 140.0 100.0 ho
20547.0 20663.0 452.0 108.0 dealduj
21068.0 20667.0 120.0 104.0 in
21284.0 20667.0 324.0 104.0 favor
21719.0 20663.0 144.0 112.0 ot

19923.0 20792.0 28.0 32.0 '

18984.0 20811.0 284.0 108.0 New
19339.0 20811.0 340.0 104.0 1'ork.

19384.0 21028.0 888.0 100.0 BISMAHOK
20355.0 21024.0 1072.0 104.0 VICTORIOUS.

18987.0 21235.0 276.0 96.0 The
19404.0 21231.0 752.0 116.0 Reichstag
20292.0 21231.0 480.0 96.0 Passes
20908.0 21231.0 236.0 96.0 thn
21279.0 21227.0 556.0 108.0 Second

19351.0 21375.0 640.0 112.0 Heading
20052.0 21375.0 160.0 92.0 of
20287.0 21375.0 232.0 96.0 the
20591.0 21379.0 884.0 112.0 Soptcmmte.

19156.0 21512.0 584.0 112.0 Ifopurlu/if
19635.0 21512.0 28.0 88.0 /
19800.0 21516.0 212.0 88.0 1SS7
20064.0 21512.0 128.0 108.0 bu
20256.0 21512.0 340.0 92.0 James
20680.0 21516.0 180.0 88.0 Out
20887.0 21512.0 204.0 92.0 don
21156.0 21512.0 456.0 96.0 Ilinnctt.
21619.0 21512.0 40.0 112.0 ]
21859.0 21483.0 24.0 64.0 '

19115.0 21643.0 488.0 104.0 BniiLi.v
19612.0 21715.0 24.0 48.0 ,
19772.0 21639.0 392.0 108.0 Match
20284.0 21639.0 576.0 108.0 9.--Now
20527.0 21639.0 36.0 128.0 [
20996.0 21639.0 316.0 104.0 York
21408.0 21631.0 444.0 120.0 Herald

18999.0 21783.0 904.0 124.0 Cable-Special
20015.0 21791.0 116.0 96.0 to
20260.0 21783.0 188.0 104.0 the
20568.0 21783.0 292.0 112.0 BIE.
20712.0 21807.0 24.0 80.0 :
20887.0 21779.0 24.0 120.0 ]
21068.0 21783.0 404.0 104.0 Pilnco
21583.0 21783.0 288.0 108.0 BIs-4

19004.0 21936.0 384.0 100.0 marck
19428.0 21932.0 424.0 120.0 gained
19896.0 21936.0 384.0 112.0 to-day
20364.0 21928.0 188.0 104.0 his
20607.0 21936.0 504.0 116.0 greatest
21151.0 21928.0 648.0 128.0 parliamen-

19028.0 22100.0 224.0 96.0 tary
19360.0 22080.0 460.0 116.0 victory.
19948.0 22072.0 248.0 104.0 The
20307.0 22076.0 420.0 100.0 second
20835.0 22067.0 476.0 128.0 reading
21408.0 22076.0 128.0 100.0 of
21643.0 22067.0 208.0 112.0 tha

19008.0 22223.0 68.0 52.0 "
19115.0 22275.0 20.0 44.0 >
19144.0 22211.0 684.0 116.0 optennate"
19887.0 22240.0 228.0 80.0 was
20163.0 22215.0 404.0 124.0 passed
20636.0 22215.0 144.0 124.0 by
20867.0 22240.0 144.0 80.0 nn
21107.0 22215.0 748.0 104.0 overwhelm"

19028.0 22363.0 180.0 120.0 Ing
19256.0 22359.0 572.0 128.0 majority.
19960.0 22359.0 592.0 108.0 Moreover
20552.0 22435.0 28.0 44.0 ,
20663.0 22359.0 140.0 120.0 by
20896.0 22355.0 620.0 108.0 admirable
21607.0 22359.0 176.0 104.0 tac-

19011.0 22507.0 212.0 104.0 tics
19232.0 22580.0 24.0 52.0 ,
19351.0 22507.0 192.0 100.0 the
19632.0 22504.0 644.0 108.0 chancellor
20364.0 22500.0 560.0 108.0 mannzed
21015.0 22504.0 116.0 100.0 to
21219.0 22500.0 272.0 124.0 split
21575.0 22500.0 272.0 104.0 both
21832.0 22568.0 28.0 56.0 ,

19011.0 22656.0 192.0 100.0 the
19244.0 22656.0 392.0 100.0 center
19668.0 22648.0 228.0 104.0 and
19952.0 22644.0 672.0 128.0 progressist
20675.0 22644.0 456.0 124.0 parties.
21263.0 22644.0 248.0 104.0 The
21559.0 22667.0 208.0 80.0 cen-

19016.0 22795.0 164.0 104.0 ter
19227.0 22791.0 380.0 104.0 feared
19659.0 22799.0 116.0 92.0 to
19807.0 22791.0 312.0 100.0 show
20171.0 22787.0 188.0 104.0 the
20399.0 22783.0 212.0 104.0 full
20659.0 22787.0 400.0 100.0 extent
21103.0 22783.0 124.0 100.0 of
21279.0 22783.0 144.0 104.0 Its
21479.0 22783.0 320.0 104.0 weak-

19020.0 22964.0 264.0 76.0 ness
19328.0 22935.0 232.0 100.0 and
19608.0 22931.0 456.0 104.0 refused
20115.0 22935.0 112.0 96.0 to
20280.0 22931.0 252.0 100.0 vote
20576.0 22931.0 120.0 100.0 at
20768.0 22923.0 144.0 104.0 all
20928.0 22999.0 24.0 48.0 ,
21035.0 22951.0 128.0 76.0 so
21251.0 22927.0 248.0 100.0 that
21571.0 22927.0 280.0 124.0 only

19020.0 23075.0 504.0 104.0 Catholic
19635.0 23075.0 308.0 104.0 votes
20064.0 23095.0 284.0 80.0 were
20408.0 23075.0 244.0 96.0 cast
20760.0 23068.0 176.0 104.0 for
21039.0 23064.0 188.0 104.0 the
21328.0 23068.0 528.0 124.0 "soptnn-

19020.0 23224.0 304.0 100.0 nate.
19336.0 23216.0 64.0 56.0 "
19528.0 23216.0 196.0 104.0 All
19812.0 23212.0 380.0 120.0 to-day
20260.0 23216.0 316.0 100.0 there
20639.0 23224.0 204.0 88.0 has
20911.0 23208.0 280.0 104.0 been
21275.0 23216.0 320.0 120.0 great
21660.0 23232.0 148.0 84.0 ex-

19016.0 23359.0 540.0 104.0 citement
19632.0 23355.0 116.0 104.0 In
19843.0 23351.0 424.0 108.0 Berlin.
20396.0 23351.0 252.0 104.0 The
20724.0 23347.0 568.0 128.0 Clipzlgor
21379.0 23359.0 464.0 116.0 strusse.

19020.0 23503.0 120.0 104.0 In
19227.0 23499.0 312.0 104.0 front
19627.0 23499.0 124.0 100.0 of
19855.0 23495.0 192.0 104.0 the
20139.0 23491.0 560.0 120.0 reichstag
20707.0 23567.0 24.0 48.0 ,
20828.0 23515.0 232.0 80.0 was
21136.0 23515.0 128.0 80.0 so
21331.0 23491.0 536.0 116.0 ctowdod

19028.0 23651.0 244.0 96.0 that
19360.0 23643.0 92.0 100.0 It
19547.0 23663.0 232.0 80.0 was
19868.0 23639.0 412.0 104.0 almost
20387.0 23636.0 652.0 128.0 Impossible
21124.0 23639.0 116.0 100.0 to
21323.0 23647.0 328.0 96.0 enter
21731.0 23659.0 140.0 88.0 oc
22344.0 23599.0 60.0 168.0 jj

19047.0 23788.0 316.0 104.0 leave
19455.0 23784.0 192.0 104.0 the
19736.0 23780.0 548.0 124.0 building.
20416.0 23780.0 248.0 104.0 The
20748.0 23780.0 524.0 124.0 galleiles
21360.0 23780.0 224.0 108.0 and
21668.0 23780.0 204.0 112.0 tha

19028.0 23931.0 272.0 104.0 floor
19348.0 23952.0 292.0 80.0 were
19683.0 23923.0 428.0 128.0 packed
20124.0 23999.0 24.0 40.0 ,
20200.0 23923.0 232.0 104.0 and
20479.0 23952.0 124.0 76.0 so
20656.0 23923.0 452.0 104.0 Intense
21180.0 23948.0 232.0 80.0 was
21459.0 23923.0 188.0 104.0 the
21695.0 23923.0 124.0 108.0 In-

19028.0 24075.0 344.0 100.0 terest
19416.0 24095.0 412.0 96.0 among
19872.0 24075.0 192.0 100.0 the
20144.0 24067.0 520.0 116.0 deputies
20755.0 24063.0 244.0 108.0 that
21088.0 24091.0 348.0 96.0 many
21524.0 24063.0 340.0 108.0 stood
22391.0 24091.0 28.0 52.0 >

19032.0 24215.0 688.0 124.0 throughout
19763.0 24215.0 192.0 104.0 the
19999.0 24235.0 436.0 80.0 session
20535.0 24207.0 116.0 108.0 In
20743.0 24207.0 340.0 104.0 order
21124.0 24215.0 112.0 96.0 to
21287.0 24207.0 132.0 104.0 bo
21468.0 24231.0 412.0 88.0 nearer

19032.0 24360.0 192.0 104.0 the
19324.0 24360.0 584.0 120.0 speakers.
20120.0 24352.0 304.0 108.0 With
20535.0 24375.0 336.0 96.0 eager
20976.0 24352.0 572.0 104.0 attention
21663.0 24352.0 204.0 108.0 tha

19032.0 24503.0 352.0 104.0 house
19436.0 24495.0 504.0 108.0 watched
20003.0 24495.0 192.0 104.0 the
20280.0 24491.0 800.0 108.0 conversation
21183.0 24495.0 40.0 136.0 (
21231.0 24491.0 656.0 116.0 conducted

19032.0 24643.0 120.0 108.0 In
19208.0 24643.0 540.0 124.0 whispers
19756.0 24647.0 40.0 120.0 )
19860.0 24643.0 472.0 100.0 betheen
20435.0 24635.0 292.0 104.0 Herr
20828.0 24631.0 716.0 112.0 Wlndthorst
21631.0 24635.0 248.0 116.0 and1

19040.0 24783.0 456.0 108.0 Hlchter
19496.0 24859.0 28.0 48.0 ,
19576.0 24783.0 192.0 104.0 the
19819.0 24783.0 392.0 104.0 leader.
20212.0 24807.0 40.0 76.0 }
20263.0 24855.0 20.0 48.0 ,
20331.0 24779.0 740.0 128.0 respectively
21080.0 24852.0 28.0 48.0 ,
21156.0 24783.0 124.0 96.0 of
21331.0 24779.0 184.0 104.0 tliu
21547.0 24775.0 296.0 112.0 Cath-

19035.0 24928.0 276.0 108.0 olics
19399.0 24928.0 224.0 104.0 and
19715.0 24924.0 936.0 120.0 progressionists
20659.0 24996.0 24.0 44.0 ,
20784.0 24947.0 124.0 76.0 us
20996.0 24932.0 116.0 96.0 to
21204.0 24928.0 308.0 100.0 what
21600.0 24920.0 280.0 128.0 they

19040.0 25067.0 376.0 112.0 would
19460.0 25071.0 144.0 100.0 do
19652.0 25071.0 116.0 104.0 to
19851.0 25067.0 268.0 104.0 hold
20231.0 25063.0 292.0 108.0 their
20636.0 25063.0 576.0 108.0 followers
21323.0 25067.0 552.0 120.0 together.

19035.0 25215.0 328.0 104.0 Then
19416.0 25211.0 376.0 104.0 Baron
19848.0 25207.0 264.0 116.0 Yon
20168.0 25207.0 840.0 108.0 Frankenstein
21024.0 25279.0 28.0 52.0 ,
21107.0 25207.0 116.0 104.0 In
21279.0 25231.0 452.0 84.0 answer
21772.0 25207.0 124.0 112.0 to

19047.0 25359.0 376.0 104.0 whose
19472.0 25363.0 592.0 120.0 questions
20112.0 25355.0 340.0 104.0 about
20520.0 25355.0 188.0 100.0 the
20804.0 25351.0 188.0 104.0 the
21071.0 25355.0 396.0 100.0 center
21551.0 25351.0 312.0 128.0 party
21864.0 25371.0 28.0 100.0 )

19072.0 25503.0 188.0 104.0 the
19307.0 25499.0 420.0 104.0 second
19824.0 25499.0 124.0 100.0 of
20035.0 25496.0 192.0 108.0 the
20295.0 25519.0 256.0 80.0 now
20639.0 25492.0 444.0 104.0 famous
21124.0 25492.0 536.0 108.0 Jaeoblnl
21704.0 25496.0 172.0 112.0 let

19043.0 25652.0 224.0 100.0 teis
19319.0 25667.0 232.0 80.0 was
19596.0 25648.0 260.0 100.0 sent
19904.0 25656.0 112.0 88.0 to
20064.0 25639.0 188.0 104.0 the
20299.0 25635.0 332.0 128.0 papal
20683.0 25635.0 424.0 104.0 nuncio
21192.0 25648.0 120.0 92.0 at
21355.0 25635.0 468.0 108.0 Munich
21835.0 25703.0 44.0 60.0 ,

19047.0 25787.0 680.0 104.0 announced
19828.0 25791.0 248.0 100.0 that
20180.0 25779.0 188.0 108.0 the
20440.0 25787.0 392.0 96.0 center
20872.0 25775.0 232.0 108.0 still
21156.0 25779.0 468.0 108.0 favored
21672.0 25775.0 208.0 112.0 tha
22356.0 25851.0 16.0 28.0 ,
22376.0 25831.0 80.0 88.0 -f

19047.0 25931.0 316.0 104.0 three
19399.0 25923.0 364.0 128.0 years'
19816.0 25931.0 292.0 100.0 term
20115.0 25999.0 24.0 56.0 ,
20207.0 25923.0 212.0 104.0 but
20520.0 25923.0 344.0 116.0 being
20967.0 25923.0 124.0 104.0 In
21199.0 25951.0 72.0 76.0 a
21352.0 25919.0 540.0 120.0 hopeless
22352.0 25927.0 60.0 64.0 *
22400.0 25923.0 52.0 72.0 *

19055.0 26071.0 540.0 124.0 minority
19647.0 26067.0 372.0 108.0 would
20071.0 26075.0 204.0 96.0 not
20343.0 26071.0 256.0 100.0 vote
20692.0 26087.0 208.0 88.0 nor
20983.0 26067.0 356.0 124.0 speak
21447.0 26064.0 452.0 112.0 further

19052.0 26243.0 148.0 80.0 on
19251.0 26216.0 244.0 108.0 that
19535.0 26212.0 560.0 132.0 question.
20144.0 26212.0 284.0 104.0 This
20440.0 26287.0 24.0 48.0 ,
20515.0 26235.0 284.0 80.0 even
20816.0 26283.0 24.0 52.0 ,
20896.0 26235.0 232.0 80.0 was
21183.0 26216.0 204.0 100.0 not
21420.0 26195.0 472.0 132.0 enough'

19055.0 26367.0 124.0 100.0 to
19288.0 26359.0 264.0 108.0 hold
19664.0 26359.0 192.0 104.0 the
19960.0 26372.0 324.0 116.0 party
20396.0 26359.0 544.0 108.0 toetner.
21076.0 26355.0 344.0 104.0 After
21527.0 26355.0 140.0 104.0 ho
21719.0 26380.0 132.0 80.0 ia
21855.0 26351.0 56.0 132.0 (

19055.0 26507.0 336.0 108.0 down
19407.0 26579.0 24.0 56.0 ,
19487.0 26503.0 292.0 104.0 Herr
19831.0 26499.0 532.0 112.0 Audober
20364.0 26575.0 28.0 40.0 ,
20447.0 26531.0 64.0 76.0 a
20603.0 26495.0 512.0 112.0 Catholic
21219.0 26495.0 384.0 108.0 leader
21604.0 26571.0 28.0 56.0 ,
21687.0 26519.0 148.0 84.0 an

19064.0 26647.0 524.0 108.0 nuunced
19635.0 26643.0 240.0 108.0 that
19931.0 26647.0 136.0 108.0 ho
20120.0 26643.0 228.0 108.0 nnd
20392.0 26643.0 176.0 108.0 his
20671.0 26639.0 572.0 108.0 followeis
21296.0 26659.0 300.0 88.0 must
21639.0 26643.0 260.0 108.0 vote

19067.0 26799.0 176.0 100.0 for
19312.0 26795.0 188.0 104.0 the
19555.0 26792.0 784.0 120.0 "acptennate.
20355.0 26788.0 72.0 56.0 "

19191.0 26935.0 188.0 132.0 Up
19424.0 26952.0 116.0 92.0 to
19588.0 26935.0 228.0 104.0 this
19868.0 26935.0 324.0 124.0 point
20284.0 26935.0 188.0 104.0 the
20559.0 26927.0 644.0 112.0 discussion
21304.0 26927.0 220.0 108.0 had
21616.0 26927.0 296.0 112.0 been
22124.0 26935.0 20.0 28.0 '
22187.0 27007.0 20.0 36.0 ,
22364.0 26903.0 92.0 152.0 4

19072.0 27079.0 336.0 112.0 sharp
19452.0 27079.0 240.0 104.0 nnd
19732.0 27079.0 300.0 124.0 crisp
20071.0 27083.0 228.0 100.0 and
20352.0 27079.0 188.0 100.0 the
20588.0 27075.0 508.0 104.0 auditors
21139.0 27071.0 264.0 128.0 kept
21447.0 27067.0 436.0 108.0 silence
21879.0 27127.0 44.0 72.0 ,
22383.0 27087.0 32.0 36.0 '
22424.0 27063.0 28.0 44.0 '

19076.0 27227.0 196.0 104.0 but
19316.0 27223.0 392.0 128.0 seeing
19756.0 27223.0 188.0 104.0 the
19991.0 27219.0 360.0 108.0 revolt
20396.0 27223.0 128.0 100.0 of
20556.0 27223.0 188.0 100.0 the
20780.0 27219.0 388.0 104.0 center
21172.0 27287.0 28.0 56.0 ,
21251.0 27223.0 232.0 96.0 nnd
21551.0 27196.0 392.0 128.0 know'

19076.0 27391.0 200.0 100.0 ing
19319.0 27363.0 296.0 108.0 their
19680.0 27375.0 324.0 116.0 pirty
20059.0 27363.0 364.0 104.0 would
20479.0 27363.0 128.0 104.0 be
20688.0 27360.0 468.0 128.0 thereby
21199.0 27352.0 720.0 124.0 encouraged
22376.0 27383.0 88.0 124.0 jj

19079.0 27516.0 112.0 100.0 to
19239.0 27512.0 364.0 104.0 break
19656.0 27508.0 288.0 108.0 their
20035.0 27512.0 324.0 124.0 party
20447.0 27503.0 292.0 108.0 llne.s
20751.0 27579.0 24.0 48.0 ,
20864.0 27503.0 296.0 104.0 Heir
21240.0 27499.0 696.0 128.0 Bambergdi
22095.0 27508.0 12.0 12.0 '

19084.0 27651.0 224.0 120.0 nnd
19368.0 27655.0 324.0 104.0 other
19739.0 27647.0 936.0 136.0 progressionists
20728.0 27647.0 436.0 104.0 lenders
21840.0 27723.0 28.0 84.0 ,

19792.0 27815.0 748.0 88.0 I.osr'IIIKIII
20651.0 27811.0 584.0 88.0 IKJIl'KRS
21832.0 27815.0 36.0 72.0 i

19088.0 27943.0 228.0 108.0 und
19368.0 27943.0 356.0 128.0 began
19780.0 27967.0 148.0 80.0 an
19984.0 27935.0 508.0 132.0 impolite
20540.0 27931.0 352.0 124.0 abuse
20976.0 27935.0 128.0 108.0 ol
21204.0 27931.0 416.0 120.0 Prince
21707.0 27927.0 212.0 140.0 Dig

21755.0 28892.0 36.0 16.0 -
21871.0 28799.0 68.0 104.0 t
